<?xml version="1.0" encoding="UTF-8"?>
<!DOCTYPE html PUBLIC "-//W3C//DTD XHTML 1.0 Transitional//EN"
    "http://www.w3.org/TR/xhtml1/DTD/xhtml1-transitional.dtd">
<html xmlns="http://www.w3.org/1999/xhtml" xml:lang="en" lang="en">
 <head>
  <title>
</title>
<meta http-equiv="Content-Type" content="text/html;charset=utf-8" />
  <meta name='ocr-system' content='tesseract 3.04.00' />
  <meta name='ocr-capabilities' content='ocr_page ocr_carea ocr_par ocr_line ocrx_word'/>
</head>
<body>
  <div class='ocr_page' id='page_1' title='image "./patrologiaecurs01unkngoog_0564.png"; bbox 0 0 3892 6096; ppageno 0'>
   <div class='ocr_carea' id='block_1_1' title="bbox 112 276 1818 348">
    <p class='ocr_par' dir='ltr' id='par_1_1' title="bbox 112 276 1818 348">
     <span class='ocr_line' id='line_1_1' title="bbox 112 276 1818 348; baseline 0.009 -4"><span class='ocrx_word' id='word_1_1' title='bbox 112 276 197 345; x_wconf 78' lang='lat' dir='ltr'><strong>tuo</strong></span> <span class='ocrx_word' id='word_1_2' title='bbox 694 281 898 346; x_wconf 79' lang='lat' dir='ltr'><strong>caussam</strong></span> <span class='ocrx_word' id='word_1_3' title='bbox 920 278 1241 348; x_wconf 81' lang='lat' dir='ltr'><strong>sansrsouansrs</strong></span> <span class='ocrx_word' id='word_1_4' title='bbox 1746 282 1818 348; x_wconf 64' lang='lat' dir='ltr'><strong>titt</strong></span> 
     </span>
    </p>
   </div>
   <div class='ocr_carea' id='block_1_2' title="bbox 116 413 1821 1851">
    <p class='ocr_par' dir='ltr' id='par_1_2' title="bbox 117 413 1820 758">
     <span class='ocr_line' id='line_1_2' title="bbox 117 413 1817 490; baseline 0.001 -19"><span class='ocrx_word' id='word_1_5' title='bbox 117 413 216 471; x_wconf 84' lang='lat' dir='ltr'><strong>Ottcni</strong></span> <span class='ocrx_word' id='word_1_6' title='bbox 232 413 406 471; x_wconf 74' lang='lat' dir='ltr'><strong>calamitatis</strong></span> <span class='ocrx_word' id='word_1_7' title='bbox 420 419 508 471; x_wconf 83' lang='lat' dir='ltr'><strong>tante</strong></span> <span class='ocrx_word' id='word_1_8' title='bbox 529 431 618 472; x_wconf 88' lang='lat' dir='ltr'><strong>causa</strong></span> <span class='ocrx_word' id='word_1_9' title='bbox 633 416 777 482; x_wconf 78' lang='lat' dir='ltr'><strong>extiterat,</strong></span> <span class='ocrx_word' id='word_1_10' title='bbox 792 433 859 473; x_wconf 92' lang='lat' dir='ltr'><strong>cum</strong></span> <span class='ocrx_word' id='word_1_11' title='bbox 876 414 941 488; x_wconf 92' lang='lat' dir='ltr'><strong>plu·</strong></span> <span class='ocrx_word' id='word_1_12' title='bbox 957 418 985 482; x_wconf 76' lang='grc' dir='ltr'><strong>Α</strong></span> <span class='ocrx_word' id='word_1_13' title='bbox 999 418 1144 488; x_wconf 90' lang='lat' dir='ltr'><strong>gnem.lbi</strong></span> <span class='ocrx_word' id='word_1_14' title='bbox 1155 435 1273 490; x_wconf 91' lang='lat' dir='ltr'><strong>quoque</strong></span> <span class='ocrx_word' id='word_1_15' title='bbox 1288 418 1354 475; x_wconf 85' lang='lat' dir='ltr'><strong>Otto</strong></span> <span class='ocrx_word' id='word_1_16' title='bbox 1370 418 1429 474; x_wconf 89' lang='lat' dir='ltr'><strong>dux</strong></span> <span class='ocrx_word' id='word_1_17' title='bbox 1443 415 1649 490; x_wconf 72' lang='lat' dir='ltr'><strong>bajoariorum</strong></span> <span class='ocrx_word' id='word_1_18' title='bbox 1664 421 1736 489; x_wconf 87' lang='lat' dir='ltr'><strong>post</strong></span> <span class='ocrx_word' id='word_1_19' title='bbox 1751 414 1817 473; x_wconf 85' lang='lat' dir='ltr'><strong>iate·</strong></span> 
     </span>
     <span class='ocr_line' id='line_1_3' title="bbox 120 504 1817 580; baseline 0.002 -20"><span class='ocrx_word' id='word_1_20' title='bbox 120 504 186 560; x_wconf 86' lang='lat' dir='ltr'><strong>rimi</strong></span> <span class='ocrx_word' id='word_1_21' title='bbox 206 505 344 560; x_wconf 87' lang='lat' dir='ltr'><strong>adversus</strong></span> <span class='ocrx_word' id='word_1_22' title='bbox 359 521 426 560; x_wconf 90' lang='lat' dir='ltr'><strong>eum</strong></span> <span class='ocrx_word' id='word_1_23' title='bbox 439 522 488 574; x_wconf 89' lang='lat' dir='ltr'><strong>pro</strong></span> <span class='ocrx_word' id='word_1_24' title='bbox 499 506 620 577; x_wconf 86' lang='lat' dir='ltr'><strong>privatis</strong></span> <span class='ocrx_word' id='word_1_25' title='bbox 630 505 746 577; x_wconf 89' lang='lat' dir='ltr'><strong>injuriis</strong></span> <span class='ocrx_word' id='word_1_26' title='bbox 757 512 786 561; x_wconf 90' lang='lat' dir='ltr'><strong>et</strong></span> <span class='ocrx_word' id='word_1_27' title='bbox 797 506 945 577; x_wconf 81' lang='lat' dir='ltr'><strong>deprede·</strong></span> <span class='ocrx_word' id='word_1_28' title='bbox 999 522 1084 577; x_wconf 91' lang='lat' dir='ltr'><strong>grum</strong></span> <span class='ocrx_word' id='word_1_29' title='bbox 1100 524 1212 564; x_wconf 88' lang='lat' dir='ltr'><strong>annum</strong></span> <span class='ocrx_word' id='word_1_30' title='bbox 1226 507 1390 564; x_wconf 90' lang='lat' dir='ltr'><strong>dedicionis</strong></span> <span class='ocrx_word' id='word_1_31' title='bbox 1400 525 1459 564; x_wconf 83' lang='lat' dir='ltr'><strong>sue</strong></span> <span class='ocrx_word' id='word_1_32' title='bbox 1469 507 1598 580; x_wconf 87' lang='lat' dir='ltr'><strong>gratiam</strong></span> <span class='ocrx_word' id='word_1_33' title='bbox 1615 505 1697 578; x_wconf 85' lang='lat' dir='ltr'><strong>regie</strong></span> <span class='ocrx_word' id='word_1_34' title='bbox 1709 506 1817 578; x_wconf 81' lang='lat' dir='ltr'><strong>recepit.</strong></span> 
     </span>
     <span class='ocr_line' id='line_1_4' title="bbox 118 592 1820 670; baseline 0.001 -22"><span class='ocrx_word' id='word_1_35' title='bbox 118 592 250 649; x_wconf 77' lang='lat' dir='ltr'><strong>tionibus</strong></span> <span class='ocrx_word' id='word_1_36' title='bbox 266 592 369 649; x_wconf 80' lang='lat' dir='ltr'><strong>faciem</strong></span> <span class='ocrx_word' id='word_1_37' title='bbox 391 594 469 666; x_wconf 87' lang='lat' dir='ltr'><strong>regis</strong></span> <span class='ocrx_word' id='word_1_38' title='bbox 494 595 740 666; x_wconf 75' lang='lat' dir='ltr'><strong>interpellassent,</strong></span> <span class='ocrx_word' id='word_1_39' title='bbox 757 596 849 650; x_wconf 90' lang='lat' dir='ltr'><strong>teneri</strong></span> <span class='ocrx_word' id='word_1_40' title='bbox 865 595 943 662; x_wconf 85' lang='lat' dir='ltr'><strong>iecit,</strong></span> <span class='ocrx_word' id='word_1_41' title='bbox 998 596 1067 651; x_wconf 90' lang='lat' dir='ltr'><strong>data</strong></span> <span class='ocrx_word' id='word_1_42' title='bbox 1080 596 1125 651; x_wconf 89' lang='lat' dir='ltr'><strong>vel</strong></span> <span class='ocrx_word' id='word_1_43' title='bbox 1141 598 1202 670; x_wconf 87' lang='lat' dir='ltr'><strong>regi</strong></span> <span class='ocrx_word' id='word_1_44' title='bbox 1217 598 1260 653; x_wconf 86' lang='lat' dir='ltr'><strong>vel</strong></span> <span class='ocrx_word' id='word_1_45' title='bbox 1276 598 1322 653; x_wconf 91' lang='lat' dir='ltr'><strong>bis</strong></span> <span class='ocrx_word' id='word_1_46' title='bbox 1350 598 1399 669; x_wconf 92' lang='lat' dir='ltr'><strong>qui</strong></span> <span class='ocrx_word' id='word_1_47' title='bbox 1415 597 1475 669; x_wconf 88' lang='lat' dir='ltr'><strong>regi</strong></span> <span class='ocrx_word' id='word_1_48' title='bbox 1492 612 1544 669; x_wconf 89' lang='lat' dir='ltr'><strong>pro</strong></span> <span class='ocrx_word' id='word_1_49' title='bbox 1559 612 1595 652; x_wconf 89' lang='lat' dir='ltr'><strong>ec</strong></span> <span class='ocrx_word' id='word_1_50' title='bbox 1614 601 1820 668; x_wconf 71' lang='lat' dir='ltr'><strong>suggesserant</strong></span> 
     </span>
     <span class='ocr_line' id='line_1_5' title="bbox 118 682 1676 758; baseline 0.002 -23"><span class='ocrx_word' id='word_1_51' title='bbox 118 682 736 757; x_wconf 88' lang='lat' dir='ltr'><strong>eumquecatenisoncratumplerumquead</strong></span> <span class='ocrx_word' id='word_1_52' title='bbox 745 683 943 756; x_wconf 89' lang='lat' dir='ltr'><strong>spectaculum</strong></span> <span class='ocrx_word' id='word_1_53' title='bbox 998 700 1057 739; x_wconf 89' lang='lat' dir='ltr'><strong>non</strong></span> <span class='ocrx_word' id='word_1_54' title='bbox 1073 686 1187 741; x_wconf 89' lang='lat' dir='ltr'><strong>modica</strong></span> <span class='ocrx_word' id='word_1_55' title='bbox 1201 686 1333 758; x_wconf 86' lang='lat' dir='ltr'><strong>portione</strong></span> <span class='ocrx_word' id='word_1_56' title='bbox 1345 686 1519 758; x_wconf 71' lang='lat' dir='ltr'><strong>praediorum</strong></span> <span class='ocrx_word' id='word_1_57' title='bbox 1535 700 1676 741; x_wconf 87' lang='lat' dir='ltr'><strong>suorum.</strong></span> 
     </span>
    </p>

    <p class='ocr_par' dir='ltr' id='par_1_3' title="bbox 116 769 1821 1851">
     <span class='ocr_line' id='line_1_6' title="bbox 118 769 1820 845; baseline 0.002 -21"><span class='ocrx_word' id='word_1_58' title='bbox 118 769 197 842; x_wconf 92' lang='lat' dir='ltr'><strong>vulgi</strong></span> <span class='ocrx_word' id='word_1_59' title='bbox 207 770 311 826; x_wconf 91' lang='lat' dir='ltr'><strong>deduci</strong></span> <span class='ocrx_word' id='word_1_60' title='bbox 319 771 420 842; x_wconf 89' lang='lat' dir='ltr'><strong>jussit,</strong></span> <span class='ocrx_word' id='word_1_61' title='bbox 444 771 477 828; x_wconf 86' lang='lat' dir='ltr'><strong>ad</strong></span> <span class='ocrx_word' id='word_1_62' title='bbox 491 774 713 845; x_wconf 79' lang='lat' dir='ltr'><strong>gratificandam</strong></span> <span class='ocrx_word' id='word_1_63' title='bbox 730 773 942 845; x_wconf 88' lang='lat' dir='ltr'><strong>scilicelpopu·</strong></span> <span class='ocrx_word' id='word_1_64' title='bbox 1034 774 1092 829; x_wconf 87' lang='lat' dir='ltr'><strong>Rex</strong></span> <span class='ocrx_word' id='word_1_65' title='bbox 1107 775 1136 828; x_wconf 88' lang='lat' dir='ltr'><strong>in</strong></span> <span class='ocrx_word' id='word_1_66' title='bbox 1164 775 1313 830; x_wconf 83' lang='lat' dir='ltr'><strong>nativitate</strong></span> <span class='ocrx_word' id='word_1_67' title='bbox 1338 775 1430 830; x_wconf 88' lang='lat' dir='ltr'><strong>sancti</strong></span> <span class='ocrx_word' id='word_1_68' title='bbox 1454 773 1558 830; x_wconf 80' lang='lat' dir='ltr'><strong>iacobi</strong></span> <span class='ocrx_word' id='word_1_69' title='bbox 1583 773 1655 839; x_wconf 76' lang='lat' dir='ltr'><strong>(lul.</strong></span> <span class='ocrx_word' id='word_1_70' title='bbox 1680 773 1728 842; x_wconf 71' lang='lat'><strong>25)</strong></span> <span class='ocrx_word' id='word_1_71' title='bbox 1743 775 1820 827; x_wconf 82' lang='lat' dir='ltr'><strong>War-</strong></span> 
     </span>
     <span class='ocr_line' id='line_1_7' title="bbox 116 858 1820 935; baseline 0.002 -21"><span class='ocrx_word' id='word_1_72' title='bbox 116 858 223 915; x_wconf 89' lang='lat' dir='ltr'><strong>larium</strong></span> <span class='ocrx_word' id='word_1_73' title='bbox 252 861 360 916; x_wconf 88' lang='lat' dir='ltr'><strong>animis</strong></span> <span class='ocrx_word' id='word_1_74' title='bbox 385 862 494 933; x_wconf 81' lang='lat' dir='ltr'><strong>regiam</strong></span> <span class='ocrx_word' id='word_1_75' title='bbox 524 863 715 918; x_wconf 87' lang='lat' dir='ltr'><strong>severitatem.</strong></span> <span class='ocrx_word' id='word_1_76' title='bbox 745 863 943 918; x_wconf 89' lang='lat' dir='ltr'><strong>Postremoeo</strong></span> <span class='ocrx_word' id='word_1_77' title='bbox 999 863 1097 917; x_wconf 83' lang='lat' dir='ltr'><strong>macie</strong></span> <span class='ocrx_word' id='word_1_78' title='bbox 1113 865 1239 919; x_wconf 85' lang='lat' dir='ltr'><strong>occurrit</strong></span> <span class='ocrx_word' id='word_1_79' title='bbox 1259 863 1343 919; x_wconf 88' lang='lat' dir='ltr'><strong>matri</strong></span> <span class='ocrx_word' id='word_1_80' title='bbox 1361 879 1421 919; x_wconf 80' lang='lat' dir='ltr'><strong>suae</strong></span> <span class='ocrx_word' id='word_1_81' title='bbox 1443 861 1548 935; x_wconf 80' lang='lat' dir='ltr'><strong>Agneti</strong></span> <span class='ocrx_word' id='word_1_82' title='bbox 1574 860 1773 933; x_wconf 77' lang='lat' dir='ltr'><strong>imperatrici,</strong></span> <span class='ocrx_word' id='word_1_83' title='bbox 1792 861 1820 918; x_wconf 86' lang='lat' dir='ltr'><strong>ds</strong></span> 
     </span>
     <span class='ocr_line' id='line_1_8' title="bbox 118 949 1820 1025; baseline 0.002 -22"><span class='ocrx_word' id='word_1_84' title='bbox 118 949 329 1018; x_wconf 87' lang='lat' dir='ltr'><strong>moderamine,</strong></span> <span class='ocrx_word' id='word_1_85' title='bbox 356 967 389 1005; x_wconf 89' lang='lat' dir='ltr'><strong>ea</strong></span> <span class='ocrx_word' id='word_1_86' title='bbox 413 952 559 1007; x_wconf 87' lang='lat' dir='ltr'><strong>industria</strong></span> <span class='ocrx_word' id='word_1_87' title='bbox 584 957 671 1023; x_wconf 89' lang='lat' dir='ltr'><strong>atque</strong></span> <span class='ocrx_word' id='word_1_88' title='bbox 695 952 867 1007; x_wconf 88' lang='lat' dir='ltr'><strong>auctoritate</strong></span> <span class='ocrx_word' id='word_1_89' title='bbox 882 968 943 1007; x_wconf 91' lang='lat' dir='ltr'><strong>rem</strong></span> <span class='ocrx_word' id='word_1_90' title='bbox 997 951 1200 1024; x_wconf 86' lang='lat' dir='ltr'><strong>Transalpinis</strong></span> <span class='ocrx_word' id='word_1_91' title='bbox 1216 954 1352 1025; x_wconf 91' lang='lat' dir='ltr'><strong>partibus</strong></span> <span class='ocrx_word' id='word_1_92' title='bbox 1371 951 1524 1017; x_wconf 86' lang='lat' dir='ltr'><strong>redeunti;</strong></span> <span class='ocrx_word' id='word_1_93' title='bbox 1543 950 1594 1006; x_wconf 91' lang='lat' dir='ltr'><strong>ubi</strong></span> <span class='ocrx_word' id='word_1_94' title='bbox 1610 967 1667 1006; x_wconf 85' lang='lat' dir='ltr'><strong>sex</strong></span> <span class='ocrx_word' id='word_1_95' title='bbox 1683 957 1737 1006; x_wconf 83' lang='lat' dir='ltr'><strong>aut</strong></span> <span class='ocrx_word' id='word_1_96' title='bbox 1749 951 1782 985; x_wconf 73' lang='lat'><strong>⁷⁸⁸</strong></span> <span class='ocrx_word' id='word_1_97' title='bbox 1793 965 1820 1006; x_wconf 80' lang='lat' dir='ltr'><strong>sa</strong></span> 
     </span>
     <span class='ocr_line' id='line_1_9' title="bbox 118 1038 1818 1112; baseline 0.001 -20"><span class='ocrx_word' id='word_1_98' title='bbox 118 1039 271 1104; x_wconf 86' lang='lat' dir='ltr'><strong>tractabat,</strong></span> <span class='ocrx_word' id='word_1_99' title='bbox 288 1045 321 1094; x_wconf 88' lang='lat' dir='ltr'><strong>ut</strong></span> <span class='ocrx_word' id='word_1_100' title='bbox 330 1040 459 1112; x_wconf 89' lang='lat' dir='ltr'><strong>prolecto</strong></span> <span class='ocrx_word' id='word_1_101' title='bbox 472 1040 646 1111; x_wconf 80' lang='lat' dir='ltr'><strong>ambigeres,</strong></span> <span class='ocrx_word' id='word_1_102' title='bbox 658 1040 817 1112; x_wconf 83' lang='lat' dir='ltr'><strong>pontificali</strong></span> <span class='ocrx_word' id='word_1_103' title='bbox 828 1057 894 1097; x_wconf 90' lang='lat' dir='ltr'><strong>eum</strong></span> <span class='ocrx_word' id='word_1_104' title='bbox 907 1058 943 1096; x_wconf 88' lang='lat' dir='ltr'><strong>an</strong></span> <span class='ocrx_word' id='word_1_105' title='bbox 998 1040 1125 1112; x_wconf 87' lang='lat' dir='ltr'><strong>amplius</strong></span> <span class='ocrx_word' id='word_1_106' title='bbox 1137 1058 1230 1097; x_wconf 88' lang='lat' dir='ltr'><strong>annos</strong></span> <span class='ocrx_word' id='word_1_107' title='bbox 1237 1042 1300 1112; x_wconf 91' lang='lat' dir='ltr'><strong>jam</strong></span> <span class='ocrx_word' id='word_1_108' title='bbox 1312 1040 1462 1096; x_wconf 88' lang='lat' dir='ltr'><strong>demorata</strong></span> <span class='ocrx_word' id='word_1_109' title='bbox 1472 1040 1580 1105; x_wconf 85' lang='lat' dir='ltr'><strong>luerat,</strong></span> <span class='ocrx_word' id='word_1_110' title='bbox 1591 1038 1655 1094; x_wconf 90' lang='lat' dir='ltr'><strong>sub</strong></span> <span class='ocrx_word' id='word_1_111' title='bbox 1670 1038 1764 1094; x_wconf 86' lang='lat' dir='ltr'><strong>nimie</strong></span> <span class='ocrx_word' id='word_1_112' title='bbox 1775 1055 1818 1094; x_wconf 86' lang='lat' dir='ltr'><strong>aa·</strong></span> 
     </span>
     <span class='ocr_line' id='line_1_10' title="bbox 120 1129 1818 1203; baseline 0.002 -22"><span class='ocrx_word' id='word_1_113' title='bbox 120 1129 199 1198; x_wconf 91' lang='lat' dir='ltr'><strong>regio</strong></span> <span class='ocrx_word' id='word_1_114' title='bbox 216 1131 334 1185; x_wconf 84' lang='lat' dir='ltr'><strong>nornine</strong></span> <span class='ocrx_word' id='word_1_115' title='bbox 358 1129 521 1202; x_wconf 79' lang='lat' dir='ltr'><strong>digniorem</strong></span> <span class='ocrx_word' id='word_1_116' title='bbox 542 1129 702 1200; x_wconf 87' lang='lat' dir='ltr'><strong>judicares,</strong></span> <span class='ocrx_word' id='word_1_117' title='bbox 729 1136 816 1201; x_wconf 91' lang='lat' dir='ltr'><strong>atque</strong></span> <span class='ocrx_word' id='word_1_118' title='bbox 832 1131 859 1184; x_wconf 90' lang='lat' dir='ltr'><strong>in</strong></span> <span class='ocrx_word' id='word_1_119' title='bbox 877 1147 943 1203; x_wconf 77' lang='lat' dir='ltr'><strong>rege</strong></span> <span class='ocrx_word' id='word_1_120' title='bbox 997 1130 1128 1187; x_wconf 90' lang='lat' dir='ltr'><strong>steritate</strong></span> <span class='ocrx_word' id='word_1_121' title='bbox 1142 1131 1232 1185; x_wconf 88' lang='lat' dir='ltr'><strong>vitam</strong></span> <span class='ocrx_word' id='word_1_122' title='bbox 1248 1130 1418 1196; x_wconf 89' lang='lat' dir='ltr'><strong>instituens,</strong></span> <span class='ocrx_word' id='word_1_123' title='bbox 1434 1130 1505 1185; x_wconf 90' lang='lat' dir='ltr'><strong>adeo</strong></span> <span class='ocrx_word' id='word_1_124' title='bbox 1528 1129 1565 1164; x_wconf 78' lang='lat'><strong>⁸⁰⁰</strong></span> <span class='ocrx_word' id='word_1_125' title='bbox 1588 1133 1626 1183; x_wconf 90' lang='lat' dir='ltr'><strong>ut</strong></span> <span class='ocrx_word' id='word_1_126' title='bbox 1641 1143 1818 1185; x_wconf 75' lang='lat' dir='ltr'><strong>communen</strong></span> 
     </span>
     <span class='ocr_line' id='line_1_11' title="bbox 119 1215 1819 1292; baseline 0.001 -22"><span class='ocrx_word' id='word_1_127' title='bbox 119 1215 193 1288; x_wconf 90' lang='lat' dir='ltr'><strong>ipso,</strong></span> <span class='ocrx_word' id='word_1_128' title='bbox 210 1217 260 1289; x_wconf 91' lang='lat' dir='ltr'><strong>qui</strong></span> <span class='ocrx_word' id='word_1_129' title='bbox 277 1218 305 1272; x_wconf 89' lang='lat' dir='ltr'><strong>ia</strong></span> <span class='ocrx_word' id='word_1_130' title='bbox 323 1217 404 1272; x_wconf 91' lang='lat' dir='ltr'><strong>cultu</strong></span> <span class='ocrx_word' id='word_1_131' title='bbox 420 1223 508 1289; x_wconf 89' lang='lat' dir='ltr'><strong>atque</strong></span> <span class='ocrx_word' id='word_1_132' title='bbox 527 1218 660 1274; x_wconf 88' lang='lat' dir='ltr'><strong>socordia</strong></span> <span class='ocrx_word' id='word_1_133' title='bbox 676 1235 748 1291; x_wconf 89' lang='lat' dir='ltr'><strong>pene</strong></span> <span class='ocrx_word' id='word_1_134' title='bbox 766 1236 892 1292; x_wconf 80' lang='lat' dir='ltr'><strong>preceps</strong></span> <span class='ocrx_word' id='word_1_135' title='bbox 904 1220 943 1275; x_wconf 92' lang='lat' dir='ltr'><strong>ie·</strong></span> <span class='ocrx_word' id='word_1_136' title='bbox 997 1218 1194 1275; x_wconf 88' lang='lat' dir='ltr'><strong>humanarum</strong></span> <span class='ocrx_word' id='word_1_137' title='bbox 1211 1219 1317 1274; x_wconf 89' lang='lat' dir='ltr'><strong>virium</strong></span> <span class='ocrx_word' id='word_1_138' title='bbox 1344 1233 1511 1274; x_wconf 89' lang='lat' dir='ltr'><strong>mensuram</strong></span> <span class='ocrx_word' id='word_1_139' title='bbox 1532 1217 1695 1273; x_wconf 81' lang='lat' dir='ltr'><strong>excederet</strong></span> <span class='ocrx_word' id='word_1_140' title='bbox 1704 1217 1819 1288; x_wconf 77' lang='lat' dir='ltr'><strong>jejunia</strong></span> 
     </span>
     <span class='ocr_line' id='line_1_12' title="bbox 121 1306 1820 1381; baseline 0.001 -20"><span class='ocrx_word' id='word_1_141' title='bbox 121 1311 176 1371; x_wconf 89' lang='lat' dir='ltr'><strong>rat,</strong></span> <span class='ocrx_word' id='word_1_142' title='bbox 192 1313 343 1378; x_wconf 89' lang='lat' dir='ltr'><strong>paternam</strong></span> <span class='ocrx_word' id='word_1_143' title='bbox 358 1308 494 1362; x_wconf 87' lang='lat' dir='ltr'><strong>virtutem</strong></span> <span class='ocrx_word' id='word_1_144' title='bbox 506 1311 534 1362; x_wconf 90' lang='lat' dir='ltr'><strong>cl</strong></span> <span class='ocrx_word' id='word_1_145' title='bbox 547 1308 582 1344; x_wconf 70' lang='lat'><strong>³⁸³</strong></span> <span class='ocrx_word' id='word_1_146' title='bbox 597 1312 733 1380; x_wconf 89' lang='lat' dir='ltr'><strong>paternos</strong></span> <span class='ocrx_word' id='word_1_147' title='bbox 749 1325 846 1364; x_wconf 90' lang='lat' dir='ltr'><strong>mores</strong></span> <span class='ocrx_word' id='word_1_148' title='bbox 865 1307 943 1364; x_wconf 80' lang='lat' dir='ltr'><strong>brevi</strong></span> <span class='ocrx_word' id='word_1_149' title='bbox 998 1324 1063 1362; x_wconf 94' lang='lat' dir='ltr'><strong>rum</strong></span> <span class='ocrx_word' id='word_1_150' title='bbox 1088 1324 1121 1363; x_wconf 88' lang='lat' dir='ltr'><strong>sc</strong></span> <span class='ocrx_word' id='word_1_151' title='bbox 1149 1307 1315 1381; x_wconf 87' lang='lat' dir='ltr'><strong>vigiliarum</strong></span> <span class='ocrx_word' id='word_1_152' title='bbox 1344 1307 1494 1379; x_wconf 88' lang='lat' dir='ltr'><strong>patientia.</strong></span> <span class='ocrx_word' id='word_1_153' title='bbox 1515 1306 1712 1363; x_wconf 82' lang='lat' dir='ltr'><strong>Reversionis</strong></span> <span class='ocrx_word' id='word_1_154' title='bbox 1737 1311 1820 1362; x_wconf 81' lang='lat' dir='ltr'><strong>autam</strong></span> 
     </span>
     <span class='ocr_line' id='line_1_13' title="bbox 120 1393 1820 1468; baseline -0.001 -18"><span class='ocrx_word' id='word_1_155' title='bbox 120 1395 324 1451; x_wconf 87' lang='lat' dir='ltr'><strong>exsuscitaret.</strong></span> <span class='ocrx_word' id='word_1_156' title='bbox 998 1397 1061 1468; x_wconf 73' lang='lat' dir='ltr'><strong>eJus</strong></span> <span class='ocrx_word' id='word_1_157' title='bbox 1077 1397 1106 1450; x_wconf 90' lang='lat' dir='ltr'><strong>in</strong></span> <span class='ocrx_word' id='word_1_158' title='bbox 1122 1395 1245 1452; x_wconf 80' lang='lat' dir='ltr'><strong>Galliam</strong></span> <span class='ocrx_word' id='word_1_159' title='bbox 1261 1396 1322 1452; x_wconf 83' lang='lat' dir='ltr'><strong>bec</strong></span> <span class='ocrx_word' id='word_1_160' title='bbox 1338 1411 1427 1450; x_wconf 86' lang='lat' dir='ltr'><strong>causa</strong></span> <span class='ocrx_word' id='word_1_161' title='bbox 1445 1400 1517 1451; x_wconf 87' lang='lat' dir='ltr'><strong>erat.</strong></span> <span class='ocrx_word' id='word_1_162' title='bbox 1534 1393 1710 1450; x_wconf 83' lang='lat' dir='ltr'><strong>Ruodollus</strong></span> <span class='ocrx_word' id='word_1_163' title='bbox 1723 1394 1758 1430; x_wconf 80' lang='lat'><strong>⁸⁸¹</strong></span> <span class='ocrx_word' id='word_1_164' title='bbox 1772 1393 1820 1449; x_wconf 83' lang='lat' dir='ltr'><strong>dar</strong></span> 
     </span>
     <span class='ocr_line' id='line_1_14' title="bbox 118 1483 1821 1557; baseline 0 -19"><span class='ocrx_word' id='word_1_165' title='bbox 118 1503 121 1507; x_wconf 62' lang='grc'>’</span> <span class='ocrx_word' id='word_1_166' title='bbox 158 1484 944 1557; x_wconf 71' lang='lat' dir='ltr'><strong>RexAquisgranitttprolectus‚eanctumSpeum(278)</strong></span> <span class='ocrx_word' id='word_1_167' title='bbox 997 1485 1247 1556; x_wconf 69' lang='lat' dir='ltr'><strong>Sueviaeitttdlsb</strong></span> <span class='ocrx_word' id='word_1_168' title='bbox 1272 1484 1319 1540; x_wconf 91' lang='lat' dir='ltr'><strong>bis</strong></span> <span class='ocrx_word' id='word_1_169' title='bbox 1342 1483 1821 1554; x_wconf 73' lang='lat' dir='ltr'><strong>quieimaleeonsultumcup&#39;e·</strong></span> 
     </span>
     <span class='ocr_line' id='line_1_15' title="bbox 120 1572 1820 1645; baseline 0 -18"><span class='ocrx_word' id='word_1_170' title='bbox 120 1572 318 1629; x_wconf 80' lang='lat' dir='ltr'><strong>confessorem</strong></span> <span class='ocrx_word' id='word_1_171' title='bbox 341 1579 368 1629; x_wconf 84' lang='lat' dir='ltr'><strong>et</strong></span> <span class='ocrx_word' id='word_1_172' title='bbox 396 1574 549 1630; x_wconf 88' lang='lat' dir='ltr'><strong>brachium</strong></span> <span class='ocrx_word' id='word_1_173' title='bbox 575 1575 650 1645; x_wconf 90' lang='lat' dir='ltr'><strong>justi</strong></span> <span class='ocrx_word' id='word_1_174' title='bbox 677 1575 832 1642; x_wconf 86' lang='lat' dir='ltr'><strong>Simeonis,</strong></span> <span class='ocrx_word' id='word_1_175' title='bbox 857 1575 944 1645; x_wconf 89' lang='lat' dir='ltr'><strong>cujus</strong></span> <span class='ocrx_word' id='word_1_176' title='bbox 998 1574 1067 1629; x_wconf 89' lang='lat' dir='ltr'><strong>bant</strong></span> <span class='ocrx_word' id='word_1_177' title='bbox 1086 1579 1241 1630; x_wconf 87' lang='lat' dir='ltr'><strong>accusatus</strong></span> <span class='ocrx_word' id='word_1_178' title='bbox 1264 1573 1342 1645; x_wconf 89' lang='lat' dir='ltr'><strong>apud</strong></span> <span class='ocrx_word' id='word_1_179' title='bbox 1358 1589 1456 1645; x_wconf 88' lang='lat' dir='ltr'><strong>regem</strong></span> <span class='ocrx_word' id='word_1_180' title='bbox 1475 1573 1571 1628; x_wconf 81' lang='lat' dir='ltr'><strong>luerat</strong></span> <span class='ocrx_word' id='word_1_181' title='bbox 1586 1572 1673 1645; x_wconf 87' lang='lat' dir='ltr'><strong>quod</strong></span> <span class='ocrx_word' id='word_1_182' title='bbox 1698 1572 1820 1644; x_wconf 74' lang='lat' dir='ltr'><strong>iniquum</strong></span> 
     </span>
     <span class='ocr_line' id='line_1_16' title="bbox 121 1660 1819 1735; baseline 0 -19"><span class='ocrx_word' id='word_1_183' title='bbox 121 1662 944 1735; x_wconf 72' lang='lat' dir='ltr'><strong>mentioestinsvangelimetcaputAnastasiimonachi</strong></span> <span class='ocrx_word' id='word_1_184' title='bbox 999 1662 1108 1735; x_wconf 87' lang='lat' dir='ltr'><strong>aliquid</strong></span> <span class='ocrx_word' id='word_1_185' title='bbox 1139 1668 1352 1733; x_wconf 89' lang='lat' dir='ltr'><strong>contraregem</strong></span> <span class='ocrx_word' id='word_1_186' title='bbox 1394 1665 1555 1734; x_wconf 85' lang='lat' dir='ltr'><strong>contraque</strong></span> <span class='ocrx_word' id='word_1_187' title='bbox 1585 1676 1653 1717; x_wconf 89' lang='lat' dir='ltr'><strong>rem</strong></span> <span class='ocrx_word' id='word_1_188' title='bbox 1683 1660 1819 1734; x_wconf 79' lang='lat' dir='ltr'><strong>publicam</strong></span> 
     </span>
     <span class='ocr_line' id='line_1_17' title="bbox 120 1748 1818 1851; baseline -0.001 -44"><span class='ocrx_word' id='word_1_189' title='bbox 120 1749 476 1822; x_wconf 88' lang='lat' dir='ltr'><strong>etmartirisaliorumque</strong></span> <span class='ocrx_word' id='word_1_190' title='bbox 489 1755 656 1806; x_wconf 86' lang='lat' dir='ltr'><strong>sanctorum</strong></span> <span class='ocrx_word' id='word_1_191' title='bbox 668 1750 805 1823; x_wconf 85' lang='lat' dir='ltr'><strong>reliquias</strong></span> <span class='ocrx_word' id='word_1_192' title='bbox 816 1751 941 1807; x_wconf 85' lang='lat' dir='ltr'><strong>ibiacce-</strong></span> <span class='ocrx_word' id='word_1_193' title='bbox 961 1785 984 1851; x_wconf 73' lang='lat' dir='ltr'>B</span> <span class='ocrx_word' id='word_1_194' title='bbox 999 1751 1171 1819; x_wconf 79' lang='lat' dir='ltr'><strong>moliretur3</strong></span> <span class='ocrx_word' id='word_1_195' title='bbox 1197 1750 1407 1824; x_wconf 91' lang='lat' dir='ltr'><strong>propterquod</strong></span> <span class='ocrx_word' id='word_1_196' title='bbox 1423 1749 1552 1806; x_wconf 82' lang='lat' dir='ltr'><strong>assiduis</strong></span> <span class='ocrx_word' id='word_1_197' title='bbox 1575 1748 1818 1823; x_wconf 75' lang='lat' dir='ltr'><strong>legationibusai</strong></span> 
     </span>
    </p>
   </div>
   <div class='ocr_carea' id='block_1_3' title="bbox 5 1838 1817 1913">
    <p class='ocr_par' dir='ltr' id='par_1_4' title="bbox 5 1838 1817 1913">
     <span class='ocr_line' id='line_1_18' title="bbox 5 1838 1817 1913; baseline -0.001 -20"><span class='ocrx_word' id='word_1_198' title='bbox 5 1860 10 1870; x_wconf 91' lang='lat'><strong>·</strong></span> <span class='ocrx_word' id='word_1_199' title='bbox 122 1838 947 1912; x_wconf 68' lang='lat' dir='ltr'><strong>pilatqueinHasterburcttttranstulitl&#39;reverisquoque</strong></span> <span class='ocrx_word' id='word_1_200' title='bbox 1000 1841 1107 1897; x_wconf 89' lang='lat' dir='ltr'><strong>curtim</strong></span> <span class='ocrx_word' id='word_1_201' title='bbox 1124 1840 1243 1913; x_wconf 89' lang='lat' dir='ltr'><strong>regiam,</strong></span> <span class='ocrx_word' id='word_1_202' title='bbox 1264 1843 1429 1895; x_wconf 89' lang='lat' dir='ltr'><strong>utcausam</strong></span> <span class='ocrx_word' id='word_1_203' title='bbox 1454 1838 1576 1904; x_wconf 86' lang='lat' dir='ltr'><strong>diceret,</strong></span> <span class='ocrx_word' id='word_1_204' title='bbox 1600 1838 1817 1894; x_wconf 85' lang='lat' dir='ltr'><strong>accersiebatur.</strong></span> 
     </span>
    </p>
   </div>
   <div class='ocr_carea' id='block_1_4' title="bbox 118 1922 1863 4494">
    <p class='ocr_par' dir='ltr' id='par_1_5' title="bbox 118 1922 1863 3960">
     <span class='ocr_line' id='line_1_19' title="bbox 122 1922 1817 2001; baseline 0 -19"><span class='ocrx_word' id='word_1_205' title='bbox 122 1928 200 1999; x_wconf 87' lang='lat' dir='ltr'><strong>apud</strong></span> <span class='ocrx_word' id='word_1_206' title='bbox 223 1922 371 1983; x_wconf 86' lang='lat' dir='ltr'><strong>Sanctum</strong></span> <span class='ocrx_word' id='word_1_207' title='bbox 395 1927 549 1983; x_wconf 85' lang='lat' dir='ltr'><strong>Paulinum</strong></span> <span class='ocrx_word' id='word_1_208' title='bbox 574 1929 607 1984; x_wconf 83' lang='lat'><strong>13</strong></span> <span class='ocrx_word' id='word_1_209' title='bbox 631 1944 752 2001; x_wconf 89' lang='lat' dir='ltr'><strong>corpora</strong></span> <span class='ocrx_word' id='word_1_210' title='bbox 776 1935 945 1985; x_wconf 88' lang='lat' dir='ltr'><strong>sanctorum</strong></span> <span class='ocrx_word' id='word_1_211' title='bbox 999 1930 1054 1986; x_wconf 83' lang='lat' dir='ltr'><strong>Sed</strong></span> <span class='ocrx_word' id='word_1_212' title='bbox 1084 1929 1142 1993; x_wconf 89' lang='lat' dir='ltr'><strong>ille,</strong></span> <span class='ocrx_word' id='word_1_213' title='bbox 1159 1929 1227 1985; x_wconf 90' lang='lat' dir='ltr'><strong>licet</strong></span> <span class='ocrx_word' id='word_1_214' title='bbox 1248 1929 1284 1983; x_wconf 87' lang='lat' dir='ltr'><strong>ab</strong></span> <span class='ocrx_word' id='word_1_215' title='bbox 1310 1926 1396 2000; x_wconf 90' lang='lat' dir='ltr'><strong>culpa</strong></span> <span class='ocrx_word' id='word_1_216' title='bbox 1414 1926 1652 1984; x_wconf 84' lang='lat' dir='ltr'><strong>remotissimum</strong></span> <span class='ocrx_word' id='word_1_217' title='bbox 1680 1942 1715 1982; x_wconf 86' lang='lat' dir='ltr'><strong>se</strong></span> <span class='ocrx_word' id='word_1_218' title='bbox 1737 1926 1817 1993; x_wconf 75' lang='lat' dir='ltr'><strong>sciret</strong></span> 
     </span>
     <span class='ocr_line' id='line_1_20' title="bbox 124 2014 1817 2090; baseline 0.001 -20"><span class='ocrx_word' id='word_1_219' title='bbox 124 2014 257 2082; x_wconf 73' lang='lat' dir='ltr'><strong>Thebes,</strong></span> <span class='ocrx_word' id='word_1_220' title='bbox 275 2021 306 2071; x_wconf 90' lang='lat' dir='ltr'><strong>ut</strong></span> <span class='ocrx_word' id='word_1_221' title='bbox 320 2020 440 2088; x_wconf 86' lang='lat' dir='ltr'><strong>putatur</strong></span> <span class='ocrx_word' id='word_1_222' title='bbox 452 2018 496 2083; x_wconf 64' lang='lat'><strong>³⁸⁸,</strong></span> <span class='ocrx_word' id='word_1_223' title='bbox 511 2016 634 2084; x_wconf 73' lang='lat' dir='ltr'><strong>legionis</strong></span> <span class='ocrx_word' id='word_1_224' title='bbox 649 2025 761 2089; x_wconf 83' lang='lat' dir='ltr'><strong>reperta</strong></span> <span class='ocrx_word' id='word_1_225' title='bbox 775 2022 854 2086; x_wconf 89' lang='lat' dir='ltr'><strong>sunt,</strong></span> <span class='ocrx_word' id='word_1_226' title='bbox 871 2033 946 2090; x_wconf 91' lang='lat' dir='ltr'><strong>quo·</strong></span> <span class='ocrx_word' id='word_1_227' title='bbox 998 2017 1176 2073; x_wconf 90' lang='lat' dir='ltr'><strong>conterritus</strong></span> <span class='ocrx_word' id='word_1_228' title='bbox 1191 2022 1288 2072; x_wconf 89' lang='lat' dir='ltr'><strong>tamen</strong></span> <span class='ocrx_word' id='word_1_229' title='bbox 1313 2016 1396 2072; x_wconf 91' lang='lat' dir='ltr'><strong>ducis</strong></span> <span class='ocrx_word' id='word_1_230' title='bbox 1418 2016 1557 2087; x_wconf 71' lang='lat' dir='ltr'><strong>baioariae</strong></span> <span class='ocrx_word' id='word_1_231' title='bbox 1583 2015 1708 2072; x_wconf 84' lang='lat' dir='ltr'><strong>Ottcnis</strong></span> <span class='ocrx_word' id='word_1_232' title='bbox 1728 2014 1817 2071; x_wconf 79' lang='lat' dir='ltr'><strong>recast&#39;</strong></span> 
     </span>
     <span class='ocr_line' id='line_1_21' title="bbox 122 2104 1818 2178; baseline 0.002 -19"><span class='ocrx_word' id='word_1_233' title='bbox 122 2118 187 2160; x_wconf 91' lang='lat' dir='ltr'><strong>rum</strong></span> <span class='ocrx_word' id='word_1_234' title='bbox 197 2105 231 2140; x_wconf 77' lang='lat'><strong>⁷⁸⁰</strong></span> <span class='ocrx_word' id='word_1_235' title='bbox 246 2104 306 2160; x_wconf 80' lang='lat' dir='ltr'><strong>bac</strong></span> <span class='ocrx_word' id='word_1_236' title='bbox 321 2106 451 2172; x_wconf 89' lang='lat' dir='ltr'><strong>nomina,</strong></span> <span class='ocrx_word' id='word_1_237' title='bbox 466 2105 496 2160; x_wconf 93' lang='lat' dir='ltr'><strong>in</strong></span> <span class='ocrx_word' id='word_1_238' title='bbox 510 2105 619 2161; x_wconf 90' lang='lat' dir='ltr'><strong>tabulis</strong></span> <span class='ocrx_word' id='word_1_239' title='bbox 633 2104 779 2178; x_wconf 91' lang='lat' dir='ltr'><strong>plumbeis</strong></span> <span class='ocrx_word' id='word_1_240' title='bbox 795 2107 869 2177; x_wconf 85' lang='grc'>(578)</span> <span class='ocrx_word' id='word_1_241' title='bbox 882 2123 947 2161; x_wconf 87' lang='lat' dir='ltr'><strong>oon·</strong></span> <span class='ocrx_word' id='word_1_242' title='bbox 1000 2106 1132 2178; x_wconf 87' lang='lat' dir='ltr'><strong>exemplo</strong></span> <span class='ocrx_word' id='word_1_243' title='bbox 1146 2110 1176 2163; x_wconf 90' lang='lat' dir='ltr'><strong>et</strong></span> <span class='ocrx_word' id='word_1_244' title='bbox 1194 2105 1322 2163; x_wconf 88' lang='lat' dir='ltr'><strong>aliorum</strong></span> <span class='ocrx_word' id='word_1_245' title='bbox 1346 2107 1542 2176; x_wconf 88' lang='lat' dir='ltr'><strong>quorundam,</strong></span> <span class='ocrx_word' id='word_1_246' title='bbox 1567 2121 1647 2178; x_wconf 90' lang='lat' dir='ltr'><strong>quos</strong></span> <span class='ocrx_word' id='word_1_247' title='bbox 1674 2121 1727 2162; x_wconf 85' lang='lat' dir='ltr'><strong>rex</strong></span> <span class='ocrx_word' id='word_1_248' title='bbox 1740 2105 1818 2178; x_wconf 77' lang='lat' dir='ltr'><strong>presi</strong></span> 
     </span>
     <span class='ocr_line' id='line_1_22' title="bbox 124 2192 1817 2268; baseline 0.001 -20"><span class='ocrx_word' id='word_1_249' title='bbox 124 2193 244 2264; x_wconf 88' lang='lat' dir='ltr'><strong>scripta,</strong></span> <span class='ocrx_word' id='word_1_250' title='bbox 260 2192 368 2249; x_wconf 88' lang='lat' dir='ltr'><strong>ibidem</strong></span> <span class='ocrx_word' id='word_1_251' title='bbox 382 2198 495 2266; x_wconf 89' lang='lat' dir='ltr'><strong>reperta</strong></span> <span class='ocrx_word' id='word_1_252' title='bbox 505 2198 576 2249; x_wconf 88' lang='lat' dir='ltr'><strong>sunt</strong></span> <span class='ocrx_word' id='word_1_253' title='bbox 587 2210 595 2247; x_wconf 77' lang='grc' dir='ltr'><em>τ</em></span> <span class='ocrx_word' id='word_1_254' title='bbox 607 2192 778 2258; x_wconf 87' lang='lat' dir='ltr'><strong>Palmatius,</strong></span> <span class='ocrx_word' id='word_1_255' title='bbox 789 2193 892 2250; x_wconf 86' lang='lat' dir='ltr'><strong>&#39;lirsus</strong></span> <span class='ocrx_word' id='word_1_256' title='bbox 901 2195 945 2263; x_wconf 77' lang='lat'><strong>⁷⁰⁰,</strong></span> <span class='ocrx_word' id='word_1_257' title='bbox 1001 2195 1092 2268; x_wconf 87' lang='lat' dir='ltr'><strong>pitata</strong></span> <span class='ocrx_word' id='word_1_258' title='bbox 1108 2196 1255 2252; x_wconf 86' lang='lat' dir='ltr'><strong>sententia</strong></span> <span class='ocrx_word' id='word_1_259' title='bbox 1269 2195 1380 2268; x_wconf 86' lang='lat' dir='ltr'><strong>absque</strong></span> <span class='ocrx_word' id='word_1_260' title='bbox 1397 2194 1584 2251; x_wconf 89' lang='lat' dir='ltr'><strong>discussione</strong></span> <span class='ocrx_word' id='word_1_261' title='bbox 1599 2194 1739 2268; x_wconf 86' lang='lat' dir='ltr'><strong>legitime</strong></span> <span class='ocrx_word' id='word_1_262' title='bbox 1752 2195 1817 2250; x_wconf 82' lang='lat' dir='ltr'><strong>dam·</strong></span> 
     </span>
     <span class='ocr_line' id='line_1_23' title="bbox 118 2281 1816 2357; baseline 0.002 -20"><span class='ocrx_word' id='word_1_263' title='bbox 118 2281 296 2352; x_wconf 82' lang='lat' dir='ltr'><strong>Maxentius,</strong></span> <span class='ocrx_word' id='word_1_264' title='bbox 324 2283 523 2349; x_wconf 86' lang='lat' dir='ltr'><strong>Constantius,</strong></span> <span class='ocrx_word' id='word_1_265' title='bbox 563 2282 758 2352; x_wconf 74' lang='lat' dir='ltr'><strong>crescentius,</strong></span> <span class='ocrx_word' id='word_1_266' title='bbox 799 2284 944 2356; x_wconf 79' lang='lat' dir='ltr'><strong>lustinus,</strong></span> <span class='ocrx_word' id='word_1_267' title='bbox 1000 2289 1150 2357; x_wconf 86' lang='lat' dir='ltr'><strong>pnaverai,</strong></span> <span class='ocrx_word' id='word_1_268' title='bbox 1173 2289 1283 2340; x_wconf 87' lang='lat' dir='ltr'><strong>temere</strong></span> <span class='ocrx_word' id='word_1_269' title='bbox 1311 2285 1340 2338; x_wconf 87' lang='lat' dir='ltr'><strong>in</strong></span> <span class='ocrx_word' id='word_1_270' title='bbox 1365 2283 1578 2354; x_wconf 86' lang='lat' dir='ltr'><strong>periculumse</strong></span> <span class='ocrx_word' id='word_1_271' title='bbox 1605 2284 1683 2340; x_wconf 87' lang='lat' dir='ltr'><strong>dare</strong></span> <span class='ocrx_word' id='word_1_272' title='bbox 1708 2283 1816 2340; x_wconf 77' lang='lat' dir='ltr'><strong>nolebas</strong></span> 
     </span>
     <span class='ocr_line' id='line_1_24' title="bbox 124 2372 1816 2445; baseline -0.001 -18"><span class='ocrx_word' id='word_1_273' title='bbox 124 2372 265 2436; x_wconf 88' lang='lat' dir='ltr'><strong>Leander,</strong></span> <span class='ocrx_word' id='word_1_274' title='bbox 279 2372 450 2439; x_wconf 79' lang='lat' dir='ltr'><strong>Alexander,</strong></span> <span class='ocrx_word' id='word_1_275' title='bbox 477 2373 560 2428; x_wconf 88' lang='lat' dir='ltr'><strong>Soter</strong></span> <span class='ocrx_word' id='word_1_276' title='bbox 575 2374 620 2438; x_wconf 76' lang='lat'><strong>⁷⁹¹,</strong></span> <span class='ocrx_word' id='word_1_277' title='bbox 638 2372 784 2430; x_wconf 87' lang='lat' dir='ltr'><strong>Hormista</strong></span> <span class='ocrx_word' id='word_1_278' title='bbox 798 2374 843 2444; x_wconf 78' lang='lat'><strong>⁷⁸²,</strong></span> <span class='ocrx_word' id='word_1_279' title='bbox 860 2373 946 2444; x_wconf 91' lang='lat' dir='ltr'><strong>Papi·</strong></span> <span class='ocrx_word' id='word_1_280' title='bbox 998 2378 1130 2445; x_wconf 73' lang='lat' dir='ltr'><strong>cumque</strong></span> <span class='ocrx_word' id='word_1_281' title='bbox 1147 2378 1224 2430; x_wconf 89' lang='lat' dir='ltr'><strong>esset</strong></span> <span class='ocrx_word' id='word_1_282' title='bbox 1239 2372 1417 2445; x_wconf 83' lang='lat' dir='ltr'><strong>imperatrici</strong></span> <span class='ocrx_word' id='word_1_283' title='bbox 1431 2373 1468 2428; x_wconf 93' lang='lat' dir='ltr'><strong>ob</strong></span> <span class='ocrx_word' id='word_1_284' title='bbox 1483 2378 1570 2428; x_wconf 85' lang='lat' dir='ltr'><strong>vatus</strong></span> <span class='ocrx_word' id='word_1_285' title='bbox 1583 2373 1733 2429; x_wconf 89' lang='lat' dir='ltr'><strong>meritum</strong></span> <span class='ocrx_word' id='word_1_286' title='bbox 1747 2386 1816 2430; x_wconf 85' lang='lat' dir='ltr'><strong>saura</strong></span> 
     </span>
     <span class='ocr_line' id='line_1_25' title="bbox 123 2460 1815 2534; baseline 0.002 -20"><span class='ocrx_word' id='word_1_287' title='bbox 123 2461 196 2524; x_wconf 91' lang='lat' dir='ltr'><strong>rius,</strong></span> <span class='ocrx_word' id='word_1_288' title='bbox 223 2460 377 2526; x_wconf 90' lang='lat' dir='ltr'><strong>Constans,</strong></span> <span class='ocrx_word' id='word_1_289' title='bbox 397 2462 546 2518; x_wconf 85' lang='lat' dir='ltr'><strong>Jovianus.</strong></span> <span class='ocrx_word' id='word_1_290' title='bbox 572 2461 707 2534; x_wconf 87' lang='lat' dir='ltr'><strong>Dumque</strong></span> <span class='ocrx_word' id='word_1_291' title='bbox 729 2478 762 2518; x_wconf 89' lang='lat' dir='ltr'><strong>ex</strong></span> <span class='ocrx_word' id='word_1_292' title='bbox 777 2463 880 2534; x_wconf 89' lang='lat' dir='ltr'><strong>cripta,</strong></span> <span class='ocrx_word' id='word_1_293' title='bbox 896 2460 946 2517; x_wconf 92' lang='lat' dir='ltr'><strong>ubi</strong></span> <span class='ocrx_word' id='word_1_294' title='bbox 999 2463 1232 2534; x_wconf 88' lang='lat' dir='ltr'><strong>acceptissimus,</strong></span> <span class='ocrx_word' id='word_1_295' title='bbox 1250 2460 1466 2534; x_wconf 87' lang='lat' dir='ltr'><strong>propinquitate</strong></span> <span class='ocrx_word' id='word_1_296' title='bbox 1486 2461 1578 2516; x_wconf 88' lang='lat' dir='ltr'><strong>etiam</strong></span> <span class='ocrx_word' id='word_1_297' title='bbox 1595 2460 1815 2534; x_wconf 77' lang='lat' dir='ltr'><strong>devinctusprc</strong></span> 
     </span>
     <span class='ocr_line' id='line_1_26' title="bbox 125 2549 1817 2624; baseline 0.002 -21"><span class='ocrx_word' id='word_1_298' title='bbox 125 2549 218 2604; x_wconf 90' lang='lat' dir='ltr'><strong>sancti</strong></span> <span class='ocrx_word' id='word_1_299' title='bbox 230 2552 395 2620; x_wconf 89' lang='lat' dir='ltr'><strong>pausabant</strong></span> <span class='ocrx_word' id='word_1_300' title='bbox 413 2551 497 2622; x_wconf 88' lang='grc'>(280),</span> <span class='ocrx_word' id='word_1_301' title='bbox 524 2555 602 2605; x_wconf 91' lang='lat' dir='ltr'><strong>terre</strong></span> <span class='ocrx_word' id='word_1_302' title='bbox 617 2555 791 2623; x_wconf 87' lang='lat' dir='ltr'><strong>portaretur,</strong></span> <span class='ocrx_word' id='word_1_303' title='bbox 806 2569 840 2608; x_wconf 90' lang='lat' dir='ltr'><strong>os</strong></span> <span class='ocrx_word' id='word_1_304' title='bbox 854 2553 945 2623; x_wconf 92' lang='lat' dir='ltr'><strong>quod·</strong></span> <span class='ocrx_word' id='word_1_305' title='bbox 1000 2555 1045 2608; x_wconf 89' lang='lat' dir='ltr'><strong>ter</strong></span> <span class='ocrx_word' id='word_1_306' title='bbox 1058 2551 1147 2607; x_wconf 84' lang='lat' dir='ltr'><strong>liliam</strong></span> <span class='ocrx_word' id='word_1_307' title='bbox 1163 2553 1238 2623; x_wconf 87' lang='lat' dir='ltr'><strong>ejus,</strong></span> <span class='ocrx_word' id='word_1_308' title='bbox 1249 2567 1314 2622; x_wconf 82' lang='lat' dir='ltr'><strong>quae</strong></span> <span class='ocrx_word' id='word_1_309' title='bbox 1328 2551 1363 2588; x_wconf 76' lang='lat'><strong>⁸⁰²</strong></span> <span class='ocrx_word' id='word_1_310' title='bbox 1377 2549 1414 2617; x_wconf 91' lang='lat' dir='ltr'><strong>ei,</strong></span> <span class='ocrx_word' id='word_1_311' title='bbox 1434 2554 1468 2605; x_wconf 88' lang='lat' dir='ltr'><strong>ut</strong></span> <span class='ocrx_word' id='word_1_312' title='bbox 1491 2550 1675 2622; x_wconf 83' lang='lat' dir='ltr'><strong>praedictum</strong></span> <span class='ocrx_word' id='word_1_313' title='bbox 1690 2557 1737 2607; x_wconf 89' lang='lat' dir='ltr'><strong>eet</strong></span> <span class='ocrx_word' id='word_1_314' title='bbox 1749 2551 1817 2624; x_wconf 68' lang='grc'>(284),</span> 
     </span>
     <span class='ocr_line' id='line_1_27' title="bbox 125 2637 1816 2712; baseline 0.002 -19"><span class='ocrx_word' id='word_1_315' title='bbox 125 2638 192 2693; x_wconf 90' lang='lat' dir='ltr'><strong>dam</strong></span> <span class='ocrx_word' id='word_1_316' title='bbox 207 2638 323 2694; x_wconf 88' lang='lat' dir='ltr'><strong>incaute</strong></span> <span class='ocrx_word' id='word_1_317' title='bbox 333 2640 506 2712; x_wconf 86' lang='lat' dir='ltr'><strong>projectum,</strong></span> <span class='ocrx_word' id='word_1_318' title='bbox 518 2639 691 2712; x_wconf 89' lang='lat' dir='ltr'><strong>sanguinem</strong></span> <span class='ocrx_word' id='word_1_319' title='bbox 703 2640 778 2695; x_wconf 88' lang='lat' dir='ltr'><strong>ludit</strong></span> <span class='ocrx_word' id='word_1_320' title='bbox 788 2657 845 2696; x_wconf 91' lang='lat' dir='ltr'><strong>non</strong></span> <span class='ocrx_word' id='word_1_321' title='bbox 857 2641 948 2696; x_wconf 90' lang='lat' dir='ltr'><strong>modi·</strong></span> <span class='ocrx_word' id='word_1_322' title='bbox 1001 2643 1151 2712; x_wconf 88' lang='lat' dir='ltr'><strong>nupserat,</strong></span> <span class='ocrx_word' id='word_1_323' title='bbox 1168 2641 1218 2696; x_wconf 88' lang='lat' dir='ltr'><strong>sed</strong></span> <span class='ocrx_word' id='word_1_324' title='bbox 1234 2640 1312 2695; x_wconf 91' lang='lat' dir='ltr'><strong>intra</strong></span> <span class='ocrx_word' id='word_1_325' title='bbox 1325 2639 1360 2675; x_wconf 78' lang='lat'><strong>⁸⁰³</strong></span> <span class='ocrx_word' id='word_1_326' title='bbox 1376 2654 1486 2712; x_wconf 88' lang='lat' dir='ltr'><strong>paucos</strong></span> <span class='ocrx_word' id='word_1_327' title='bbox 1507 2637 1575 2694; x_wconf 87' lang='lat' dir='ltr'><strong>dies</strong></span> <span class='ocrx_word' id='word_1_328' title='bbox 1589 2639 1751 2697; x_wconf 79' lang='lat' dir='ltr'><strong>celebratas</strong></span> <span class='ocrx_word' id='word_1_329' title='bbox 1764 2655 1816 2696; x_wconf 82' lang='lat' dir='ltr'><strong>eou-</strong></span> 
     </span>
     <span class='ocr_line' id='line_1_28' title="bbox 125 2728 1863 2803; baseline 0.001 -21"><span class='ocrx_word' id='word_1_330' title='bbox 125 2729 945 2803; x_wconf 78' lang='lat' dir='ltr'><strong>cum,etusquebodiepermanetsanguinolentum(281).</strong></span> <span class='ocrx_word' id='word_1_331' title='bbox 997 2728 1818 2802; x_wconf 82' lang='lat' dir='ltr'><strong>junctionisdecesserat,misit,aemqueobnixisprsoibas</strong></span> <span class='ocrx_word' id='word_1_332' title='bbox 1861 2778 1863 2795; x_wconf 87' lang='grc'>,</span> 
     </span>
     <span class='ocr_line' id='line_1_29' title="bbox 125 2815 1820 2892; baseline 0.002 -22"><span class='ocrx_word' id='word_1_333' title='bbox 125 2815 165 2871; x_wconf 87' lang='lat' dir='ltr'><strong>De</strong></span> <span class='ocrx_word' id='word_1_334' title='bbox 182 2818 316 2887; x_wconf 86' lang='lat' dir='ltr'><strong>passione</strong></span> <span class='ocrx_word' id='word_1_335' title='bbox 331 2835 431 2875; x_wconf 89' lang='lat' dir='ltr'><strong>eurum</strong></span> <span class='ocrx_word' id='word_1_336' title='bbox 447 2822 507 2877; x_wconf 85' lang='lat' dir='ltr'><strong>haec</strong></span> <span class='ocrx_word' id='word_1_337' title='bbox 529 2823 565 2877; x_wconf 91' lang='lat' dir='ltr'><strong>ab</strong></span> <span class='ocrx_word' id='word_1_338' title='bbox 581 2839 634 2877; x_wconf 89' lang='lat' dir='ltr'><strong>nos</strong></span> <span class='ocrx_word' id='word_1_339' title='bbox 647 2821 683 2877; x_wconf 90' lang='lat' dir='ltr'><strong>ab</strong></span> <span class='ocrx_word' id='word_1_340' title='bbox 703 2820 776 2892; x_wconf 90' lang='lat' dir='ltr'><strong>ipsis</strong></span> <span class='ocrx_word' id='word_1_341' title='bbox 790 2821 947 2877; x_wconf 78' lang='lat' dir='ltr'><strong>Treveren·</strong></span> <span class='ocrx_word' id='word_1_342' title='bbox 1000 2819 1030 2875; x_wconf 92' lang='lat' dir='ltr'><strong>in</strong></span> <span class='ocrx_word' id='word_1_343' title='bbox 1042 2817 1347 2887; x_wconf 83' lang='lat' dir='ltr'><strong>Galliamevocavit,ad</strong></span> <span class='ocrx_word' id='word_1_344' title='bbox 1357 2818 1820 2889; x_wconf 76' lang='lat' dir='ltr'><strong>sedandemqueoriebaturints</strong></span> 
     </span>
     <span class='ocr_line' id='line_1_30' title="bbox 126 2905 1819 2981; baseline 0.002 -22"><span class='ocrx_word' id='word_1_345' title='bbox 126 2905 209 2961; x_wconf 91' lang='lat' dir='ltr'><strong>sibus</strong></span> <span class='ocrx_word' id='word_1_346' title='bbox 224 2907 335 2978; x_wconf 91' lang='lat' dir='ltr'><strong>scripta</strong></span> <span class='ocrx_word' id='word_1_347' title='bbox 345 2908 453 2981; x_wconf 84' lang='lat' dir='ltr'><strong>perlata</strong></span> <span class='ocrx_word' id='word_1_348' title='bbox 463 2914 551 2967; x_wconf 88' lang='lat' dir='ltr'><strong>sunt:</strong></span> <span class='ocrx_word' id='word_1_349' title='bbox 570 2933 584 2963; x_wconf 91' lang='lat'>«</span> <span class='ocrx_word' id='word_1_350' title='bbox 600 2910 782 2966; x_wconf 83' lang='lat' dir='ltr'><strong>Rictiovarus</strong></span> <span class='ocrx_word' id='word_1_351' title='bbox 795 2910 839 2977; x_wconf 77' lang='lat'><strong>⁷⁰³,</strong></span> <span class='ocrx_word' id='word_1_352' title='bbox 856 2909 947 2966; x_wconf 89' lang='lat' dir='ltr'><strong>Maxi·</strong></span> <span class='ocrx_word' id='word_1_353' title='bbox 1001 2908 1071 2966; x_wconf 91' lang='lat' dir='ltr'><strong>stini</strong></span> <span class='ocrx_word' id='word_1_354' title='bbox 1086 2907 1153 2964; x_wconf 92' lang='lat' dir='ltr'><strong>belli</strong></span> <span class='ocrx_word' id='word_1_355' title='bbox 1169 2912 1382 2980; x_wconf 88' lang='lat' dir='ltr'><strong>tempestatem.</strong></span> <span class='ocrx_word' id='word_1_356' title='bbox 1402 2906 1475 2965; x_wconf 85' lang='lat' dir='ltr'><strong>Nam</strong></span> <span class='ocrx_word' id='word_1_357' title='bbox 1491 2906 1620 2963; x_wconf 83' lang='lat' dir='ltr'><strong>firmiter</strong></span> <span class='ocrx_word' id='word_1_358' title='bbox 1632 2909 1718 2981; x_wconf 87' lang='lat' dir='ltr'><strong>apud</strong></span> <span class='ocrx_word' id='word_1_359' title='bbox 1733 2924 1763 2964; x_wconf 87' lang='lat' dir='ltr'><strong>sa</strong></span> <span class='ocrx_word' id='word_1_360' title='bbox 1774 2913 1819 2962; x_wconf 73' lang='lat' dir='ltr'><strong>da</strong></span> 
     </span>
     <span class='ocr_line' id='line_1_31' title="bbox 126 2993 1819 3071; baseline 0.004 -23"><span class='ocrx_word' id='word_1_361' title='bbox 126 2993 217 3049; x_wconf 87' lang='lat' dir='ltr'><strong>miani</strong></span> <span class='ocrx_word' id='word_1_362' title='bbox 241 2996 426 3067; x_wconf 88' lang='lat' dir='ltr'><strong>imperatoris</strong></span> <span class='ocrx_word' id='word_1_363' title='bbox 450 3000 613 3071; x_wconf 81' lang='lat' dir='ltr'><strong>prefectus,</strong></span> <span class='ocrx_word' id='word_1_364' title='bbox 635 2999 778 3071; x_wconf 82' lang='lat' dir='ltr'><strong>legionem</strong></span> <span class='ocrx_word' id='word_1_365' title='bbox 802 2998 947 3056; x_wconf 88' lang='lat' dir='ltr'><strong>&#39;lbebeam</strong></span> <span class='ocrx_word' id='word_1_366' title='bbox 1000 3002 1107 3066; x_wconf 89' lang='lat' dir='ltr'><strong>tuerat,</strong></span> <span class='ocrx_word' id='word_1_367' title='bbox 1123 2998 1148 3053; x_wconf 90' lang='lat' dir='ltr'><strong>si</strong></span> <span class='ocrx_word' id='word_1_368' title='bbox 1164 3014 1221 3070; x_wconf 86' lang='lat' dir='ltr'><strong>pax</strong></span> <span class='ocrx_word' id='word_1_369' title='bbox 1240 3013 1298 3054; x_wconf 90' lang='lat' dir='ltr'><strong>non</strong></span> <span class='ocrx_word' id='word_1_370' title='bbox 1312 2995 1505 3064; x_wconf 89' lang='lat' dir='ltr'><strong>convenisset,</strong></span> <span class='ocrx_word' id='word_1_371' title='bbox 1521 3001 1646 3054; x_wconf 84' lang='lat' dir='ltr'><strong>armeta</strong></span> <span class='ocrx_word' id='word_1_372' title='bbox 1659 2997 1760 3071; x_wconf 84' lang='lat' dir='ltr'><strong>potius</strong></span> <span class='ocrx_word' id='word_1_373' title='bbox 1772 3011 1819 3055; x_wconf 71' lang='lat' dir='ltr'><strong>use</strong></span> 
     </span>
     <span class='ocr_line' id='line_1_32' title="bbox 123 3083 1820 3161; baseline 0.001 -23"><span class='ocrx_word' id='word_1_374' title='bbox 123 3084 210 3153; x_wconf 78' lang='lat' dir='ltr'><strong>jussu</strong></span> <span class='ocrx_word' id='word_1_375' title='bbox 236 3083 329 3156; x_wconf 90' lang='lat' dir='ltr'><strong>ipsius</strong></span> <span class='ocrx_word' id='word_1_376' title='bbox 353 3086 581 3161; x_wconf 87' lang='lat' dir='ltr'><strong>circumquaque</strong></span> <span class='ocrx_word' id='word_1_377' title='bbox 603 3093 782 3161; x_wconf 89' lang='lat' dir='ltr'><strong>persecutus.</strong></span> <span class='ocrx_word' id='word_1_378' title='bbox 799 3087 945 3144; x_wconf 88' lang='lat' dir='ltr'><strong>Treverlm</strong></span> <span class='ocrx_word' id='word_1_379' title='bbox 1001 3104 1053 3154; x_wconf 93' lang='lat' dir='ltr'><strong>nu,</strong></span> <span class='ocrx_word' id='word_1_380' title='bbox 1069 3087 1162 3156; x_wconf 86' lang='lat' dir='ltr'><strong>quoad</strong></span> <span class='ocrx_word' id='word_1_381' title='bbox 1178 3090 1287 3159; x_wconf 88' lang='lat' dir='ltr'><strong>posset,</strong></span> <span class='ocrx_word' id='word_1_382' title='bbox 1304 3085 1429 3142; x_wconf 88' lang='lat' dir='ltr'><strong>salutem</strong></span> <span class='ocrx_word' id='word_1_383' title='bbox 1451 3084 1539 3156; x_wconf 90' lang='lat' dir='ltr'><strong>tueri,</strong></span> <span class='ocrx_word' id='word_1_384' title='bbox 1565 3101 1666 3157; x_wconf 86' lang='lat' dir='ltr'><strong>quam</strong></span> <span class='ocrx_word' id='word_1_385' title='bbox 1682 3086 1820 3160; x_wconf 70' lang='lat' dir='ltr'><strong>probriu</strong></span> 
     </span>
     <span class='ocr_line' id='line_1_33' title="bbox 126 3148 1863 3250; baseline 0.004 -24"><span class='ocrx_word' id='word_1_386' title='bbox 126 3176 246 3245; x_wconf 90' lang='lat' dir='ltr'><strong>propter</strong></span> <span class='ocrx_word' id='word_1_387' title='bbox 258 3174 338 3246; x_wconf 92' lang='lat' dir='ltr'><strong>ipsos</strong></span> <span class='ocrx_word' id='word_1_388' title='bbox 361 3178 378 3231; x_wconf 78' lang='grc'>4</span> <span class='ocrx_word' id='word_1_389' title='bbox 402 3177 499 3234; x_wconf 88' lang='lat' dir='ltr'><strong>Nonas</strong></span> <span class='ocrx_word' id='word_1_390' title='bbox 526 3177 658 3234; x_wconf 89' lang='lat' dir='ltr'><strong>Octobris</strong></span> <span class='ocrx_word' id='word_1_391' title='bbox 682 3181 725 3233; x_wconf 90' lang='lat' dir='ltr'><strong>ast</strong></span> <span class='ocrx_word' id='word_1_392' title='bbox 739 3176 902 3250; x_wconf 86' lang='lat' dir='ltr'><strong>ingressus,</strong></span> <span class='ocrx_word' id='word_1_393' title='bbox 918 3148 983 3232; x_wconf 80' lang='lat' dir='ltr'><strong>etc</strong></span> <span class='ocrx_word' id='word_1_394' title='bbox 1003 3174 1818 3250; x_wconf 77' lang='lat' dir='ltr'><strong>contumeliisdelormandumregissetrederepotsntie.</strong></span> <span class='ocrx_word' id='word_1_395' title='bbox 1861 3208 1863 3233; x_wconf 82' lang='lat' dir='ltr'><strong>l</strong></span> 
     </span>
     <span class='ocr_line' id='line_1_34' title="bbox 127 3260 1818 3339; baseline 0.002 -24"><span class='ocrx_word' id='word_1_396' title='bbox 127 3260 229 3317; x_wconf 89' lang='lat' dir='ltr'><strong>eadem</strong></span> <span class='ocrx_word' id='word_1_397' title='bbox 245 3262 293 3318; x_wconf 90' lang='lat' dir='ltr'><strong>die</strong></span> <span class='ocrx_word' id='word_1_398' title='bbox 307 3265 414 3321; x_wconf 87' lang='lat' dir='ltr'><strong>occidit</strong></span> <span class='ocrx_word' id='word_1_399' title='bbox 433 3266 472 3322; x_wconf 92' lang='lat' dir='ltr'><strong>ibi</strong></span> <span class='ocrx_word' id='word_1_400' title='bbox 495 3267 530 3307; x_wconf 72' lang='lat'><strong>⁷⁰⁸</strong></span> <span class='ocrx_word' id='word_1_401' title='bbox 553 3267 657 3322; x_wconf 90' lang='lat' dir='ltr'><strong>ducem</strong></span> <span class='ocrx_word' id='word_1_402' title='bbox 673 3267 805 3338; x_wconf 89' lang='lat' dir='ltr'><strong>ejusdem</strong></span> <span class='ocrx_word' id='word_1_403' title='bbox 826 3265 948 3339; x_wconf 81' lang='lat' dir='ltr'><strong>legionis</strong></span> <span class='ocrx_word' id='word_1_404' title='bbox 1004 3265 1186 3337; x_wconf 87' lang='lat' dir='ltr'><strong>imperatrix,</strong></span> <span class='ocrx_word' id='word_1_405' title='bbox 1197 3279 1377 3336; x_wconf 88' lang='lat' dir='ltr'><strong>quamquem</strong></span> <span class='ocrx_word' id='word_1_406' title='bbox 1393 3267 1498 3320; x_wconf 85' lang='lat' dir='ltr'><strong>cuncta</strong></span> <span class='ocrx_word' id='word_1_407' title='bbox 1512 3262 1609 3319; x_wconf 91' lang='lat' dir='ltr'><strong>seculi</strong></span> <span class='ocrx_word' id='word_1_408' title='bbox 1627 3265 1753 3339; x_wconf 66' lang='lat' dir='ltr'><strong>uegoch</strong></span> <span class='ocrx_word' id='word_1_409' title='bbox 1764 3263 1818 3321; x_wconf 84' lang='lat' dir='ltr'><strong>reli·</strong></span> 
     </span>
     <span class='ocr_line' id='line_1_35' title="bbox 128 3349 1819 3428; baseline 0.004 -23"><span class='ocrx_word' id='word_1_410' title='bbox 128 3349 243 3405; x_wconf 82' lang='lat' dir='ltr'><strong>Tirsum</strong></span> <span class='ocrx_word' id='word_1_411' title='bbox 255 3352 289 3387; x_wconf 69' lang='lat'><strong>³⁹⁸</strong></span> <span class='ocrx_word' id='word_1_412' title='bbox 299 3367 365 3408; x_wconf 91' lang='lat' dir='ltr'><strong>cum</strong></span> <span class='ocrx_word' id='word_1_413' title='bbox 376 3356 514 3411; x_wconf 89' lang='lat' dir='ltr'><strong>omnibus</strong></span> <span class='ocrx_word' id='word_1_414' title='bbox 529 3355 796 3412; x_wconf 87' lang='lat' dir='ltr'><strong>comitatibussuis.</strong></span> <span class='ocrx_word' id='word_1_415' title='bbox 810 3355 950 3428; x_wconf 86' lang='lat' dir='ltr'><strong>Sequenti</strong></span> <span class='ocrx_word' id='word_1_416' title='bbox 1003 3354 1099 3428; x_wconf 90' lang='lat' dir='ltr'><strong>gionis</strong></span> <span class='ocrx_word' id='word_1_417' title='bbox 1112 3355 1232 3410; x_wconf 87' lang='lat' dir='ltr'><strong>obtentu</strong></span> <span class='ocrx_word' id='word_1_418' title='bbox 1244 3353 1274 3408; x_wconf 91' lang='lat' dir='ltr'><strong>iu</strong></span> <span class='ocrx_word' id='word_1_419' title='bbox 1290 3357 1464 3426; x_wconf 87' lang='lat' dir='ltr'><strong>perpetuum</strong></span> <span class='ocrx_word' id='word_1_420' title='bbox 1474 3352 1662 3423; x_wconf 83' lang='lat' dir='ltr'><strong>abjurasset,</strong></span> <span class='ocrx_word' id='word_1_421' title='bbox 1676 3371 1731 3412; x_wconf 86' lang='lat' dir='ltr'><strong>uec</strong></span> <span class='ocrx_word' id='word_1_422' title='bbox 1742 3372 1760 3411; x_wconf 88' lang='lat' dir='ltr'><strong>e</strong></span> <span class='ocrx_word' id='word_1_423' title='bbox 1771 3369 1819 3427; x_wconf 73' lang='lat' dir='ltr'><strong>prs</strong></span> 
     </span>
     <span class='ocr_line' id='line_1_36' title="bbox 129 3440 1818 3516; baseline 0.003 -23"><span class='ocrx_word' id='word_1_424' title='bbox 129 3443 228 3495; x_wconf 89' lang='lat' dir='ltr'><strong>autem</strong></span> <span class='ocrx_word' id='word_1_425' title='bbox 238 3440 286 3496; x_wconf 87' lang='lat' dir='ltr'><strong>Die</strong></span> <span class='ocrx_word' id='word_1_426' title='bbox 297 3440 482 3512; x_wconf 75' lang='lat' dir='ltr'><strong>palmatium,</strong></span> <span class='ocrx_word' id='word_1_427' title='bbox 493 3444 649 3500; x_wconf 80' lang='lat' dir='ltr'><strong>Trevericae</strong></span> <span class='ocrx_word' id='word_1_428' title='bbox 662 3443 788 3499; x_wconf 85' lang='lat' dir='ltr'><strong>civitatis</strong></span> <span class='ocrx_word' id='word_1_429' title='bbox 799 3443 948 3500; x_wconf 89' lang='lat' dir='ltr'><strong>consulem</strong></span> <span class='ocrx_word' id='word_1_430' title='bbox 1003 3443 1097 3516; x_wconf 90' lang='lat' dir='ltr'><strong>posito</strong></span> <span class='ocrx_word' id='word_1_431' title='bbox 1112 3447 1209 3498; x_wconf 87' lang='lat' dir='ltr'><strong>tamen</strong></span> <span class='ocrx_word' id='word_1_432' title='bbox 1227 3459 1281 3498; x_wconf 87' lang='lat' dir='ltr'><strong>suo</strong></span> <span class='ocrx_word' id='word_1_433' title='bbox 1302 3441 1428 3497; x_wconf 87' lang='lat' dir='ltr'><strong>nimium</strong></span> <span class='ocrx_word' id='word_1_434' title='bbox 1443 3441 1478 3483; x_wconf 69' lang='lat'><strong>⁸⁰⁸</strong></span> <span class='ocrx_word' id='word_1_435' title='bbox 1491 3441 1664 3499; x_wconf 84' lang='lat' dir='ltr'><strong>abhorrere</strong></span> <span class='ocrx_word' id='word_1_436' title='bbox 1677 3459 1732 3501; x_wconf 84' lang='lat' dir='ltr'><strong>uec</strong></span> <span class='ocrx_word' id='word_1_437' title='bbox 1743 3444 1778 3501; x_wconf 86' lang='lat' dir='ltr'><strong>ab</strong></span> <span class='ocrx_word' id='word_1_438' title='bbox 1788 3457 1818 3498; x_wconf 77' lang='lat' dir='ltr'><strong>aa</strong></span> 
     </span>
     <span class='ocr_line' id='line_1_37' title="bbox 127 3529 1818 3606; baseline 0.003 -24"><span class='ocrx_word' id='word_1_439' title='bbox 127 3532 157 3583; x_wconf 90' lang='lat' dir='ltr'><strong>et</strong></span> <span class='ocrx_word' id='word_1_440' title='bbox 170 3529 325 3599; x_wconf 89' lang='lat' dir='ltr'><strong>patricium</strong></span> <span class='ocrx_word' id='word_1_441' title='bbox 341 3547 409 3587; x_wconf 90' lang='lat' dir='ltr'><strong>cum</strong></span> <span class='ocrx_word' id='word_1_442' title='bbox 424 3533 563 3589; x_wconf 89' lang='lat' dir='ltr'><strong>omnibus</strong></span> <span class='ocrx_word' id='word_1_443' title='bbox 578 3534 711 3605; x_wconf 81' lang='lat' dir='ltr'><strong>ejusdem</strong></span> <span class='ocrx_word' id='word_1_444' title='bbox 727 3532 853 3589; x_wconf 88' lang='lat' dir='ltr'><strong>civitatis</strong></span> <span class='ocrx_word' id='word_1_445' title='bbox 870 3533 949 3606; x_wconf 89' lang='lat' dir='ltr'><strong>prin·</strong></span> <span class='ocrx_word' id='word_1_446' title='bbox 1004 3532 1167 3588; x_wconf 87' lang='lat' dir='ltr'><strong>elesiastica</strong></span> <span class='ocrx_word' id='word_1_447' title='bbox 1182 3530 1329 3587; x_wconf 88' lang='lat' dir='ltr'><strong>iunctione</strong></span> <span class='ocrx_word' id='word_1_448' title='bbox 1339 3529 1467 3587; x_wconf 87' lang='lat' dir='ltr'><strong>alianum</strong></span> <span class='ocrx_word' id='word_1_449' title='bbox 1480 3530 1542 3586; x_wconf 82' lang='lat' dir='ltr'><strong>tore</strong></span> <span class='ocrx_word' id='word_1_450' title='bbox 1557 3531 1723 3605; x_wconf 69' lang='lat' dir='ltr'><strong>judicavit,</strong></span> <span class='ocrx_word' id='word_1_451' title='bbox 1736 3534 1761 3591; x_wconf 91' lang='lat' dir='ltr'><strong>si</strong></span> <span class='ocrx_word' id='word_1_452' title='bbox 1772 3531 1818 3587; x_wconf 81' lang='lat' dir='ltr'><strong>sire</strong></span> 
     </span>
     <span class='ocr_line' id='line_1_38' title="bbox 127 3616 1818 3696; baseline 0.005 -24"><span class='ocrx_word' id='word_1_453' title='bbox 127 3616 242 3689; x_wconf 89' lang='lat' dir='ltr'><strong>cipibus</strong></span> <span class='ocrx_word' id='word_1_454' title='bbox 254 3617 411 3677; x_wconf 80' lang='lat' dir='ltr'><strong>interiecit.</strong></span> <span class='ocrx_word' id='word_1_455' title='bbox 425 3621 527 3678; x_wconf 77' lang='lat' dir='ltr'><strong>l&#39;ercia</strong></span> <span class='ocrx_word' id='word_1_456' title='bbox 542 3638 608 3678; x_wconf 89' lang='lat' dir='ltr'><strong>vero</strong></span> <span class='ocrx_word' id='word_1_457' title='bbox 624 3622 671 3678; x_wconf 91' lang='lat' dir='ltr'><strong>dia</strong></span> <span class='ocrx_word' id='word_1_458' title='bbox 690 3621 798 3678; x_wconf 77' lang='lat' dir='ltr'><strong>casdem</strong></span> <span class='ocrx_word' id='word_1_459' title='bbox 822 3621 951 3678; x_wconf 86' lang='lat' dir='ltr'><strong>exercuit</strong></span> <span class='ocrx_word' id='word_1_460' title='bbox 1004 3622 1191 3695; x_wconf 85' lang='lat' dir='ltr'><strong>optimeerga</strong></span> <span class='ocrx_word' id='word_1_461' title='bbox 1201 3637 1233 3676; x_wconf 86' lang='lat' dir='ltr'><strong>se</strong></span> <span class='ocrx_word' id='word_1_462' title='bbox 1243 3619 1386 3677; x_wconf 89' lang='lat' dir='ltr'><strong>meritoin</strong></span> <span class='ocrx_word' id='word_1_463' title='bbox 1396 3618 1534 3692; x_wconf 73' lang='lat' dir='ltr'><strong>negastis</strong></span> <span class='ocrx_word' id='word_1_464' title='bbox 1545 3621 1643 3678; x_wconf 89' lang='lat' dir='ltr'><strong>rebus</strong></span> <span class='ocrx_word' id='word_1_465' title='bbox 1653 3622 1818 3696; x_wconf 62' lang='lat' dir='ltr'><strong>amntem</strong></span> 
     </span>
     <span class='ocr_line' id='line_1_39' title="bbox 126 3703 1818 3786; baseline 0.005 -27"><span class='ocrx_word' id='word_1_466' title='bbox 126 3703 156 3760; x_wconf 92' lang='lat' dir='ltr'><strong>in</strong></span> <span class='ocrx_word' id='word_1_467' title='bbox 171 3704 255 3778; x_wconf 92' lang='lat' dir='ltr'><strong>plebe</strong></span> <span class='ocrx_word' id='word_1_468' title='bbox 270 3724 357 3765; x_wconf 83' lang='lat' dir='ltr'><strong>sexus</strong></span> <span class='ocrx_word' id='word_1_469' title='bbox 374 3709 540 3783; x_wconf 90' lang='lat' dir='ltr'><strong>utriusque.</strong></span> <span class='ocrx_word' id='word_1_470' title='bbox 556 3711 665 3768; x_wconf 88' lang='lat' dir='ltr'><strong>Horum</strong></span> <span class='ocrx_word' id='word_1_471' title='bbox 681 3715 778 3766; x_wconf 89' lang='lat' dir='ltr'><strong>autem</strong></span> <span class='ocrx_word' id='word_1_472' title='bbox 794 3711 950 3766; x_wconf 89' lang='lat' dir='ltr'><strong>martirum</strong></span> <span class='ocrx_word' id='word_1_473' title='bbox 1004 3717 1033 3768; x_wconf 92' lang='lat' dir='ltr'><strong>et</strong></span> <span class='ocrx_word' id='word_1_474' title='bbox 1047 3709 1106 3766; x_wconf 88' lang='lat' dir='ltr'><strong>filio</strong></span> <span class='ocrx_word' id='word_1_475' title='bbox 1119 3709 1285 3782; x_wconf 83' lang='lat' dir='ltr'><strong>juveniliter</strong></span> <span class='ocrx_word' id='word_1_476' title='bbox 1307 3707 1499 3765; x_wconf 81' lang='lat' dir='ltr'><strong>tumultuanti</strong></span> <span class='ocrx_word' id='word_1_477' title='bbox 1516 3709 1650 3767; x_wconf 88' lang='lat' dir='ltr'><strong>modum</strong></span> <span class='ocrx_word' id='word_1_478' title='bbox 1665 3712 1818 3786; x_wconf 73' lang='lat' dir='ltr'><strong>imponeret</strong></span> 
     </span>
     <span class='ocr_line' id='line_1_40' title="bbox 126 3797 1818 3875; baseline 0.002 -25"><span class='ocrx_word' id='word_1_479' title='bbox 126 3811 249 3868; x_wconf 88' lang='lat' dir='ltr'><strong>corpora</strong></span> <span class='ocrx_word' id='word_1_480' title='bbox 262 3797 490 3855; x_wconf 88' lang='lat' dir='ltr'><strong>innumerabilia</strong></span> <span class='ocrx_word' id='word_1_481' title='bbox 514 3800 544 3855; x_wconf 92' lang='lat' dir='ltr'><strong>in</strong></span> <span class='ocrx_word' id='word_1_482' title='bbox 560 3801 654 3856; x_wconf 88' lang='lat' dir='ltr'><strong>sancti</strong></span> <span class='ocrx_word' id='word_1_483' title='bbox 677 3800 791 3856; x_wconf 83' lang='lat' dir='ltr'><strong>Paulini</strong></span> <span class='ocrx_word' id='word_1_484' title='bbox 807 3799 948 3874; x_wconf 88' lang='lat' dir='ltr'><strong>archiapi-</strong></span> <span class='ocrx_word' id='word_1_485' title='bbox 1004 3800 1090 3856; x_wconf 87' lang='lat' dir='ltr'><strong>Venit</strong></span> <span class='ocrx_word' id='word_1_486' title='bbox 1101 3799 1201 3871; x_wconf 90' lang='lat' dir='ltr'><strong>itaque</strong></span> <span class='ocrx_word' id='word_1_487' title='bbox 1224 3798 1434 3866; x_wconf 84' lang='lat' dir='ltr'><strong>wormaciam,</strong></span> <span class='ocrx_word' id='word_1_488' title='bbox 1447 3797 1644 3870; x_wconf 87' lang='lat' dir='ltr'><strong>amplissimo</strong></span> <span class='ocrx_word' id='word_1_489' title='bbox 1658 3802 1818 3875; x_wconf 77' lang='lat' dir='ltr'><strong>stipatam</strong></span> 
     </span>
     <span class='ocr_line' id='line_1_41' title="bbox 127 3885 1820 3960; baseline 0.002 -21"><span class='ocrx_word' id='word_1_490' title='bbox 127 3885 206 3957; x_wconf 91' lang='lat' dir='ltr'><strong>scopi</strong></span> <span class='ocrx_word' id='word_1_491' title='bbox 219 3888 320 3956; x_wconf 87' lang='lat' dir='ltr'><strong>jacent</strong></span> <span class='ocrx_word' id='word_1_492' title='bbox 334 3888 466 3944; x_wconf 90' lang='lat' dir='ltr'><strong>ecclesia.</strong></span> <span class='ocrx_word' id='word_1_493' title='bbox 483 3909 497 3938; x_wconf 74' lang='lat' dir='ltr'><strong>a</strong></span> <span class='ocrx_word' id='word_1_494' title='bbox 1006 3905 1085 3946; x_wconf 88' lang='lat' dir='ltr'><strong>maro</strong></span> <span class='ocrx_word' id='word_1_495' title='bbox 1100 3887 1240 3945; x_wconf 86' lang='lat' dir='ltr'><strong>abbatum</strong></span> <span class='ocrx_word' id='word_1_496' title='bbox 1256 3892 1285 3943; x_wconf 89' lang='lat' dir='ltr'><strong>et</strong></span> <span class='ocrx_word' id='word_1_497' title='bbox 1304 3887 1526 3958; x_wconf 84' lang='lat' dir='ltr'><strong>monachorum,</strong></span> <span class='ocrx_word' id='word_1_498' title='bbox 1541 3891 1572 3944; x_wconf 88' lang='lat' dir='ltr'><strong>et</strong></span> <span class='ocrx_word' id='word_1_499' title='bbox 1591 3890 1767 3960; x_wconf 77' lang='lat' dir='ltr'><strong>preadictum</strong></span> <span class='ocrx_word' id='word_1_500' title='bbox 1779 3889 1820 3944; x_wconf 84' lang='lat' dir='ltr'><strong>da-</strong></span> 
     </span>
    </p>

    <p class='ocr_par' dir='ltr' id='par_1_6' title="bbox 125 3973 1863 4494">
     <span class='ocr_line' id='line_1_42' title="bbox 165 3973 1821 4053; baseline 0.002 -25"><span class='ocrx_word' id='word_1_501' title='bbox 165 3973 223 4029; x_wconf 86' lang='lat' dir='ltr'><strong>Rex</strong></span> <span class='ocrx_word' id='word_1_502' title='bbox 236 3977 437 4033; x_wconf 89' lang='lat' dir='ltr'><strong>ascensionem</strong></span> <span class='ocrx_word' id='word_1_503' title='bbox 456 3978 490 4012; x_wconf 76' lang='lat'><strong>⁷⁹⁶</strong></span> <span class='ocrx_word' id='word_1_504' title='bbox 514 3977 630 4032; x_wconf 86' lang='lat' dir='ltr'><strong>Domini</strong></span> <span class='ocrx_word' id='word_1_505' title='bbox 653 3977 790 4033; x_wconf 83' lang='lat' dir='ltr'><strong>Goslariae</strong></span> <span class='ocrx_word' id='word_1_506' title='bbox 815 3979 888 4048; x_wconf 83' lang='grc' dir='ltr'><strong>(Μαί.</strong></span> <span class='ocrx_word' id='word_1_507' title='bbox 906 3980 950 4048; x_wconf 84' lang='grc'><strong>17,</strong></span> <span class='ocrx_word' id='word_1_508' title='bbox 1004 3994 1079 4043; x_wconf 90' lang='lat' dir='ltr'><strong>cem,</strong></span> <span class='ocrx_word' id='word_1_509' title='bbox 1091 3994 1162 4040; x_wconf 54' lang='lat' dir='ltr'><strong>,oum</strong></span> <span class='ocrx_word' id='word_1_510' title='bbox 1178 3977 1350 4048; x_wconf 86' lang='lat' dir='ltr'><strong>interposita</strong></span> <span class='ocrx_word' id='word_1_511' title='bbox 1363 3976 1419 4032; x_wconf 89' lang='lat' dir='ltr'><strong>tide</strong></span> <span class='ocrx_word' id='word_1_512' title='bbox 1434 3974 1626 4035; x_wconf 89' lang='lat' dir='ltr'><strong>Coloniensis</strong></span> <span class='ocrx_word' id='word_1_513' title='bbox 1637 3976 1821 4053; x_wconf 77' lang='lat' dir='ltr'><strong>etllogcauai</strong></span> 
     </span>
     <span class='ocr_line' id='line_1_43' title="bbox 129 4065 1822 4139; baseline 0.004 -23"><span class='ocrx_word' id='word_1_514' title='bbox 129 4067 315 4132; x_wconf 89' lang='lat' dir='ltr'><strong>pentecosten</strong></span> <span class='ocrx_word' id='word_1_515' title='bbox 340 4065 540 4138; x_wconf 88' lang='lat' dir='ltr'><strong>Magadaburg</strong></span> <span class='ocrx_word' id='word_1_516' title='bbox 551 4068 584 4104; x_wconf 71' lang='lat'><strong>⁷⁰²</strong></span> <span class='ocrx_word' id='word_1_517' title='bbox 600 4066 756 4121; x_wconf 87' lang='lat' dir='ltr'><strong>celebravit</strong></span> <span class='ocrx_word' id='word_1_518' title='bbox 779 4065 852 4139; x_wconf 87' lang='grc'>(282)</span> <span class='ocrx_word' id='word_1_519' title='bbox 868 4068 950 4136; x_wconf 84' lang='lat' dir='ltr'><strong>[Mai.</strong></span> <span class='ocrx_word' id='word_1_520' title='bbox 1005 4068 1039 4104; x_wconf 79' lang='lat'><strong>⁰⁰⁸</strong></span> <span class='ocrx_word' id='word_1_521' title='bbox 1058 4065 1345 4138; x_wconf 88' lang='lat' dir='ltr'><strong>archiepiscoporum</strong></span> <span class='ocrx_word' id='word_1_522' title='bbox 1360 4080 1458 4122; x_wconf 86' lang='lat' dir='ltr'><strong>coram</strong></span> <span class='ocrx_word' id='word_1_523' title='bbox 1472 4065 1619 4138; x_wconf 85' lang='lat' dir='ltr'><strong>venisset,</strong></span> <span class='ocrx_word' id='word_1_524' title='bbox 1634 4067 1717 4126; x_wconf 86' lang='lat' dir='ltr'><strong>omni</strong></span> <span class='ocrx_word' id='word_1_525' title='bbox 1737 4065 1822 4123; x_wconf 61' lang='lat' dir='ltr'><strong>“ari-</strong></span> 
     </span>
     <span class='ocr_line' id='line_1_44' title="bbox 128 4149 1863 4231; baseline 0.007 -28"><span class='ocrx_word' id='word_1_526' title='bbox 128 4149 427 4220; x_wconf 77' lang='lat' dir='ltr'><strong>27].Ubiltdalbcrto</strong></span> <span class='ocrx_word' id='word_1_527' title='bbox 450 4155 484 4189; x_wconf 76' lang='lat'><strong>⁷⁰⁸</strong></span> <span class='ocrx_word' id='word_1_528' title='bbox 505 4154 653 4210; x_wconf 86' lang='lat' dir='ltr'><strong>Premensi</strong></span> <span class='ocrx_word' id='word_1_529' title='bbox 676 4154 951 4229; x_wconf 66' lang='lat' dir='ltr'><strong>archiepiscopatu</strong></span> <span class='ocrx_word' id='word_1_530' title='bbox 1006 4155 1095 4213; x_wconf 90' lang='lat' dir='ltr'><strong>minis</strong></span> <span class='ocrx_word' id='word_1_531' title='bbox 1118 4155 1286 4228; x_wconf 87' lang='lat' dir='ltr'><strong>suspicione</strong></span> <span class='ocrx_word' id='word_1_532' title='bbox 1310 4152 1441 4221; x_wconf 90' lang='lat' dir='ltr'><strong>absolvit,</strong></span> <span class='ocrx_word' id='word_1_533' title='bbox 1473 4153 1648 4229; x_wconf 87' lang='lat' dir='ltr'><strong>statimque</strong></span> <span class='ocrx_word' id='word_1_534' title='bbox 1671 4154 1822 4231; x_wconf 63' lang='lat' dir='ltr'><strong>compedis</strong></span> <span class='ocrx_word' id='word_1_535' title='bbox 1861 4158 1863 4183; x_wconf 79' lang='lat'>²</span> 
     </span>
     <span class='ocr_line' id='line_1_45' title="bbox 128 4238 1821 4317; baseline 0.004 -24"><span class='ocrx_word' id='word_1_536' title='bbox 128 4238 592 4315; x_wconf 82' lang='lat' dir='ltr'><strong>quadragesima,utpradictum</strong></span> <span class='ocrx_word' id='word_1_537' title='bbox 607 4243 820 4313; x_wconf 87' lang='lat' dir='ltr'><strong>est,deluncto,</strong></span> <span class='ocrx_word' id='word_1_538' title='bbox 835 4261 952 4303; x_wconf 90' lang='lat' dir='ltr'><strong>succes·</strong></span> <span class='ocrx_word' id='word_1_539' title='bbox 1007 4247 1125 4317; x_wconf 89' lang='lat' dir='ltr'><strong>propter</strong></span> <span class='ocrx_word' id='word_1_540' title='bbox 1146 4259 1210 4315; x_wconf 85' lang='lat' dir='ltr'><strong>que</strong></span> <span class='ocrx_word' id='word_1_541' title='bbox 1237 4248 1366 4312; x_wconf 86' lang='lat' dir='ltr'><strong>venerat,</strong></span> <span class='ocrx_word' id='word_1_542' title='bbox 1396 4241 1488 4299; x_wconf 88' lang='lat' dir='ltr'><strong>atlllo</strong></span> <span class='ocrx_word' id='word_1_543' title='bbox 1516 4243 1654 4303; x_wconf 82' lang='lat' dir='ltr'><strong>abcessit</strong></span> <span class='ocrx_word' id='word_1_544' title='bbox 1677 4248 1721 4314; x_wconf 71' lang='lat'><strong>⁸⁸²,</strong></span> <span class='ocrx_word' id='word_1_545' title='bbox 1735 4251 1821 4303; x_wconf 83' lang='lat' dir='ltr'><strong>atuor</strong></span> 
     </span>
     <span class='ocr_line' id='line_1_46' title="bbox 126 4329 1863 4405; baseline 0.004 -23"><span class='ocrx_word' id='word_1_546' title='bbox 126 4343 223 4384; x_wconf 88' lang='lat' dir='ltr'><strong>sorem</strong></span> <span class='ocrx_word' id='word_1_547' title='bbox 237 4329 391 4386; x_wconf 88' lang='lat' dir='ltr'><strong>constituit</strong></span> <span class='ocrx_word' id='word_1_548' title='bbox 407 4331 587 4399; x_wconf 74' lang='lat' dir='ltr'><strong>bissianum,</strong></span> <span class='ocrx_word' id='word_1_549' title='bbox 603 4333 720 4404; x_wconf 79' lang='lat' dir='ltr'><strong>optime</strong></span> <span class='ocrx_word' id='word_1_550' title='bbox 740 4334 801 4405; x_wconf 83' lang='lat' dir='ltr'><strong>spei</strong></span> <span class='ocrx_word' id='word_1_551' title='bbox 813 4334 952 4405; x_wconf 90' lang='lat' dir='ltr'><strong>juvenem</strong></span> <span class='ocrx_word' id='word_1_552' title='bbox 1007 4338 1067 4389; x_wconf 89' lang='lat' dir='ltr'><strong>lam</strong></span> <span class='ocrx_word' id='word_1_553' title='bbox 1082 4333 1191 4388; x_wconf 89' lang='lat' dir='ltr'><strong>carnali</strong></span> <span class='ocrx_word' id='word_1_554' title='bbox 1213 4331 1366 4388; x_wconf 86' lang='lat' dir='ltr'><strong>allectione</strong></span> <span class='ocrx_word' id='word_1_555' title='bbox 1389 4346 1479 4405; x_wconf 84' lang='lat' dir='ltr'><strong>quam</strong></span> <span class='ocrx_word' id='word_1_556' title='bbox 1503 4335 1684 4393; x_wconf 87' lang='lat' dir='ltr'><strong>communis</strong></span> <span class='ocrx_word' id='word_1_557' title='bbox 1698 4331 1821 4393; x_wconf 81' lang='lat' dir='ltr'><strong>commodi</strong></span> <span class='ocrx_word' id='word_1_558' title='bbox 1861 4376 1863 4383; x_wconf 91' lang='lat'><strong>.</strong></span> 
     </span>
     <span class='ocr_line' id='line_1_47' title="bbox 125 4409 1819 4494; baseline 0.004 -22"><span class='ocrx_word' id='word_1_559' title='bbox 125 4421 153 4472; x_wconf 91' lang='lat' dir='ltr'><strong>et</strong></span> <span class='ocrx_word' id='word_1_560' title='bbox 168 4417 302 4475; x_wconf 90' lang='lat' dir='ltr'><strong>omnium</strong></span> <span class='ocrx_word' id='word_1_561' title='bbox 318 4418 485 4477; x_wconf 89' lang='lat' dir='ltr'><strong>liberalium</strong></span> <span class='ocrx_word' id='word_1_562' title='bbox 497 4421 604 4477; x_wconf 89' lang='lat' dir='ltr'><strong>artium</strong></span> <span class='ocrx_word' id='word_1_563' title='bbox 620 4421 866 4494; x_wconf 88' lang='lat' dir='ltr'><strong>peritiaadprime</strong></span> <span class='ocrx_word' id='word_1_564' title='bbox 881 4424 953 4479; x_wconf 91' lang='lat' dir='ltr'><strong>insi·</strong></span> <span class='ocrx_word' id='word_1_565' title='bbox 967 4409 992 4476; x_wconf 84' lang='lat' dir='ltr'>D</span> <span class='ocrx_word' id='word_1_566' title='bbox 1007 4422 1118 4480; x_wconf 89' lang='lat' dir='ltr'><strong>ratione</strong></span> <span class='ocrx_word' id='word_1_567' title='bbox 1133 4423 1169 4477; x_wconf 90' lang='lat' dir='ltr'><strong>ed</strong></span> <span class='ocrx_word' id='word_1_568' title='bbox 1182 4419 1407 4478; x_wconf 89' lang='lat' dir='ltr'><strong>banosecularis</strong></span> <span class='ocrx_word' id='word_1_569' title='bbox 1417 4421 1533 4493; x_wconf 84' lang='lat' dir='ltr'><strong>negocii</strong></span> <span class='ocrx_word' id='word_1_570' title='bbox 1544 4422 1819 4482; x_wconf 71' lang='lat' dir='ltr'><strong>administrationem</strong></span> 
     </span>
    </p>
   </div>
   <div class='ocr_carea' id='block_1_5' title="bbox 808 4546 1155 4605">
    <p class='ocr_par' dir='ltr' id='par_1_7' title="bbox 808 4546 1155 4605">
     <span class='ocr_line' id='line_1_48' title="bbox 808 4546 1155 4605; baseline 0.003 -4"><span class='ocrx_word' id='word_1_571' title='bbox 808 4547 930 4604; x_wconf 81' lang='lat' dir='ltr'><strong>VARIAE</strong></span> <span class='ocrx_word' id='word_1_572' title='bbox 950 4546 1155 4605; x_wconf 75' lang='lat' dir='ltr'><strong>ascalonus</strong></span> 
     </span>
    </p>
   </div>
   <div class='ocr_carea' id='block_1_6' title="bbox 133 4659 1819 4806">
    <p class='ocr_par' dir='ltr' id='par_1_8' title="bbox 133 4659 1819 4806">
     <span class='ocr_line' id='line_1_49' title="bbox 167 4659 1819 4742; baseline -0.001 -27"><span class='ocrx_word' id='word_1_573' title='bbox 167 4660 202 4694; x_wconf 75' lang='lat'><strong>⁷⁸⁶</strong></span> <span class='ocrx_word' id='word_1_574' title='bbox 216 4665 303 4732; x_wconf 87' lang='lat' dir='ltr'><strong>atqua</strong></span> <span class='ocrx_word' id='word_1_575' title='bbox 318 4662 345 4715; x_wconf 89' lang='grc'><strong>3.</strong></span> <span class='ocrx_word' id='word_1_576' title='bbox 388 4662 422 4697; x_wconf 76' lang='lat'><strong>⁷⁸⁶</strong></span> <span class='ocrx_word' id='word_1_577' title='bbox 438 4662 615 4734; x_wconf 83' lang='lat' dir='ltr'><strong>aquasgrani</strong></span> <span class='ocrx_word' id='word_1_578' title='bbox 631 4662 658 4719; x_wconf 88' lang='lat' dir='ltr'><strong>i.</strong></span> <span class='ocrx_word' id='word_1_579' title='bbox 671 4661 712 4717; x_wconf 86' lang='grc'><strong>57</strong></span> <span class='ocrx_word' id='word_1_580' title='bbox 725 4663 757 4698; x_wconf 77' lang='lat'><strong>⁷⁸¹</strong></span> <span class='ocrx_word' id='word_1_581' title='bbox 785 4663 966 4736; x_wconf 80' lang='lat' dir='ltr'><strong>Harlesburg</strong></span> <span class='ocrx_word' id='word_1_582' title='bbox 979 4664 1007 4720; x_wconf 89' lang='lat'><strong>3.</strong></span> <span class='ocrx_word' id='word_1_583' title='bbox 1019 4664 1047 4718; x_wconf 88' lang='lat'><strong>5.</strong></span> <span class='ocrx_word' id='word_1_584' title='bbox 1063 4662 1239 4733; x_wconf 89' lang='lat' dir='ltr'><strong>hartespurg</strong></span> <span class='ocrx_word' id='word_1_585' title='bbox 1252 4662 1277 4716; x_wconf 91' lang='lat'><strong>1.</strong></span> <span class='ocrx_word' id='word_1_586' title='bbox 1306 4660 1340 4695; x_wconf 69' lang='lat'><strong>³⁸⁸</strong></span> <span class='ocrx_word' id='word_1_587' title='bbox 1355 4663 1461 4742; x_wconf 87' lang='lat' dir='ltr'><strong>putant</strong></span> <span class='ocrx_word' id='word_1_588' title='bbox 1476 4659 1520 4742; x_wconf 87' lang='grc' dir='ltr'><strong>3.Ι</strong></span> <span class='ocrx_word' id='word_1_589' title='bbox 1535 4661 1571 4702; x_wconf 77' lang='lat'><strong>³⁸⁹</strong></span> <span class='ocrx_word' id='word_1_590' title='bbox 1587 4678 1721 4735; x_wconf 85' lang='lat' dir='ltr'><strong>quorum</strong></span> <span class='ocrx_word' id='word_1_591' title='bbox 1732 4663 1819 4719; x_wconf 86' lang='lat' dir='ltr'><strong>-suat</strong></span> 
     </span>
     <span class='ocr_line' id='line_1_50' title="bbox 133 4730 1817 4806; baseline 0.003 -18"><span class='ocrx_word' id='word_1_592' title='bbox 133 4732 271 4788; x_wconf 69' lang='lat' dir='ltr'><strong>ducati.</strong></span> <span class='ocrx_word' id='word_1_593' title='bbox 310 4733 549 4806; x_wconf 57' lang='lat' dir='ltr'><strong>⁷⁰⁰lqrsusi.3.</strong></span> <span class='ocrx_word' id='word_1_594' title='bbox 588 4734 826 4790; x_wconf 75' lang='lat' dir='ltr'><strong>⁷⁹¹Sotbert.l.</strong></span> <span class='ocrx_word' id='word_1_595' title='bbox 868 4735 1075 4790; x_wconf 69' lang='lat' dir='ltr'><strong>⁷⁹2llcrmisdc</strong></span> <span class='ocrx_word' id='word_1_596' title='bbox 1095 4735 1123 4789; x_wconf 77' lang='lat'><strong>1*</strong></span> <span class='ocrx_word' id='word_1_597' title='bbox 1160 4733 1194 4767; x_wconf 75' lang='lat'><strong>⁷⁹³</strong></span> <span class='ocrx_word' id='word_1_598' title='bbox 1210 4732 1405 4788; x_wconf 86' lang='lat' dir='ltr'><strong>Ricliunarrus</strong></span> <span class='ocrx_word' id='word_1_599' title='bbox 1420 4732 1447 4788; x_wconf 79' lang='grc'><strong>4.</strong></span> <span class='ocrx_word' id='word_1_600' title='bbox 1463 4730 1497 4766; x_wconf 76' lang='lat'><strong>⁷⁹⁴</strong></span> <span class='ocrx_word' id='word_1_601' title='bbox 1512 4730 1631 4793; x_wconf 84' lang='lat' dir='ltr'><strong>ibidem</strong></span> <span class='ocrx_word' id='word_1_602' title='bbox 1647 4736 1675 4792; x_wconf 85' lang='lat'><strong>3.</strong></span> <span class='ocrx_word' id='word_1_603' title='bbox 1716 4734 1817 4805; x_wconf 61' lang='lat' dir='ltr'><strong>“ila</strong></span> 
     </span>
    </p>
   </div>
   <div class='ocr_carea' id='block_1_7' title="bbox 26 4799 1817 4889">
    <p class='ocr_par' dir='ltr' id='par_1_9' title="bbox 26 4799 1817 4889">
     <span class='ocr_line' id='line_1_51' title="bbox 26 4799 1817 4889; baseline 0.002 -30"><span class='ocrx_word' id='word_1_604' title='bbox 26 4799 31 4806; x_wconf 84' lang='lat'>&#39;</span> <span class='ocrx_word' id='word_1_605' title='bbox 134 4806 245 4860; x_wconf 75' lang='lat' dir='ltr'><strong>sumt*</strong></span> <span class='ocrx_word' id='word_1_606' title='bbox 283 4804 728 4862; x_wconf 79' lang='lat' dir='ltr'><strong>⁷⁹⁶ascendensdeGoslaria5.</strong></span> <span class='ocrx_word' id='word_1_607' title='bbox 767 4806 800 4841; x_wconf 74' lang='lat'><strong>⁷⁰⁷</strong></span> <span class='ocrx_word' id='word_1_608' title='bbox 816 4807 1014 4889; x_wconf 83' lang='lat' dir='ltr'><strong>magadoburg</strong></span> <span class='ocrx_word' id='word_1_609' title='bbox 1028 4808 1055 4862; x_wconf 86' lang='lat'><strong>3.</strong></span> <span class='ocrx_word' id='word_1_610' title='bbox 1098 4805 1223 4859; x_wconf 69' lang='lat' dir='ltr'><strong>lltitct.</strong></span> <span class='ocrx_word' id='word_1_611' title='bbox 1262 4802 1340 4858; x_wconf 66' lang='lat' dir='ltr'><strong>”let</strong></span> <span class='ocrx_word' id='word_1_612' title='bbox 1354 4803 1381 4857; x_wconf 90' lang='lat'><strong>5.</strong></span> <span class='ocrx_word' id='word_1_613' title='bbox 1420 4802 1592 4861; x_wconf 76' lang='lat' dir='ltr'><strong>⁸⁰⁰decati.</strong></span> <span class='ocrx_word' id='word_1_614' title='bbox 1637 4806 1766 4865; x_wconf 80' lang='lat' dir='ltr'><strong>⁸⁰¹s&#39;tcl.</strong></span> <span class='ocrx_word' id='word_1_615' title='bbox 1795 4802 1817 4839; x_wconf 80' lang='lat'>¹</span> 
     </span>
    </p>
   </div>
   <div class='ocr_carea' id='block_1_8' title="bbox 131 4874 1441 4949">
    <p class='ocr_par' dir='ltr' id='par_1_10' title="bbox 131 4874 1441 4949">
     <span class='ocr_line' id='line_1_52' title="bbox 131 4874 1441 4949; baseline 0.001 -20"><span class='ocrx_word' id='word_1_616' title='bbox 131 4890 218 4946; x_wconf 90' lang='lat' dir='ltr'><strong>quam</strong></span> <span class='ocrx_word' id='word_1_617' title='bbox 236 4875 261 4930; x_wconf 80' lang='lat' dir='ltr'><strong>l.</strong></span> <span class='ocrx_word' id='word_1_618' title='bbox 300 4875 461 4932; x_wconf 76' lang='lat' dir='ltr'><strong>⁸⁰⁸iatert.</strong></span> <span class='ocrx_word' id='word_1_619' title='bbox 498 4877 533 4913; x_wconf 75' lang='lat'><strong>⁸⁰⁸</strong></span> <span class='ocrx_word' id='word_1_620' title='bbox 546 4877 618 4932; x_wconf 80' lang='lat' dir='ltr'><strong>deest</strong></span> <span class='ocrx_word' id='word_1_621' title='bbox 632 4879 658 4932; x_wconf 85' lang='lat'><strong>3.</strong></span> <span class='ocrx_word' id='word_1_622' title='bbox 697 4876 731 4913; x_wconf 77' lang='lat'><strong>⁸⁰³</strong></span> <span class='ocrx_word' id='word_1_623' title='bbox 746 4876 980 4949; x_wconf 87' lang='lat' dir='ltr'><strong>Magantrneusis</strong></span> <span class='ocrx_word' id='word_1_624' title='bbox 991 4878 1019 4934; x_wconf 88' lang='lat'><strong>3.</strong></span> <span class='ocrx_word' id='word_1_625' title='bbox 1058 4877 1092 4912; x_wconf 78' lang='lat'><strong>⁹⁰⁶</strong></span> <span class='ocrx_word' id='word_1_626' title='bbox 1107 4892 1174 4932; x_wconf 89' lang='lat' dir='ltr'><strong>cum</strong></span> <span class='ocrx_word' id='word_1_627' title='bbox 1190 4876 1216 4930; x_wconf 91' lang='lat'><strong>3.</strong></span> <span class='ocrx_word' id='word_1_628' title='bbox 1256 4876 1292 4912; x_wconf 67' lang='lat'><strong>⁸⁰²</strong></span> <span class='ocrx_word' id='word_1_629' title='bbox 1304 4874 1441 4932; x_wconf 87' lang='lat' dir='ltr'><strong>abcessit.</strong></span> 
     </span>
    </p>
   </div>
   <div class='ocr_carea' id='block_1_9' title="bbox 917 5000 1034 5058">
    <p class='ocr_par' dir='ltr' id='par_1_11' title="bbox 917 5000 1034 5058">
     <span class='ocr_line' id='line_1_53' title="bbox 917 5000 1034 5058; baseline -0.009 0"><span class='ocrx_word' id='word_1_630' title='bbox 917 5000 1034 5058; x_wconf 82' lang='lat' dir='ltr'><strong>NOTAE.</strong></span> 
     </span>
    </p>
   </div>
   <div class='ocr_carea' id='block_1_10' title="bbox 130 5102 1807 5542">
    <p class='ocr_par' dir='ltr' id='par_1_12' title="bbox 131 5102 1807 5251">
     <span class='ocr_line' id='line_1_54' title="bbox 163 5102 1807 5234; baseline -0.002 -68"><span class='ocrx_word' id='word_1_631' title='bbox 163 5110 238 5183; x_wconf 85' lang='grc'>(278)</span> <span class='ocrx_word' id='word_1_632' title='bbox 252 5111 282 5166; x_wconf 89' lang='lat' dir='ltr'><strong>S.</strong></span> <span class='ocrx_word' id='word_1_633' title='bbox 299 5110 404 5182; x_wconf 88' lang='lat' dir='ltr'><strong>Speus,</strong></span> <span class='ocrx_word' id='word_1_634' title='bbox 428 5109 586 5173; x_wconf 75' lang='lat' dir='ltr'><strong>confessor,</strong></span> <span class='ocrx_word' id='word_1_635' title='bbox 611 5109 696 5179; x_wconf 88' lang='lat' dir='ltr'><strong>cujus</strong></span> <span class='ocrx_word' id='word_1_636' title='bbox 710 5107 772 5164; x_wconf 86' lang='lat' dir='ltr'><strong>dies</strong></span> <span class='ocrx_word' id='word_1_637' title='bbox 787 5109 955 5165; x_wconf 82' lang='lat' dir='ltr'><strong>anniversa·</strong></span> <span class='ocrx_word' id='word_1_638' title='bbox 1046 5106 1121 5234; x_wconf 43' lang='lat'><strong>8²8⁰)</strong></span> <span class='ocrx_word' id='word_1_639' title='bbox 1134 5107 1176 5163; x_wconf 83' lang='lat' dir='ltr'><strong>cf.</strong></span> <span class='ocrx_word' id='word_1_640' title='bbox 1194 5106 1293 5164; x_wconf 86' lang='lat' dir='ltr'><strong>Barth.</strong></span> <span class='ocrx_word' id='word_1_641' title='bbox 1310 5105 1461 5163; x_wconf 89' lang='lat' dir='ltr'><strong>animadv.</strong></span> <span class='ocrx_word' id='word_1_642' title='bbox 1477 5105 1515 5163; x_wconf 91' lang='lat' dir='ltr'><strong>ad</strong></span> <span class='ocrx_word' id='word_1_643' title='bbox 1533 5108 1649 5169; x_wconf 83' lang='lat' dir='ltr'><strong>Britan.</strong></span> <span class='ocrx_word' id='word_1_644' title='bbox 1665 5102 1807 5187; x_wconf 77' lang='lat' dir='ltr'><strong>Philippii</strong></span> 
     </span>
     <span class='ocr_line' id='line_1_55' title="bbox 131 5179 1265 5251; baseline -0.007 -13"><span class='ocrx_word' id='word_1_645' title='bbox 131 5184 193 5239; x_wconf 90' lang='lat' dir='ltr'><strong>rius</strong></span> <span class='ocrx_word' id='word_1_646' title='bbox 209 5183 312 5240; x_wconf 90' lang='lat' dir='ltr'><strong>incidit</strong></span> <span class='ocrx_word' id='word_1_647' title='bbox 328 5184 357 5237; x_wconf 91' lang='lat' dir='ltr'><strong>in</strong></span> <span class='ocrx_word' id='word_1_648' title='bbox 371 5182 399 5236; x_wconf 93' lang='lat' dir='ltr'><strong>d.</strong></span> <span class='ocrx_word' id='word_1_649' title='bbox 413 5182 447 5235; x_wconf 88' lang='grc'><strong>28</strong></span> <span class='ocrx_word' id='word_1_650' title='bbox 462 5180 582 5236; x_wconf 74' lang='lat' dir='ltr'><strong>ianuar.</strong></span> <span class='ocrx_word' id='word_1_651' title='bbox 1009 5179 1044 5234; x_wconf 82' lang='lat'><strong>78</strong></span> <span class='ocrx_word' id='word_1_652' title='bbox 1067 5223 1073 5242; x_wconf 87' lang='lat'><strong>,</strong></span> <span class='ocrx_word' id='word_1_653' title='bbox 1090 5196 1118 5250; x_wconf 88' lang='lat' dir='ltr'><strong>p.</strong></span> <span class='ocrx_word' id='word_1_654' title='bbox 1134 5181 1186 5234; x_wconf 78' lang='grc'><strong>348</strong></span> <span class='ocrx_word' id='word_1_655' title='bbox 1201 5196 1265 5251; x_wconf 89' lang='lat' dir='ltr'><strong>sqq.</strong></span> 
     </span>
    </p>

    <p class='ocr_par' dir='ltr' id='par_1_13' title="bbox 130 5244 1807 5542">
     <span class='ocr_line' id='line_1_56' title="bbox 163 5244 1805 5324; baseline 0.003 -16"><span class='ocrx_word' id='word_1_656' title='bbox 163 5255 237 5324; x_wconf 80' lang='grc'>(279)</span> <span class='ocrx_word' id='word_1_657' title='bbox 253 5252 409 5318; x_wconf 80' lang='lat' dir='ltr'><strong>Tabulam,</strong></span> <span class='ocrx_word' id='word_1_658' title='bbox 422 5253 507 5323; x_wconf 89' lang='lat' dir='ltr'><strong>cujus</strong></span> <span class='ocrx_word' id='word_1_659' title='bbox 520 5252 718 5322; x_wconf 78' lang='lat' dir='ltr'><strong>fragmentum</strong></span> <span class='ocrx_word' id='word_1_660' title='bbox 745 5251 821 5305; x_wconf 83' lang='lat' dir='ltr'><strong>intra</strong></span> <span class='ocrx_word' id='word_1_661' title='bbox 838 5249 956 5323; x_wconf 89' lang='lat' dir='ltr'><strong>iegitur,</strong></span> <span class='ocrx_word' id='word_1_662' title='bbox 1047 5251 1122 5322; x_wconf 86' lang='grc'>(281)</span> <span class='ocrx_word' id='word_1_663' title='bbox 1137 5251 1177 5306; x_wconf 89' lang='lat' dir='ltr'><strong>De</strong></span> <span class='ocrx_word' id='word_1_664' title='bbox 1203 5251 1259 5306; x_wconf 90' lang='lat' dir='ltr'><strong>boc</strong></span> <span class='ocrx_word' id='word_1_665' title='bbox 1279 5246 1420 5304; x_wconf 84' lang='lat' dir='ltr'><strong>miraculo</strong></span> <span class='ocrx_word' id='word_1_666' title='bbox 1435 5247 1494 5305; x_wconf 84' lang='lat' dir='ltr'><strong>vid.</strong></span> <span class='ocrx_word' id='word_1_667' title='bbox 1513 5249 1677 5311; x_wconf 72' lang='lat' dir='ltr'><strong>Hontheim</strong></span> <span class='ocrx_word' id='word_1_668' title='bbox 1699 5244 1805 5313; x_wconf 66' lang='lat' dir='ltr'><strong>medad</strong></span> 
     </span>
     <span class='ocr_line' id='line_1_57' title="bbox 131 5321 1253 5394; baseline -0.003 -15"><span class='ocrx_word' id='word_1_669' title='bbox 131 5324 309 5380; x_wconf 85' lang='lat' dir='ltr'><strong>indicantem</strong></span> <span class='ocrx_word' id='word_1_670' title='bbox 328 5325 418 5380; x_wconf 89' lang='lat' dir='ltr'><strong>situm</strong></span> <span class='ocrx_word' id='word_1_671' title='bbox 435 5339 588 5394; x_wconf 90' lang='lat' dir='ltr'><strong>corporum</strong></span> <span class='ocrx_word' id='word_1_672' title='bbox 606 5323 635 5375; x_wconf 86' lang='lat' dir='ltr'><strong>S.</strong></span> <span class='ocrx_word' id='word_1_673' title='bbox 656 5321 768 5377; x_wconf 85' lang='lat' dir='ltr'><strong>Paulini</strong></span> <span class='ocrx_word' id='word_1_674' title='bbox 785 5322 914 5394; x_wconf 90' lang='lat' dir='ltr'><strong>archiep.</strong></span> <span class='ocrx_word' id='word_1_675' title='bbox 929 5327 958 5378; x_wconf 90' lang='lat' dir='ltr'><strong>et</strong></span> <span class='ocrx_word' id='word_1_676' title='bbox 1010 5339 1035 5378; x_wconf 90' lang='lat' dir='ltr'><strong>c.</strong></span> <span class='ocrx_word' id='word_1_677' title='bbox 1053 5340 1081 5394; x_wconf 84' lang='lat' dir='ltr'><strong>p.</strong></span> <span class='ocrx_word' id='word_1_678' title='bbox 1099 5323 1253 5379; x_wconf 74' lang='lat' dir='ltr'><strong>lau-125.</strong></span> 
     </span>
     <span class='ocr_line' id='line_1_58' title="bbox 131 5390 1785 5470; baseline 0.001 -21"><span class='ocrx_word' id='word_1_679' title='bbox 131 5395 179 5451; x_wconf 89' lang='lat' dir='ltr'><strong>SS.</strong></span> <span class='ocrx_word' id='word_1_680' title='bbox 197 5403 359 5469; x_wconf 83' lang='lat' dir='ltr'><strong>martyrum</strong></span> <span class='ocrx_word' id='word_1_681' title='bbox 377 5396 427 5468; x_wconf 92' lang='lat' dir='ltr'><strong>qui</strong></span> <span class='ocrx_word' id='word_1_682' title='bbox 445 5395 500 5450; x_wconf 84' lang='lat' dir='ltr'><strong>sub</strong></span> <span class='ocrx_word' id='word_1_683' title='bbox 527 5392 702 5450; x_wconf 84' lang='lat' dir='ltr'><strong>Maximiano</strong></span> <span class='ocrx_word' id='word_1_684' title='bbox 727 5394 854 5449; x_wconf 82' lang='lat' dir='ltr'><strong>Treviris</strong></span> <span class='ocrx_word' id='word_1_685' title='bbox 878 5393 958 5466; x_wconf 86' lang='lat' dir='ltr'><strong>passi</strong></span> <span class='ocrx_word' id='word_1_686' title='bbox 1048 5393 1123 5460; x_wconf 68' lang='grc'>(282)</span> <span class='ocrx_word' id='word_1_687' title='bbox 1138 5393 1180 5449; x_wconf 86' lang='lat' dir='ltr'><strong>Gi.</strong></span> <span class='ocrx_word' id='word_1_688' title='bbox 1197 5392 1372 5460; x_wconf 87' lang='lat' dir='ltr'><strong>Wedekind,</strong></span> <span class='ocrx_word' id='word_1_689' title='bbox 1386 5390 1453 5449; x_wconf 87' lang='lat' dir='ltr'><strong>Not.</strong></span> <span class='ocrx_word' id='word_1_690' title='bbox 1470 5396 1493 5447; x_wconf 91' lang='lat' dir='ltr'><strong>t.</strong></span> <span class='ocrx_word' id='word_1_691' title='bbox 1512 5391 1551 5462; x_wconf 88' lang='lat'><strong>11,</strong></span> <span class='ocrx_word' id='word_1_692' title='bbox 1566 5394 1644 5454; x_wconf 81' lang='lat' dir='ltr'><strong>iaec.</strong></span> <span class='ocrx_word' id='word_1_693' title='bbox 1659 5399 1688 5462; x_wconf 83' lang='lat'><strong>8,</strong></span> <span class='ocrx_word' id='word_1_694' title='bbox 1702 5415 1728 5470; x_wconf 94' lang='lat' dir='ltr'><strong>p.</strong></span> <span class='ocrx_word' id='word_1_695' title='bbox 1741 5395 1785 5451; x_wconf 74' lang='lat' dir='ltr'><strong>aa.</strong></span> 
     </span>
     <span class='ocr_line' id='line_1_59' title="bbox 130 5459 1807 5542; baseline 0.004 -21"><span class='ocrx_word' id='word_1_696' title='bbox 130 5473 211 5531; x_wconf 89' lang='lat' dir='ltr'><strong>sunt,</strong></span> <span class='ocrx_word' id='word_1_697' title='bbox 227 5467 345 5523; x_wconf 88' lang='lat' dir='ltr'><strong>exbibet</strong></span> <span class='ocrx_word' id='word_1_698' title='bbox 359 5466 516 5524; x_wconf 90' lang='lat' dir='ltr'><strong>Hontheim</strong></span> <span class='ocrx_word' id='word_1_699' title='bbox 533 5465 638 5522; x_wconf 87' lang='lat' dir='ltr'><strong>Hister.</strong></span> <span class='ocrx_word' id='word_1_700' title='bbox 657 5466 810 5522; x_wconf 85' lang='lat' dir='ltr'><strong>Trevirens</strong></span> <span class='ocrx_word' id='word_1_701' title='bbox 838 5464 909 5538; x_wconf 88' lang='lat' dir='ltr'><strong>dipl.</strong></span> <span class='ocrx_word' id='word_1_702' title='bbox 925 5482 955 5538; x_wconf 94' lang='lat' dir='ltr'><strong>p.</strong></span> <span class='ocrx_word' id='word_1_703' title='bbox 1058 5464 1122 5534; x_wconf 86' lang='grc'>283)</span> <span class='ocrx_word' id='word_1_704' title='bbox 1139 5464 1203 5521; x_wconf 89' lang='lat' dir='ltr'><strong>Vid.</strong></span> <span class='ocrx_word' id='word_1_705' title='bbox 1219 5465 1350 5521; x_wconf 87' lang='lat' dir='ltr'><strong>Gerbert.</strong></span> <span class='ocrx_word' id='word_1_706' title='bbox 1367 5464 1404 5520; x_wconf 92' lang='lat' dir='ltr'><strong>de</strong></span> <span class='ocrx_word' id='word_1_707' title='bbox 1427 5463 1589 5539; x_wconf 75' lang='lat' dir='ltr'><strong>liudolpho</strong></span> <span class='ocrx_word' id='word_1_708' title='bbox 1605 5469 1733 5539; x_wconf 87' lang='lat' dir='ltr'><strong>Suavioo,</strong></span> <span class='ocrx_word' id='word_1_709' title='bbox 1744 5484 1768 5542; x_wconf 81' lang='lat' dir='ltr'><strong>p·</strong></span> <span class='ocrx_word' id='word_1_710' title='bbox 1779 5459 1807 5516; x_wconf 71' lang='lat'><strong>¹⁸·</strong></span> 
     </span>
    </p>
   </div>
   <div class='ocr_carea' id='block_1_11' title="bbox 127 5535 1264 5681">
    <p class='ocr_par' dir='ltr' id='par_1_14' title="bbox 127 5535 1264 5681">
     <span class='ocr_line' id='line_1_60' title="bbox 127 5535 1094 5663; baseline 0.001 -71"><span class='ocrx_word' id='word_1_711' title='bbox 127 5553 147 5603; x_wconf 85' lang='lat' dir='ltr'><strong>r,</strong></span> <span class='ocrx_word' id='word_1_712' title='bbox 167 5554 196 5608; x_wconf 92' lang='lat' dir='ltr'><strong>p,</strong></span> <span class='ocrx_word' id='word_1_713' title='bbox 212 5538 277 5594; x_wconf 78' lang='lat'><strong>221.</strong></span> <span class='ocrx_word' id='word_1_714' title='bbox 295 5555 360 5611; x_wconf 89' lang='lat' dir='ltr'><strong>sqq.</strong></span> <span class='ocrx_word' id='word_1_715' title='bbox 376 5557 382 5605; x_wconf 91' lang='lat'>;</span> <span class='ocrx_word' id='word_1_716' title='bbox 399 5539 436 5595; x_wconf 86' lang='lat' dir='ltr'><strong>ci.</strong></span> <span class='ocrx_word' id='word_1_717' title='bbox 453 5538 551 5609; x_wconf 81' lang='lat' dir='ltr'><strong>ejusd.</strong></span> <span class='ocrx_word' id='word_1_718' title='bbox 566 5536 718 5594; x_wconf 80' lang='lat' dir='ltr'><strong>Proarom.</strong></span> <span class='ocrx_word' id='word_1_719' title='bbox 736 5535 805 5594; x_wconf 92' lang='lat' dir='ltr'><strong>hist.</strong></span> <span class='ocrx_word' id='word_1_720' title='bbox 820 5538 916 5600; x_wconf 83' lang='lat' dir='ltr'><strong>Trev..</strong></span> <span class='ocrx_word' id='word_1_721' title='bbox 927 5554 957 5610; x_wconf 91' lang='lat' dir='ltr'><strong>p.</strong></span> <span class='ocrx_word' id='word_1_722' title='bbox 1012 5553 1094 5663; x_wconf 55' lang='lat' dir='ltr'><strong>sqq8</strong></span> 
     </span>
     <span class='ocr_line' id='line_1_61' title="bbox 128 5606 1264 5681; baseline -0.001 -17"><span class='ocrx_word' id='word_1_723' title='bbox 128 5625 148 5678; x_wconf 91' lang='lat'><strong>1,</strong></span> <span class='ocrx_word' id='word_1_724' title='bbox 166 5626 194 5679; x_wconf 94' lang='lat' dir='ltr'><strong>p.</strong></span> <span class='ocrx_word' id='word_1_725' title='bbox 209 5610 256 5677; x_wconf 90' lang='grc'><strong>70,</strong></span> <span class='ocrx_word' id='word_1_726' title='bbox 272 5625 338 5681; x_wconf 89' lang='lat' dir='ltr'><strong>sqq.</strong></span> <span class='ocrx_word' id='word_1_727' title='bbox 354 5609 434 5666; x_wconf 87' lang='grc'><strong>87-</strong></span> <span class='ocrx_word' id='word_1_728' title='bbox 450 5611 513 5666; x_wconf 70' lang='grc'>124.</span> <span class='ocrx_word' id='word_1_729' title='bbox 1048 5608 1057 5680; x_wconf 94' lang='grc'>(</span> <span class='ocrx_word' id='word_1_730' title='bbox 1097 5606 1264 5681; x_wconf 69' lang='grc' dir='ltr'>4)Α.1068.</span> 
     </span>
    </p>
   </div>
   <div class='ocr_carea' id='block_1_12' title="bbox 0 0 1960 6096">
    <p class='ocr_par' dir='ltr' id='par_1_15' title="bbox 0 0 1960 6096">
     <span class='ocr_line' id='line_1_62' title="bbox 0 0 1960 6096; baseline 0 0"><span class='ocrx_word' id='word_1_731' title='bbox 0 0 1960 6096; x_wconf 95' lang='lat' dir='ltr'><strong> </strong></span> 
     </span>
    </p>
   </div>
  </div>
 </body>
</html>
