3892 6096
110 278 184 376 aar

638 308 670 372 S.
692 310 858 375 toarals
882 308 1105 373 auaueuarl
1127 307 1296 372 casaris

1764 303 1824 368 692

114 447 173 506 fida
183 446 334 505 firmatum
345 446 539 517 reportans,et
549 444 870 517 marsupiumprolecto
881 462 939 501 non
954 444 982 511 A
996 443 1134 515 deinceps
1148 441 1300 500 monachis
1315 439 1383 498 lacti
1399 443 1469 499 sunt
1483 434 1825 512 adjutoreaipsiuseon·

115 554 253 595 vacuum.
269 537 425 607 Acceperat
449 533 526 589 enim
548 551 565 590 a
588 533 711 591 bomine
733 534 803 591 Jesu
826 533 942 590 Christo

998 534 1170 589 damnantes
1183 537 1213 590 et
1225 532 1465 605 blasphemantes
1478 528 1679 587 omnimodam
1696 525 1824 601 pravite-

116 626 230 684 vultum
247 623 385 680 omnibus
399 627 528 696 gratum,
551 627 579 680 et
602 640 768 679 sermonem
795 623 944 696 placidum
997 624 1068 679 tem.

119 714 265 783 exhibere,
280 729 460 785 manumque
472 712 584 786 largam
600 713 634 769 ad
657 713 857 785 praebendum,
873 714 944 768 dum

120 802 243 860 facultas
258 801 284 857 ci
297 806 475 875 suppeteret.

429 892 545 948 CAPUT
566 893 636 949 Llll.

155 983 222 1039 lam
238 982 357 1039 amissis
372 981 508 1055 plurimis
524 999 587 1054 quae
602 983 680 1039 Deus
696 999 748 1055 pcr
762 984 825 1053 ejus
842 980 947 1038 nierita

120 1071 449 1143 declaraverat,tcmpus
459 1071 566 1144 expetit
577 1072 682 1127 reterre
690 1072 806 1144 qualem
818 1076 846 1127 et
857 1087 947 1143 quan·

120 1164 181 1216 tam
196 1176 326 1234 pugnum
342 1164 443 1216 contra
458 1160 656 1217 simoniacam
679 1160 813 1217 baeresim
836 1160 946 1216 lohan-

120 1266 174 1306 nes
189 1253 271 1322 pater
286 1266 353 1305 eum
376 1249 449 1318 suis,
474 1254 549 1306 teste
573 1249 701 1306 maxima
727 1255 809 1322 parte
832 1248 946 1305 mundi.

122 1342 180 1395 Deo
196 1338 332 1412 propitio,
349 1338 449 1412 gessit.

437 1428 555 1485 CAPUT
573 1429 628 1485 Lx.

160 1516 242 1573 Sicut
263 1534 353 1591 supra
376 1517 489 1574 dictum
514 1524 568 1587 eat,
592 1522 720 1575 loannes
735 1521 818 1590 pater
832 1518 950 1574 Petrum

126 1604 299 1664 Florentiae
310 1605 445 1664 Ecclesiae
460 1606 660 1662 simoniacum
675 1605 839 1662 invasorem
854 1609 952 1678 aperte

1306 712 1424 768 CAPUT
1445 710 1514 767 LXl.

1034 801 1173 873 Sequenti
1187 816 1255 857 vero
1271 800 1317 857 die
1332 803 1393 856 tam
1413 798 1547 855 homines
1571 812 1661 869 quam
1685 796 1826 853 mulieres

1000 891 1150 948 Florentia
1164 890 1200 946 ad
1217 889 1419 963 supradictum
1435 887 1601 946 coenobium
1624 890 1781 952 venerunt,
1798 889 1827 941 et

1001 980 1168 1054 quicunque
1178 983 1311 1051 poterant
1321 976 1547 1034 necessitatibus
1559 976 1684 1032 fratrum
1696 990 1830 1032 necessa·

1001 1070 1044 1126 ria
1055 1068 1179 1126 fideliter
1188 1066 1498 1125 obtuleruntFelicem
1510 1082 1541 1121 se
1553 1064 1678 1137 quisque
1690 1063 1830 1120 credebat

1002 1157 1163 1230 sialiqucm
1175 1154 1495 1213 monachorumvidere
1515 1153 1640 1225 valebat,
1656 1156 1710 1208 ant
1729 1168 1831 1209 eorum

1002 1263 1118 1305 sacrum
1136 1246 1311 1319 sanguinem
1326 1246 1425 1301 lusum
1441 1260 1475 1299 ex
1490 1248 1578 1314 terra,
1589 1241 1743 1316 lapidibus
1758 1247 1788 1299 et
1800 1240 1832 1297 li-

1003 1336 1080 1411 gnis,
1097 1335 1159 1392 suis
1175 1334 1280 1408 pannis
1295 1337 1394 1407 posset
1407 1331 1731 1405 extergere,cupientee
1747 1329 1832 1388 illum

1004 1443 1056 1499 pre
1072 1424 1188 1498 magnis
1203 1423 1333 1496 reliquiis
1350 1439 1450 1479 secum
1465 1422 1582 1479 hahere.

1305 1512 1420 1569 CAPUT
1441 1512 1525 1568 Lllll.

1042 1603 1149 1660 Beatus
1164 1607 1261 1660 autem
1272 1603 1400 1659 loannes
1408 1600 1619 1658 vallumbrosa
1627 1599 1831 1673 tuncpositas,

127 1694 316 1765 clamaverat3
331 1694 426 1751 adhuc
441 1695 529 1750 etiam
553 1694 664 1767 eligens
688 1711 756 1750 cum
776 1694 839 1750 suis
855 1695 952 1766 potius
1007 1693 1130 1748 audiens
1141 1692 1219 1763 quod
1230 1690 1386 1761 acciderat,
1400 1706 1497 1747 amore
1509 1689 1642 1764 martyrii
1656 1688 1830 1763 llagransad

128 1783 262 1841 amittere
276 1782 430 1839 mortalem
445 1783 545 1852 vitam,
562 1799 651 1854 quam
676 1782 769 1840 celare
789 1783 952 1855 veritatem,
967 1816 991 1881 B
1007 1782 1147 1838 Sanctum
1161 1780 1289 1837 Salvium
1305 1778 1429 1836 festinus
1439 1779 1526 1836 venit.
1542 1779 1688 1836 abbatem
1703 1782 1830 1835 ceteror-

126 1872 225 1945 ipsum
242 1871 359 1927 Petrum
375 1888 433 1927 nen
447 1875 564 1928 tantum
579 1871 790 1941 Simoniacum,
802 1871 951 1929 sedetiam
1008 1887 1064 1943 quc
1080 1871 1182 1926 iratres
1199 1869 1374 1942 flagellatos,
1390 1886 1492 1937 caesos,
1507 1870 1603 1925 nudos
1628 1867 1828 1938 considerans,

48 1948 50 1953 ¹
127 1959 295 2017 haereticum
311 1976 387 2033 saepe
401 1960 516 2016 dicebat
531 1979 537 2017 :
555 1962 632 2017 unde
647 1961 952 2034 pervalidacontentio
1006 1958 1079 2014 dixit
1095 1976 1128 2015 2«
1146 1959 1228 2013 Nune
1243 1974 1309 2015 vere
1324 1957 1460 2014 monachi
1475 1957 1557 2027 estis,
1573 1956 1623 2014 sed
1638 1973 1696 2013 cur
1709 1955 1775 2014 sine
1788 1971 1828 2013 mc

127 2049 157 2105 in
180 2047 290 2105 clerum
306 2052 335 2104 et
353 2049 494 2121 populum
518 2049 718 2107 Florentinum
734 2055 797 2107 orta
820 2054 873 2106 est.
896 2049 952 2106 lilii
1007 2048 1062 2104 hoc
1085 2047 1210 2119 perterre
1230 2047 1385 2104 voluistis?
1400 2070 1412 2100 ι
1430 2046 1521 2103 Valde
1536 2046 1614 2102 enim
1635 2044 1734 2104 doluit
1758 2044 1828 2117 quod

127 2137 433 2211 quidem,tcmporclia
448 2141 603 2195 commoda
617 2139 888 2214 diligentes,ipsum
902 2139 954 2195 de·
1008 2136 1132 2210 prelato
1148 2135 1343 2208 persecutioni
1359 2135 1458 2192 minus
1474 2135 1827 2193 interluitvarumtamen

126 2227 300 2292 tendebant;
316 2227 365 2284 alii
381 2245 448 2284 cum
464 2228 627 2300 monachis,
643 2231 706 2301 jam
718 2229 834 2285 illerum
851 2228 953 2285 crude·
1009 2226 1038 2281 io
1055 2225 1109 2281 bac
1124 2225 1187 2297 ipse
1202 2225 1334 2298 martyrii
1349 2225 1483 2280 bravium
1499 2223 1693 2296 obtinuit,qui
1707 2224 1828 2297 discipu·

127 2316 206 2373 libus
220 2316 328 2389 verbis,
344 2316 438 2373 eidem
454 2318 655 2375 vehementius
670 2318 861 2375 obsistebant.
881 2324 954 2373 bum
1009 2313 1104 2371 lorum
1123 2318 1236 2370 mentes
1252 2315 1288 2370 ad
1304 2330 1421 2370 omnem
1436 2313 1621 2370 tolerantiam
1636 2312 1782 2370 incitavit.
1795 2313 1827 2369 ll

129 2406 190 2462 hac
205 2405 452 2479 igitureentcntio
461 2423 513 2478 per
523 2406 585 2463 dies
597 2407 706 2463 multos
718 2408 794 2462 inter
804 2406 914 2463 elerum
928 2410 956 2462 et
1010 2403 1065 2458 hoc
1080 2402 1169 2458 etiam
1184 2402 1272 2472 venit,
1288 2403 1366 2474 quod
1383 2419 1415 2458 se
1431 2402 1533 2472 teneri,
1551 2401 1705 2475 ilagellari,
1721 2402 1828 2459 detrun·

60 2510 62 2515 ·
132 2493 275 2568 populum
290 2493 458 2560 haberetur,
474 2503 501 2550 et
514 2496 619 2550 seditio
635 2495 702 2550 inde
717 2497 884 2567 frequenter
898 2494 957 2550 ori·
1012 2491 1070 2547 cari
1086 2492 1232 2563 sperabat,
1248 2495 1277 2546 ot
1289 2492 1380 2548 occidi
1398 2508 1451 2565 pro
1467 2491 1635 2548 defensione
1650 2489 1828 2548 catholicat-

132 2581 402 2649 retur,existimavit
416 2581 568 2638 haereticus
583 2586 686 2639 Petrus
702 2583 822 2640 clericas
832 2582 958 2639 etlaices
1012 2579 1069 2635 dci.
1086 2579 1219 2635 ltlonachi
1232 2597 1297 2636 voro
1307 2584 1387 2636 tanto
1403 2580 1537 2637 tortiores
1552 2581 1656 2637 exinde
1672 2579 1744 2637 laeti
1758 2583 1825 2650 sunt,

132 2669 188 2725 hoo
205 2669 290 2725 modo
306 2672 425 2741 terrere,
441 2671 466 2726 si
481 2672 641 2728 monachos
661 2675 786 2740 necaret,
812 2689 829 2726 a
851 2670 959 2742 quibus
1013 2673 1123 2742 quanto
1138 2669 1301 2726 securiores
1325 2671 1361 2726 de
1385 2686 1493 2725 corona
1514 2669 1658 2743 martyrii,
1674 2685 1766 2742 quam
1776 2670 1826 2742 jau

133 2759 222 2815 rerba
236 2759 292 2815 sibi
308 2758 453 2815 contraria
468 2759 610 2833 principia
626 2765 823 2833 sumpserant.
836 2760 960 2831 Proque
1014 2761 1271 2831 praegustaverant.
1287 2758 1361 2814 Nam
1376 2763 1508 2832 tempore
1522 2760 1625 2832 synodi
1653 2763 1759 2816 euntes
1784 2761 1825 2814 ile·

136 2864 167 2903 re
183 2847 275 2904 missa
289 2846 478 2905 multitudine
491 2849 660 2921 peditumet
670 2850 961 2921 equitum,n0oturne
1015 2850 1278 2915 rnam,constauter
1291 2851 1320 2903 ct
1334 2845 1450 2919 publice
1466 2850 1584 2904 Petrum
1599 2846 1827 2904 simoniacumet

138 2936 376 3008 tempore,jussit
386 2937 479 2993 sancti
490 2936 579 2993 Salvii
589 2937 829 3011 coenobiumigne
840 2937 961 2993 combu-
1015 2935 1186 2992 hereticum
1206 2935 1471 3008 proclamaverunt,
1495 2937 1593 3008 ignem
1614 2951 1646 2992 se
1671 2935 1825 3008 prolitentes

137 3023 373 3095 ri,etmonachos
388 3025 429 3081 ibi
445 3030 576 3099 repertos
587 3026 721 3084 interfici.
737 3027 881 3084 loannem
896 3041 962 3082 rere
1016 3024 1127 3081 intrare
1137 3024 1173 3080 ad
1188 3024 1284 3082 scelus
1298 3024 1393 3098 ipsius
1407 3023 1601 3098 probandum.
1613 3023 1826 3081 Alexanderao·

138 3115 250 3185 patrem
267 3112 328 3170 illic
343 3114 521 3171 existimavit
535 3119 605 3172 tunc
619 3116 806 3188 inveniri,sed
824 3116 963 3189 ipseprae·
1016 3117 1076 3169 tem
1103 3114 1188 3186 Papa,
1212 3115 1262 3185 qui
1286 3118 1358 3170 ωηο
1380 3112 1546 3186 apostolicus
1571 3113 1633 3168 sedi
1659 3111 1824 3185 praesidatu,

136 3201 223 3257 terito
237 3202 285 3258 die
297 3207 465 3261 recesserat.
480 3205 607 3277 ingressi
618 3204 709 3279 igitur
722 3205 962 3275 ecclesiam,dum
977 3184 1000 3253 G
1019 3218 1072 3259 nec
1086 3205 1157 3259 tunc
1171 3208 1342 3260 accusatum
1366 3201 1459 3258 voluit
1482 3203 1636 3274 deponere,
1653 3217 1708 3259 neo
1730 3201 1825 3276 igneam

136 3290 242 3347 iratres
256 3295 433 3348 nocturnum
447 3293 576 3349 officium
592 3293 779 3367 celebrarent,
803 3295 962 3369 evaginatis
1016 3290 1110 3364 legem
1125 3309 1142 3349 a
1158 3292 1309 3348 monachis
1324 3307 1450 3347 sumere.
1468 3292 1536 3347 Pars
1553 3290 1632 3346 enim
1649 3284 1826 3359 maximaepi·

136 3379 305 3449 ensibus,ut
319 3379 448 3437 immites
463 3382 696 3449 carnitlcas,oves
712 3384 819 3440 Christi
835 3387 964 3441 mactare
1018 3398 1173 3454 scaporum
1187 3381 1271 3437 Petra
1288 3382 1412 3452 larebat,
1426 3385 1454 3437 ct
1469 3395 1571 3437 amnes
1595 3396 1670 3452 pene
1693 3373 1825 3436 monachis

136 3468 352 3541 emperanthlii
368 3469 514 3541 siquidem
532 3471 561 3526 in
577 3471 670 3527 fronte
683 3476 745 3527 tam
759 3488 846 3544 grave
857 3472 964 3529 vulnus
1018 3474 1102 3527 erant
1116 3469 1245 3539 adversi;
1262 3470 1313 3526 sed
1330 3469 1553 3526 archidiacenus
1569 3467 1764 3541 lldeprandus
1779 3480 1824 3521 me

136 3557 305 3626 infixerunt,
320 3562 460 3630 utusque
475 3559 511 3614 ad
526 3559 728 3617 testitudinem
753 3561 863 3618 cerebri
887 3561 964 3618 acies
1019 3558 1183 3615 nachorem
1198 3559 1228 3615 in
1244 3558 1383 3615 omnibus
1398 3558 1515 3615 auditor
1538 3562 1566 3615 at
1590 3558 1730 3616 deleneor
1752 3557 1824 3614 iaetus

71 3666 74 3673 ⁴
138 3644 346 3715 ferriveniret3
362 3646 487 3703 alterum
512 3663 579 3703 vcro
603 3652 665 3705 tam
690 3648 873 3722 impiatum
896 3666 966 3723 gre·
1020 3650 1073 3703 ast.

137 3732 212 3790 viter
226 3734 282 3789 suh
297 3733 388 3791 oeulis
403 3739 623 3808 percusserunt,
639 3741 672 3793 ut
698 3753 789 3795 nasus
812 3742 841 3794 et
865 3739 966 3795 dentes

140 3838 208 3879 cum
232 3823 377 3896 superiori
391 3823 468 3880 labio
484 3841 501 3881 a
516 3825 687 3898 compagine
700 3824 786 3883 solita
801 3826 967 3884 divideren·
1056 3825 1164 3882 Deinde
1188 3841 1254 3882 cum
1278 3825 1315 3883 lis
1337 3827 1402 3899 ipsa
1423 3825 1554 3898 quotidie
1578 3830 1724 3883 cresceret
1739 3825 1766 3881 in
1781 3822 1825 3878 in·

139 3915 198 3979 tur,
214 3915 243 3968 et
257 3928 346 3984 super
360 3912 482 3969 barbam
499 3913 529 3969 in
545 3914 674 3970 interiori
690 3914 751 3993 loco
772 3915 933 3988 penderent
958 3933 965 3972 ε
1022 3931 1170 3984 mensum,
1184 3919 1266 3971 tanta
1280 3915 1444 3988 persecutio
1460 3914 1535 3971 iacta
1550 3918 1595 3971 est
1613 3914 1756 3971 adversus
1777 3909 1825 3968 ric

142 3999 190 4054 alii
206 4004 344 4072 praeterea
358 3999 522 4072 gladiorum
546 4002 653 4058 vulnus
678 4003 707 4058 in
732 4004 872 4061 interiore
896 4005 968 4061 fixe·
1022 4003 1171 4060 reatinum
1186 4003 1298 4060 clerum
1314 4002 1464 4060 catholicae
1474 4003 1612 4076 partis,ut
1625 4019 1691 4059 eam
1704 4019 1760 4060 nou
1771 4000 1828 4058 iem

142 4091 222 4141 runt.
239 4087 347 4142 Dehinc
362 4104 451 4159 super
465 4105 515 4145 aas
526 4090 615 4147 variis
630 4091 724 4164 plagis
739 4090 838 4163 illatis,
847 4093 968 4150 demum
1021 4091 1150 4148 valentes
1162 4091 1395 4167 archipresbyter
1409 4092 1517 4165 aliique
1532 4091 1829 4165 quamptureaexean·

143 4174 247 4231 altaria
261 4174 377 4246 penitus
392 4181 598 4245 everterant,et
611 4180 769 4252 depraedati
784 4186 854 4238 sunt
869 4182 970 4239 omnia
1023 4185 1067 4237 tes
1083 4181 1119 4236 de
1134 4181 1247 4236 civitate
1262 4183 1456 4255 confugerent
1470 4182 1653 4254 septimense
1663 4179 1831 4239 caenobium:

1327 3736 1443 3794 CAPUT
1462 3736 1558 3793 Llilll.

144 4263 402 4335 quaeinvcnerant.
424 4265 492 4322 Post
517 4267 588 4339 hacc,
618 4267 686 4341 igne
716 4270 853 4328 domibus
874 4271 968 4344 impe·
1024 4267 1833 4344 quihusJeennespaterbenignesusceptis,omnicha·

145 4352 212 4420 sito,
228 4353 381 4411 monachis
404 4354 435 4410 in
460 4355 582 4413 ecclesia
610 4362 722 4429 septem
747 4360 877 4432 psalmos
901 4377 968 4418 cum
1023 4360 1108 4416 ritate
1124 4359 1290 4416 subsidium
1306 4377 1358 4432 pro
1373 4376 1460 4431 pesse
1471 4359 1633 4416 larebatlio
1648 4363 1777 4433 tempore
1789 4357 1836 4413 dur

144 4441 261 4499 letaniis
288 4443 486 4515 cantantibus,
512 4448 541 4501 et
567 4445 598 4502 in
628 4445 708 4503 nullo
742 4448 967 4520 reluctantibus,
1024 4448 1358 4531 Gottiiredusitaparti
1383 4448 1460 4504 Petri
1484 4448 1666 4517 surchetut
1690 4448 1837 4507 minaretur

145 4548 200 4589 nec
214 4531 365 4589 silentium
380 4533 594 4608 lrangentibus,
620 4535 701 4609 ipsos
724 4539 850 4595 nudatos
874 4543 902 4595 et
926 4556 970 4596 se·
986 4551 1011 4618 D
1026 4535 1193 4593 interimere
1208 4536 1368 4593 monachos
1390 4542 1419 4592 et
1434 4536 1556 4594 elericos
1579 4537 1674 4594 eidem
1698 4537 1839 4601 adimi

147 4620 268 4678 mivivos
292 4620 491 4695 relinquentes
514 4624 663 4693 abierunt3
688 4642 757 4682 nam
782 4627 870 4683 etiam
894 4628 971 4699 ejus·
1028 4626 1135 4699 quade
1149 4642 1239 4683 causa
1254 4626 1327 4682 Petri
1345 4642 1414 4698 para
1428 4631 1499 4683 tune
1514 4625 1666 4698 aliquanto
1689 4623 1839 4698 prevaluit

147 4709 215 4765 dem
230 4711 401 4768 monasterii
416 4716 528 4784 patrem
545 4713 663 4771 nomine
686 4714 884 4785 Dominicum,
908 4733 974 4774 oon·

147 4799 311 4855 versatione
332 4801 564 4867 sanctissimum,
589 4804 670 4860 omni
694 4805 879 4862 nudaverunt
901 4806 973 4861 ami-

149 4892 208 4943 ctu.
225 4888 279 4953 Qui
290 4891 388 4943 tamen
399 4889 441 4943 sic
451 4890 560 4954 nudus,
572 4894 657 4965 cmpit
673 4892 796 4950 sollicite
808 4909 936 4965 quaererc
950 4892 975 4949 si

150 4974 221 5046 quid
234 4978 333 5046 posset
345 4975 473 5033 invenire
486 4982 562 5050 quod
578 4998 609 5037 se
625 4982 771 5049 indueret,
784 4983 902 5039 tandem
914 4982 974 5056 pcl-

150 5063 975 5138 liceumindumentum,quodohincuriaminterlratrum

150 5152 242 5212 lectos
256 5153 410 5222 ceciderat,
436 5154 556 5225 invenit,
579 5172 669 5228 saque
683 5157 768 5213 illum
783 5160 932 5216 dissutum
947 5165 976 5218 et

150 5245 334 5301 conscissum
350 5261 383 5301 ac
398 5247 541 5302 vetustate
557 5245 704 5318 dilapsum
716 5246 881 5305 induitSecl
898 5250 976 5306 uncle

150 5331 289 5389 inimicus
303 5334 452 5391 victoriam
470 5334 717 5393 sturnitationem
741 5337 892 5409 acquirere
913 5354 974 5394 cre·

152 5420 237 5487 didit,
252 5422 280 5475 ir.
294 5424 321 5478 lo
339 5424 548 5482 detrimentum
573 5430 602 5483 et
626 5425 829 5481 contusionem
854 5426 973 5484 invenit.

151 5510 224 5566 Nam
241 5510 325 5567 malti
340 5513 376 5567 de
390 5513 466 5571 clero
480 5519 508 5571 et
521 5515 638 5588 populo,
655 5514 703 5587 qui
720 5515 802 5587 prius
814 5517 878 5586 ejus
892 5516 974 5573 vide-

152 5600 261 5659 bantur
274 5616 339 5659 esse
349 5601 487 5677 lautores,
503 5605 597 5678 ipsius
612 5606 758 5664 intuentes
781 5604 972 5677 impietatem,

1028 4714 1095 4779 Qua
1111 4719 1209 4771 autem
1222 4713 1323 4788 lingua
1347 4713 1401 4770 lari
1421 4719 1515 4787 potest
1527 4713 1747 4788 persecutiones
1759 4718 1786 4771 st
1799 4728 1842 4771 an·

1028 4804 1144 4877 gestias
1155 4820 1228 4876 quas
1244 4820 1278 4861 ea
1292 4807 1464 4876 tempestate
1480 4802 1614 4861 catholici
1629 4798 1844 4878 suntperpeseii

1028 4892 1145 4949 Eisdem
1162 4909 1278 4967 quoquc
1291 4892 1394 4950 diebus
1410 4893 1548 4965 prelatus
1571 4891 1650 4965 Papa
1677 4891 1848 4951 Florentiam

1029 4983 1119 5055 venit,
1136 4990 1165 5038 et
1178 4983 1257 5055 ligna
1267 4986 1426 5055 praeparata
1443 4986 1471 5039 et
1495 4981 1659 5039 coadunata
1674 4986 1747 5039 sunt
1760 4983 1797 5039 ad
1809 4996 1849 5039 ec·

1030 5072 1214 5128 condendum
1229 5073 1327 5144 ignem
1336 5088 1424 5144 quem
1434 5070 1546 5143 ingredi
1557 5071 1691 5128 monachi
1700 5072 1853 5146 cupiebant

1029 5165 1063 5217 ut
1072 5161 1296 5232 comprobarent
1304 5176 1380 5232 sapa
1388 5159 1482 5216 iatum
1491 5159 1607 5215 Petrum
1618 5159 1820 5219 simoniacum
1828 5165 1855 5219 et

1029 5248 1197 5304 haereticum
1212 5264 1287 5304 osse.
1304 5248 1385 5315 Quod
1399 5264 1521 5304 examen
1538 5264 1613 5320 popa
1634 5251 1707 5305 tunc
1728 5251 1856 5325 recipere

1029 5336 1140 5405 renuit;
1156 5337 1207 5393 sed
1223 5336 1300 5393 clero
1315 5341 1344 5392 et
1360 5334 1466 5409 populo
1481 5337 1535 5392 sub
1551 5337 1652 5393 cadem
1676 5336 1729 5397 lite
1743 5340 1858 5409 relicto,

1029 5426 1173 5482 discessit.
1190 5427 1244 5482 Sed
1261 5425 1389 5499 qualitor
1402 5426 1596 5499 omnipotenti
1611 5426 1669 5484 Deo
1684 5429 1858 5502 predictam

1029 5519 1141 5588 pestem
1152 5516 1269 5572 tandem
1283 5516 1385 5572 sedare
1395 5520 1423 5573 et
1434 5532 1555 5589 prorsus
1569 5516 1732 5589 exstirpare
1743 5518 1861 5593 placue-

1029 5605 1077 5676 rit,
1094 5610 1126 5663 ut
1141 5604 1248 5666 clarius
1262 5605 1355 5679 possit
1370 5602 1505 5680 intelligi,
1520 5608 1581 5665 tcta
1595 5606 1721 5679 epistola
1737 5608 1859 5670 Florea-
