3892 6096
115 332 179 397 eu
802 337 1144 406 rrnrsvrsrouuu.
1765 302 1826 406 eac

116 458 259 541 perennio
269 460 446 524 videbantur
460 481 525 526 esse
536 468 667 544 verbera,
679 487 743 545 que
758 471 832 529 mibi
847 472 944 531 recolo
957 471 1138 551 Aeulleque
1162 472 1198 531 ed
1222 473 1398 548 condignam
1428 468 1630 549 penitentium
1659 471 1824 532 intentione
1867 520 1870 525 .

116 558 193 613 tunc
206 553 300 612 illoto·
318 554 397 612 luter
413 573 477 631 que
492 557 633 615 nimirum
654 561 774 618 verbere
788 562 885 619 visum
902 564 946 620 est
1000 561 1103 619 exinde
1121 567 1306 636 compuncto,

118 644 176 703 hoe
192 642 294 702 dietus
309 645 410 702 animo
430 645 554 720 volvere,
569 664 758 723 nequaquam
783 667 800 708 a
824 651 945 708 Domino
999 651 1157 710 confestim
1173 652 1288 727 publice
1302 653 1382 710 vario
1396 653 1537 726 languore
1550 651 1704 725 gravabar,

115 734 247 792 missum
261 733 312 807 qui
324 737 406 792 tento
417 751 596 808 quemquam
610 738 864 812 flagelloprociere
878 757 945 813 pos·
998 742 1043 811 llt,
1055 742 1133 815 quod
1148 741 1329 815 cunctigenis
1344 745 1389 799 est
1402 740 1470 815 plus
1484 739 1652 800 miserabile
1663 740 1786 810 morbis,

115 828 172 881 set.
187 822 246 880 Sed
260 827 291 880 et
304 824 359 881 hoc
372 824 547 883 reminiscor
560 827 632 885 mihi
648 829 743 886 visum
760 829 861 898 luisse,
875 831 945 903 quia
998 832 1093 899 Nunc,
1109 831 1193 905 quasi
1208 831 1406 905 phreneticus,
1421 830 1468 887 uix
1482 848 1500 887 a
1514 829 1616 889 multia
1631 830 1785 905 religatus,

115 911 353 986 quotiescunque
376 929 409 970 os
431 914 543 988 aperire
557 915 660 975 vellem
677 935 729 992 pro
744 919 829 975 venia
842 924 943 992 postu·
998 920 1065 978 Mox
1078 921 1157 979 velut
1170 921 1315 979 exanimis
1328 921 1558 994 desperatusque
1568 918 1717 991 jacebam,
1757 926 1768 937 ‘

112 999 214 1073 lenda,
227 1001 391 1074 moxquusi
401 1001 559 1076 indignans
570 1005 620 1078 qui
631 1023 678 1064 me
687 1006 860 1075 verberavit,
870 1008 947 1065 fero·
997 1009 1030 1065 In
1045 1011 1161 1067 tentum
1176 1025 1296 1083 pressus
1311 1012 1453 1067 conventu
1471 1009 1695 1074 demoniorum,

112 1088 195 1146 ciera
208 1089 330 1146 verbere
343 1088 506 1163 ampliavit,
517 1092 659 1165 objiciens
669 1096 803 1166 quedam
819 1095 944 1155 crimine
997 1095 1035 1157 Ui
1048 1113 1101 1154 uec
1115 1114 1167 1170 pro
1181 1098 1277 1167 venie,
1291 1115 1351 1172 qua
1362 1098 1424 1170 Jam
1441 1096 1635 1155 moribundus
1650 1095 1784 1169 egebam,

112 1195 181 1253 que
196 1178 271 1235 mihi
286 1183 358 1236 tunc
372 1178 549 1238 videbantur
562 1188 640 1253 note,
652 1200 807 1242 nuncvaro
821 1186 944 1244 minime
997 1183 1152 1242 Catholice
1167 1185 1235 1243 ildei
1250 1186 1413 1244 tenuissem
1429 1184 1502 1243 scite
1515 1183 1560 1242 vel
1575 1184 1635 1243 ulle
1652 1200 1659 1242 ε

114 1266 304 1325 reminiscor.
317 1270 447 1342 Cumque
457 1270 646 1345 flagellaque
658 1273 731 1330 mibi
742 1274 862 1346 quidem
872 1279 943 1333 tune
997 1272 1052 1332 Sed
1068 1274 1203 1349 resigna
1218 1275 1314 1332 crucia
1329 1274 1491 1347 potuissem
1506 1290 1613 1348 ponere
1631 1272 1732 1330 fronti.

111 1357 178 1415 viee
193 1357 311 1415 fuerant
325 1359 476 1432 perennia,
488 1376 540 1432 per
555 1364 670 1418 noctem
684 1379 750 1421 vero
764 1366 867 1433 totum,
883 1365 943 1420 mi·
996 1363 1109 1421 Interea
1123 1365 1224 1421 crebro
1238 1364 1303 1421 visu
1319 1362 1454 1437 rapiebar
1468 1379 1579 1430 amaro,

110 1445 201 1505 rebili
215 1463 322 1520 sopore
337 1449 495 1522 depressus
508 1450 707 1523 pertulissem,
723 1452 878 1527 primoque
893 1455 942 1512 de·
996 1454 1058 1520 Quo
1073 1451 1162 1510 nimis
1177 1452 1339 1511 horrendos
1354 1450 1437 1526 potui
1452 1467 1626 1525 cognoscere
1640 1466 1751 1524 penas.

111 1534 186 1593 binc
199 1534 383 1611 vigilassem,
399 1537 454 1594 boc
477 1543 576 1596 eutem
599 1540 664 1597 luce
686 1540 765 1599 clera
779 1543 843 1611 leci,
860 1546 941 1617 tuuc,
995 1540 1055 1599 Iloc
1070 1542 1186 1614 quoties
1200 1542 1305 1615 fuerat,
1322 1540 1395 1598 mibi
1409 1540 1505 1597 visum
1528 1544 1574 1597 est
1597 1555 1662 1597 ease
1681 1554 1818 1613 perenne.

110 1623 275 1682 recordatis
300 1641 363 1698 que
384 1626 514 1697 verbera,
531 1644 594 1701 que
609 1629 730 1687 vulnera
745 1630 857 1687 noviter
872 1648 942 1688 sen·
994 1630 1076 1689 'l'unc
1090 1633 1209 1689 tandem
1224 1632 1304 1690 sensi
1319 1633 1398 1705 quod
1414 1632 1478 1704 jam
1495 1634 1663 1687 mereantur
1677 1628 1783 1703 iniqui,

109 1713 322 1788 tirem,potavi
333 1717 941 1778 exeorumdemvulnerumcruorevestem
994 1722 1030 1779 ut
1044 1721 1166 1778 memini
1181 1721 1291 1778 dictum
1307 1739 1313 1778 :
1333 1725 1409 1778 Deus
1424 1719 1544 1794 inspicit
1557 1734 1644 1776 omne
1658 1722 1817 1789 secretum,

111 1805 279 1877 memeque
294 1802 474 1862 lectisternio
485 1806 657 1864 madefacta.
671 1806 831 1881 Postquam
843 1813 941 1867 autem
995 1809 1050 1879 Qut
1064 1809 1107 1868 sio
1122 1814 1229 1867 cuncta
1242 1810 1300 1867 mei
1316 1808 1472 1867 denudatis
1486 1806 1592 1864 intima
1606 1807 1704 1864 cordis

109 1890 174 1949 bec
187 1891 353 1949 discutiens
376 1893 458 1951 nullo
482 1895 546 1952 visu
571 1895 681 1954 cernuli
705 1897 828 1969 probare
846 1898 939 1972 potui,
994 1898 1110 1956 iudicio
1120 1900 1204 1971 justo
1219 1900 1299 1956 dedit
1313 1898 1361 1955 bis
1375 1913 1422 1955 me
1437 1912 1553 1970 semper
1567 1895 1674 1963 inesse,

109 1981 354 2054 circumspiciens
379 1984 509 2041 mirabor
532 1984 583 2042 ubi
609 2001 717 2058 essem,
739 1991 768 2044 et
793 1989 940 2060 quomodo
994 1990 1062 2054 Que
1076 1985 1146 2045 olim
1161 2003 1229 2045 cum
1245 1987 1367 2061 reliquis
1381 1986 1502 2044 evadere
1516 1999 1603 2059 posse
1618 1984 1727 2059 putavi.

111 2069 184 2127 talia
208 2070 412 2143 pertulissem,
437 2073 547 2146 diuque
571 2075 697 2132 miratus
726 2077 869 2150 opinabar
893 2093 941 2134 me
994 2077 1069 2136 Nem
1084 2077 1157 2134 nihil
1173 2076 1317 2149 injustum
1332 2093 1380 2133 me
1395 2080 1465 2133 tuuc
1480 2075 1607 2148 perferre
1620 2073 1774 2147 querebar,

112 2157 237 2217 insanie
252 2160 355 2218 morbo
370 2162 554 2236 depressum.
570 2164 625 2221 Sed
640 2164 747 2222 iterum
764 2166 800 2223 ab
814 2166 869 2223 beo
883 2165 942 2239 opi·
995 2170 1104 2224 Verum
1119 2166 1249 2224 mirabar
1264 2166 1368 2223 divine
1383 2167 1441 2223 vim
1457 2163 1585 2240 pietatis,

114 2248 202 2306 niune
226 2253 382 2320 retractus,
407 2257 436 2309 et
462 2252 655 2310 reminiscens
685 2256 763 2328 quod
792 2256 940 2328 quondam
995 2257 1138 2331 Tempore
1153 2257 1208 2313 sub
1223 2260 1305 2313 tento
1322 2254 1462 2312 stolidum
1478 2257 1587 2311 memet
1601 2252 1751 2326 patieutis.

115 2335 237 2412 legerim
252 2343 388 2398 sanctum
403 2340 611 2416 Hieronymum
632 2342 661 2399 in
681 2344 941 2402 somnisverbera·
1030 2347 1096 2404 Heu
1111 2345 1382 2403 autemiotlrmites
1397 2344 1428 2401 in
1443 2340 1816 2406 secundavsltertieQue·
1910 2340 1917 2361 ¹

115 2429 179 2482 tum
192 2427 298 2501 luisse,
309 2429 474 2487 urbitrobe'r
484 2431 557 2488 mibi
570 2431 681 2504 aliquid
694 2432 790 2490 simile
799 2434 939 2492 evenisse.
994 2436 1166 2509 dragesime
1177 2435 1361 2492 bebdomada
1370 2433 1513 2505 incipiens
1522 2430 1818 2489 continuavexetioue

117 2515 516 2591 llursumqoeabhucetiem
527 2521 689 2580 intentione
699 2528 850 2581 revocatus
861 2541 940 2598 sum,
994 2541 1090 2599 usque
1102 2525 1138 2582 ed
1154 2523 1256 2581 terium
1272 2524 1405 2596 quintam
1416 2522 1509 2580 Genu
1519 2520 1636 2578 Domini
1652 2536 1817 2595 persevera·

117 2607 303 2679 prosequod
314 2607 387 2665 mihi
401 2625 538 2682 perverso
548 2615 577 2668 st
590 2609 633 2667 illi
644 2616 745 2670 sancto
755 2613 818 2671 viro
829 2613 941 2672 nullius
993 2614 1045 2671 uit.
1066 2614 1098 2670 ln
1124 2616 1208 2670 nocte
1231 2611 1310 2671 enim
1334 2610 1467 2684 proxima
1491 2608 1662 2684 precedenti
1688 2608 1817 2682 quodem

117 2692 156 2750 rei
169 2693 336 2754 similitudo
349 2697 526 2755 conveniret.
994 2718 1099 2761 somno
1114 2701 1197 2759 suavi
1211 2705 1368 2770 recreatos,
1384 2699 1460 2758 vires
1474 2698 1607 2757 tantillas
1622 2697 1726 2755 exinde
1749 2713 1818 2754 rua·

148 2782 328 2857 Aliquandiu
354 2802 423 2859 ergo
448 2787 504 2844 hoe
527 2789 615 2846 modo
638 2794 795 2849 cunctatus
822 2792 940 2849 nutanti
993 2792 1067 2866 cepi.
1084 2790 1196 2860 Quibus
1210 2789 1352 2864 paulatim
1374 2789 1415 2847 ite
1436 2788 1645 2863 augmentetis,
1661 2791 1694 2844 ut
1717 2785 1816 2844 mein

117 2886 218 2945 gressu
233 2875 359 2947 surrexi,
384 2875 565 2947 excitatoque
587 2894 677 2950 puero
702 2880 752 2952 qui
773 2895 872 2938 eorem
893 2898 940 2938 me
994 2885 1096 2939 sancto
1110 2878 1501 2937 diePasobeadecolesiam
1513 2876 1817 2952 possevonircgretu·

117 2958 448 3037 dormivitinterrcgavi
458 2964 483 3021 si
494 2965 564 3036 quid
578 2965 722 3026 tumultus
732 2968 762 3024 in
773 2969 940 3028 babiteculo
993 2969 1081 3041 lacer,
1092 2973 1193 3042 postea
1204 2969 1260 3025 sub
1273 2973 1406 3042 tempore
1420 2985 1507 3042 parvo
1517 2969 1554 3025 ad
1570 2965 1726 3041 pristinam
1737 2964 1816 3023 sani·

115 3047 165 3106 illo
179 3054 271 3109 noctu
285 3052 425 3110 audiret?
439 3054 502 3119 Quo
523 3056 739 3129 respondente:
764 3057 854 3127 Nihil,
870 3063 941 3117 tuno
994 3060 1084 3114 tatem
1099 3058 1227 3129 perveni.
1244 3057 1357 3114 luteres
1376 3073 1443 3113 vero
1468 3055 1600 3129 plerique
1624 3055 1659 3111 de
1685 3054 1816 3128 proximo

67 3194 73 3201 .
114 3137 209 3213 magis
235 3139 389 3215 magisque
413 3142 574 3212 admirans,
590 3148 619 3200 et
637 3161 696 3201 non
715 3145 845 3204 recolens
861 3148 939 3220 quod
995 3145 1300 3203 seuctilimmerammi
1310 3145 1586 3202 cenobiomonecbi
1597 3161 1643 3202 me
1651 3143 1816 3216 visitantes,

115 3225 285 3299 spiritualia
299 3229 519 3304 sinequuquam
531 3233 672 3307 corporali
684 3234 782 3291 sonitu
793 3233 940 3305 eveniant,
955 3214 978 3281 G
996 3240 1025 3293 et
1040 3237 1156 3310 quante
1170 3232 1350 3291 infirmitatis
1366 3232 1515 3290 miseriam
1540 3231 1722 3305 pertulerim,
1738 3230 1817 3302 quod

115 3314 270 3372 abstraeta
282 3321 369 3392 veste
381 3319 453 3393 petii
466 3323 500 3377 ut
514 3320 539 3376 si
552 3321 627 3377 torte
640 3321 685 3378 vel
700 3321 730 3378 in
745 3324 832 3380 dorso
842 3324 942 3397 aliqua
996 3340 1113 3398 quoque
1128 3340 1186 3380 uon
1201 3323 1311 3379 frustra
1325 3322 1408 3378 fieret
1422 3321 1566 3394 correptio
1580 3324 1672 3389 tuem,
1687 3332 1817 3376 comme-

112 3403 260 3478 stigmata
274 3396 402 3465 ulceroso
423 3408 544 3477 videret,
559 3409 632 3466 mibi
657 3410 817 3470 intimaret.
833 3415 870 3470 At
892 3413 942 3485 ille
996 3418 1155 3482 morantes,
1166 3427 1242 3486 seps
1252 3415 1411 3469 suaserunt
1422 3414 1455 3466 ut
1464 3426 1511 3467 me
1520 3409 1681 3482 subjiciens
1691 3406 1817 3477 Christo,

113 3491 235 3566 punctis
250 3493 428 3568 quibusdem
443 3500 678 3558 excrescentibus
700 3517 818 3559 omnem
844 3506 940 3560 cutem
995 3503 1081 3575 cujus
1094 3501 1190 3574 gratia
1208 3499 1281 3557 mihi
1298 3499 1412 3556 reddita
1425 3499 1465 3557 aii
1479 3498 1549 3566 vita,
1565 3498 1641 3570 apud
1658 3511 1745 3553 suum
1760 3510 1817 3552 cte·

114 3580 257 3656 repletam
272 3598 338 3640 esse
347 3585 429 3643 dixit.
440 3587 522 3644 Tunc
537 3589 655 3646 tandem
669 3589 717 3645 vix
730 3591 851 3661 credidi,
863 3591 941 3665 quod
995 3590 1117 3649 nobium
1127 3588 1330 3646 monachalem
1340 3579 1519 3660 susciperem
1529 3586 1674 3644 hobitum.
1686 3585 1819 3659 ilgovero

115 3671 288 3728 omnimodo
301 3674 433 3747 probavi.
449 3675 552 3733 Fateor
567 3694 684 3752 quoque
700 3679 770 3752 quia
783 3683 854 3738 tunc
869 3680 941 3738 satis
995 3679 1025 3736 in
1036 3677 1296 3752 primis,pretariti
1307 3676 1459 3751 languoris
1469 3674 1648 3733 vexationem
1659 3673 1732 3731 setis
1742 3687 1819 3729 reco-

116 3758 349 3819 moditosaum
364 3762 470 3831 iubeo,
483 3765 616 3838 quod,ut
631 3783 721 3841 supra
735 3767 834 3836 retuli,
847 3769 942 3826 Domi·
996 3766 1070 3838 lens,
1086 3766 1241 3840 spopondi.
1257 3765 1367 3822 Deinde
1388 3781 1456 3823 vero
1480 3767 1591 3837 quanto
1607 3763 1673 3837 plus
1688 3759 1818 3836 corporis

116 3862 184 3905 num
209 3864 259 3907 me
283 3849 431 3925 flagellare
450 3852 531 3925 petii.
547 3854 694 3912 Patefacto
707 3872 776 3930 ergo
791 3861 941 3932 utcunque
995 3856 1123 3929 sospitas
1134 3856 1394 3928 augebatur,tantc
1405 3853 1501 3927 magis
1510 3853 1620 3912 oblitus
1628 3869 1702 3926 quos
1711 3867 1818 3925 pessus

116 3934 235 3995 νὶιίοηίι
248 3937 342 4012 hujus
356 3938 578 4013 qualitatebus
595 3943 764 4018 molestum,
775 3962 885 4018 queso,
898 3946 940 4003 vi·
995 3962 1075 4003 erem
1086 3945 1280 4010 cruciatus‚et
1290 3942 1501 4015 queruntvise
1511 3947 1652 4017 reputans
1661 3938 1819 3999 utsomnia

118 4024 374 4097 dexturlectori,ai
384 4045 525 4102 moxque
534 4034 940 4108 successeruntsubjungum,
994 4051 1079 4101 vena,
1090 4033 1223 4106 eJosdem
1237 4032 1404 4106 sponsionis
1418 4032 1610 4089 intentionem
1623 4028 1746 4107 neglexi.
1755 4032 1819 4085 Fex

120 4114 241 4185 quotie
252 4115 389 4174 videlicet
403 4134 450 4175 me
464 4120 658 4177 descendente
680 4138 697 4178 e
710 4121 892 4180 Hierusalem
910 4124 940 4180 in
995 4120 1818 4197 namquemeonondumeratexinanita,ideoquejustum

120 4200 230 4262 lericbo
244 4208 276 4263 et
289 4203 438 4264 incidente
452 4207 483 4264 in
497 4208 627 4266 latrones
640 4210 796 4282 pessimos,
813 4211 863 4284 qui
882 4229 940 4281 me,
995 4213 1051 4270 luit
1061 4217 1094 4269 ut
1105 4213 1141 4269 de
1151 4204 1242 4268 celice'
1251 4210 1301 4267 ire
1314 4211 1429 4268 Domini
1441 4211 1548 4268 iterum
1558 4213 1720 4285 gustarem,
1731 4207 1819 4267 seuti-

123 4288 313 4367 dcspolanties
323 4294 485 4370 plegssque
499 4297 693 4373 imponentes,
704 4299 882 4357 dimiserunt
895 4319 940 4360 se·
995 4317 1116 4375 remque
1124 4317 1213 4374 quem
1222 4301 1329 4356 durum
1338 4299 1485 4356 sitcontra
1492 4297 1816 4356 stimulumoalcilrere:

124 4378 268 4451 murum,
282 4385 484 4444 Samaritanus
496 4386 546 4444 ille
560 4388 691 4460 optimus
706 4388 762 4445 iter
776 4388 886 4447 iaciens
899 4389 941 4447 ui·
995 4389 1085 4448 simul
1108 4390 1206 4458 stiam,
1228 4392 1261 4444 ut
1284 4389 1381 4455 credo,
1401 4389 1462 4445 beo
1488 4388 1588 4444 omnia
1611 4387 1720 4443 idcirco
1743 4385 1819 4442 iacta

127 4464 249 4545 ltneque
261 4488 310 4531 me
324 4474 497 4533 semivivum
508 4475 655 4548 relictum,
668 4475 871 4535 misericordie
878 4494 940 4535 mo·
996 4479 1198 4547 suneutueua
1207 4477 1457 4551 omnipotens,qui
1467 4475 1712 4534 omneshomincs
1721 4473 1818 4532 salvos

128 4556 166 4615 los
179 4560 231 4630 ait,
246 4563 278 4618 et
291 4563 470 4637 appropians
485 4563 615 4639 alligavit
628 4564 749 4623 vulnero
763 4583 829 4625 mee
842 4566 942 4625 iniun-
956 4584 981 4650 D
995 4566 1059 4626 iteri
1072 4566 1146 4637 vult,
1157 4567 1186 4623 iu
1203 4583 1249 4623 me
1264 4565 1330 4624 aliia
1346 4582 1463 4640 quoque
1477 4565 1594 4621 divitias
1609 4562 1754 4637 potentie,
1766 4578 1818 4635 pe·
1929 4571 1935 4581 ·

129 4642 188 4706 bna
208 4650 308 4708 oleum
331 4656 361 4708 et
382 4652 508 4710 unum:
536 4653 632 4712 oleum
657 4655 777 4728 quidem
803 4656 942 4716 omnibus
996 4656 1104 4714 tientiu
1123 4654 1324 4727 bonitatisque
1338 4671 1409 4723 sue,
1430 4654 1605 4721 estenderet,
1636 4650 1818 4708 mortificans

130 4732 259 4797 olivarum
287 4741 445 4814 generibus
468 4742 597 4814 suarius,
612 4743 715 4801 vinum
739 4748 837 4802 autem
861 4745 943 4803 omni
997 4762 1044 4802 me
1060 4745 1145 4802 toties
1160 4749 1189 4801 et
1202 4743 1362 4812 vivificans,
1377 4743 1525 4801 deducens
1541 4743 1577 4799 ad
1592 4740 1700 4798 interos
1718 4743 1748 4797 et
1771 4755 1819 4797 re·

131 4828 943 4907 tetoameriurd'ortassiseutembecutriusqueiulusio
997 4835 1117 4892 ducens.
1133 4833 1273 4901 Audierit,
1297 4848 1406 4905 queso,
1425 4832 1487 4889 bec
1512 4832 1598 4889 mites
1621 4834 1650 4888 et
1672 4828 1817 4898 letentur,

130 4909 252 4977 ulmeto
267 4918 343 4988 eliis,
359 4920 442 4987 duris
457 4920 569 4979 scilicet
589 4926 618 4979 et
639 4921 793 4997 improbis,
809 4924 845 4980 ed
861 4941 943 4981 com·
997 4923 1243 4998 magnificentque
1266 4921 1424 4979 Dominum
1448 4937 1574 4991 mecum,
1601 4923 1629 4978 st
1657 4918 1819 4977 exultemus

129 5009 292 5072 modam
316 5025 418 5068 eorum
443 5009 673 5084 improbitatem,
696 5015 852 5069 attestante
867 5011 943 5069 Scri-
996 5013 1183 5084 nomenejus
1202 5009 1390 5084 inidipsum.
1866 5020 1869 5025 “

129 5092 224 5161 llere:
251 5099 309 5157 lieo
330 5099 475 5172 pectene
496 5101 636 5173 [topellulo
655 5102 738 5157 multi
749 5103 944 5175 corripiuntur
1032 5101 1190 5173 Postquam
1204 5099 1296 5174 igitur
1310 5115 1343 5156 eo
1358 5117 1416 5173 quo
1430 5099 1541 5157 dictum
1556 5104 1601 5157 est
1620 5098 1708 5156 modo
1722 5114 1757 5155 ex
1771 5097 1818 5154 iu·

128 5182 193 5241 ele
206 5186 300 5261 (Pecu.
315 5204 374 5260 x1x,
385 5188 431 5261 25)
444 5207 452 5258 ;
467 5187 715 5263 pusillisquoque
729 5194 758 5247 et
771 5190 862 5264 lapsis
875 5208 942 5265 pro·
997 5190 1135 5247 firmitate
1161 5187 1293 5246 celeriter
1314 5188 1458 5257 convalui,
1479 5204 1640 5262 omnesque
1664 5185 1818 5260 angustius

128 5277 394 5351 iocundapietxtis
404 5276 509 5335 divine
519 5277 685 5337 visitatione
699 5280 841 5354 proficiet,
852 5281 903 5338 sed
914 5285 944 5337 et
996 5297 1050 5338 nec
1066 5295 1123 5337 non
1139 5277 1252 5353 plages,
1267 5293 1341 5350 quas
1355 5279 1415 5333 tom
1430 5277 1460 5334 in
1475 5277 1573 5334 anima
1587 5294 1676 5351 quem
1696 5290 1817 5349 corpore

72 5358 75 5365 '
128 5360 214 5424 unte
224 5370 353 5438 etentes,
369 5371 404 5425 ut
417 5366 543 5443 inceptis
556 5367 747 5442 persistentes
760 5369 856 5428 aliena
871 5369 943 5443 peri·
995 5384 1153 5443 perpessus
1168 5382 1248 5434 sum,
1263 5365 1437 5440 contempsi,
1448 5365 1554 5423 iterum
1569 5365 1666 5424 liceta
1680 5364 1817 5440 pluribus

65 5496 67 5515 .
125 5450 184 5511 cols
196 5456 333 5525 madunt,
349 5457 499 5516 admonet.
996 5458 1131 5515 dolorum
1144 5471 1276 5515 meorum
1286 5454 1411 5513 consciis
1421 5456 1571 5512 mundana
1582 5455 1719 5530 deinceps
1731 5471 1817 5530 nego·

154 5542 192 5601 Ut
204 5544 298 5621 igitur
311 5545 444 5619 memini,
456 5546 561 5604 diebus
571 5547 686 5605 duobos
700 5550 768 5623 post
782 5563 816 5606 ea
826 5563 890 5620 que
899 5563 943 5606 aa·
995 5546 1036 5606 tia
1044 5547 1188 5622 abnegare
1194 5545 1415 5614 admonerer,ad
1423 5544 1563 5603 seculum
1572 5546 1665 5605 redire
1671 5544 1815 5622 disposui.

121 5635 437 5714 cumspiritsliterqus
448 5653 634 5713 possessum
646 5636 762 5712 flagella
773 5636 941 5713 marotia,
995 5637 1128 5712 cumque
1136 5638 1192 5696 hoc
1202 5634 1322 5696 maidue
1330 5634 1491 5700 intentione
1500 5639 1667 5707 tractarem,
1677 5635 1815 5709 diemque
