3892 6096
71 361 113 426 et
378 360 451 427 Llli.
474 363 525 424 uu
546 358 861 425 vuuvsvtustut's
883 358 969 424 suls
990 360 1041 423 ut*
1063 358 1249 423 seuleus.
1265 393 1305 408 -
1318 360 1420 424 PARS
1442 358 1481 424 ll.
1743 342 1783 415 58

72 496 186 572 plures,
202 496 450 554 dixeruutomnes
465 513 616 570 nunquam
631 513 677 553 me
688 498 762 554 bene
777 497 901 570 scriptu·
916 495 944 564 Α
958 501 986 555 et
1000 497 1130 571 quinque
1144 496 1174 552 in
1190 495 1255 553 aliis
1270 494 1343 553 locis
1353 493 1621 562 commorantibus;
1638 493 1699 548 tres
1712 505 1784 564 quo·

73 605 155 646 rum.
169 588 225 644 Sed
241 586 327 643 aliter
342 587 436 643 evenit
451 605 484 644 ex
497 588 591 660 gratis
603 588 665 656 Dei,
678 587 755 644 siout
769 587 904 661 plurimis
960 605 1015 660 que
1030 587 1121 644 libros
1136 586 1370 658 Evangeliorum
1386 591 1414 642 et
1428 586 1502 641 duos
1517 601 1582 641 eum
1597 580 1738 656 Epistolis
1755 584 1784 638 et

77 682 186 734 notum
202 680 256 732 est.
274 676 346 732 Num
363 693 429 732 cum
446 677 476 732 in
492 677 625 750 pueritia,
636 677 760 753 ipsoque
773 681 905 750 tempore
959 676 1133 751 Evangeliis‚
1149 677 1200 750 qui
1212 674 1387 732 lectionarii
1402 678 1551 730 vocantur.
1564 673 1605 728 Ad
1621 673 1682 728 haec
1693 670 1782 728 etism

74 783 136 840 quo
152 764 254 821 tabule
269 765 341 820 mihi
358 766 426 822 data
445 770 491 822 est
516 783 582 823 cum
607 765 672 823 aliis
688 768 785 839 pueris
809 767 843 822 ed
861 767 904 821 di·
959 766 1064 839 scripsi
1080 770 1206 838 quatuor
1216 763 1405 821 matutinales
1416 762 1516 820 libros.
1528 766 1631 818 Postea
1646 764 1783 817 senectus

73 856 218 912 scendem
230 844 407 926 scripturam
418 854 532 911 viderer
542 855 652 927 aliquid
668 856 795 912 scribere
807 871 903 924 nosse,
959 861 988 911 et
1001 855 1160 912 infirmitas
1183 855 1263 911 varia
1290 871 1336 910 me
1361 852 1521 926 probibuit,
1538 850 1723 920 maximeque
1738 848 1782 904 iu·

75 943 255 1001 miraculum
273 961 331 1000 non
347 960 468 1016 parvum
482 944 591 1017 prebui
607 945 771 1001 videntibus
784 963 790 1001 :
801 945 905 1002 deinde
961 946 1101 1019 quietudo
1112 945 1331 1016 diuturneque}
1348 943 1419 998 mihi
1430 959 1464 998 ex
1476 940 1565 997 variis
1580 938 1658 995 curis
1670 943 1699 994 et
1712 955 1783 993 moe·

73 1051 147 1090 vcro
162 1050 221 1090 non
236 1038 304 1108 post
328 1032 450 1107 longum
464 1038 581 1107 tempus
605 1039 665 1089 tum
681 1036 763 1091 'benc
779 1034 906 1091 scribere
960 1052 1025 1092 rore
1040 1052 1092 1108 pro
1107 1034 1277 1091 monasterii
1301 1034 1391 1089 nostri
1408 1029 1605 1088 destructione
1620 1032 1718 1084 exorto
1734 1042 1786 1100 per

78 1124 165 1197 coepi,
179 1127 356 1195 tentumque
378 1123 514 1180 allectum
542 1125 577 1180 ad
592 1124 647 1180 hoe
661 1124 752 1180 habui
776 1129 850 1181 utet
874 1125 905 1180 in
960 1130 1093 1197 tempora
1104 1124 1222 1180 inolevit
1237 1124 1340 1179 multa.
1352 1123 1383 1179 ui
1396 1125 1492 1178 nutem
1507 1119 1557 1192 qui
1573 1118 1784 1176 omnebonum

76 1216 144 1270 loeo
154 1213 203 1269 illo
217 1230 275 1285 quo
287 1212 358 1269 telis
368 1212 469 1281 didici,
479 1213 508 1269 id
520 1220 565 1270 est
576 1213 605 1268 in
622 1214 753 1270 coeuobio
764 1216 907 1286 Teqcrnsec
961 1219 1089 1288 praestat,
1105 1218 1134 1269 et
1146 1212 1227 1270 solus
1241 1219 1347 1269 cuneta
1357 1213 1512 1285 gubernat,
1529 1209 1638 1281 quique
1654 1203 1726 1261 mihi
1743 1202 1785 1260 in·

79 1304 173 1370 dicto,
190 1303 296 1358 multos
321 1301 413 1358 libros
433 1303 639 1375 scripsissem;
656 1309 684 1359 et
707 1303 736 1359 in
754 1304 905 1360 Franciam
961 1303 1049 1377 digno
1064 1303 1210 1359 concessit
1224 1303 1352 1376 plurima
1366 1303 1452 1368 dona,
1470 1300 1509 1355 sit
1530 1298 1595 1355 leus
1611 1301 1729 1363 sterne,
1745 1295 1783 1351 sit

76 1392 242 1448 translatus
251 1391 346 1448 adbuc
358 1409 439 1463 puer,
452 1391 550 1465 ibique
561 1393 590 1447 in
602 1397 717 1449 tantum
731 1393 824 1450 multa
838 1393 907 1450 scri-
961 1393 1054 1449 bonor
1068 1409 1120 1466 per
1134 1392 1241 1449 secula
1254 1396 1369 1449 cuneta.

73 1481 409 1548 bendolaborassem,ut
420 1481 488 1537 inde
499 1481 763 1554 redieuspsnevisu
776 1483 906 1554 privatus
998 1483 1081 1538 Libet
1095 1483 1181 1538 etiam
1205 1483 1343 1555 prolerre,
1359 1485 1502 1553 quantum
1525 1479 1674 1536 reminisci
1689 1479 1782 1547 valeo,

74 1570 210 1628 fuissem.
228 1570 293 1627 llaec
307 1587 375 1642 ergo
390 1571 455 1627 ideo
471 1573 600 1642 prolerre
615 1571 728 1628 decrevi
743 1576 777 1628 ut
790 1572 907 1645 aliquos
961 1577 1033 1645 quot
1047 1572 1136 1628 libros
1161 1572 1339 1645 quibusdam
1359 1570 1497 1628 canobiis
1512 1573 1564 1626 aut
1579 1569 1682 1625 amicis
1698 1568 1786 1624 tradi·

75 1659 233 1718 incitarem
243 1660 279 1715 sd
291 1659 417 1716 similem
429 1659 566 1716 affectum
576 1660 728 1718 laborandi
746 1679 753 1729 ;
767 1660 905 1734 gratiam·
961 1663 1108 1718 dorimllt
1118 1662 1212 1734 primo
1224 1662 1342 1735 quidem
1353 1659 1623 1716 iratresFuldenses
1635 1657 1786 1714 nominare

76 1765 134 1822 que
144 1747 208 1815 Dei,
218 1753 372 1821 quatenta
383 1748 456 1805 mihi
466 1749 606 1806 beneficia
618 1751 751 1822 prebuit.
761 1751 828 1808 eliis
838 1768 906 1808 nar·
961 1750 1035 1817 volo,
1052 1752 1120 1823 quia
1136 1768 1187 1823 pro
1202 1766 1236 1806 eo
1254 1752 1331 1823 quod
1347 1750 1425 1822 apud
1440 1765 1489 1805 sos
1505 1748 1630 1804 maxime
1645 1745 1784 1812 laborovi,

77 1855 147 1895 rens
162 1854 213 1894 eos
228 1838 265 1894 ad
294 1838 541 1911 magnificandam
557 1840 689 1896 eamdem
715 1840 839 1913 gratiam
855 1841 906 1898 Dei
922 1874 947 1940 B
962 1841 1094 1897 scribens
1104 1841 1193 1898 libros
1209 1839 1329 1906 multos,
1341 1837 1604 1911 quos-monasterio
1615 1841 1714 1892 nostro
1724 1840 1784 1891 tra·

77 1945 197 1984 mecum
208 1927 336 1983 trabam.
348 1927 434 1998 utut
448 1928 504 1984 hoe
516 1927 768 2001 ampliuslaeiam‚
781 1931 908 2002 prolerre
963 1931 1068 1986 debam
1083 1948 1090 1998 ;
1107 1931 1170 1985 idco
1186 1930 1263 2001 apud
1273 1946 1326 1985 nos
1341 1945 1458 2001 quoque
1474 1927 1576 2000 scripsi
1592 1925 1692 1993 libros,
1710 1941 1785 1997 quos

76 2019 151 2075 libet
165 2023 312 2090 quantum
334 2016 526 2074 laboraverim
544 2019 699 2075 scribendo
714 2025 824 2091 postes,
841 2037 907 2076 cum
964 2019 1020 2091 ipsi
1036 2035 1094 2075 non
1115 2018 1272 2074 habebant.
1288 2018 1406 2074 Tradidi
1430 2033 1557 2088 namque
1572 2015 1615 2072 eis
1629 2015 1706 2070 sicut
1721 2030 1784 2070 me-

78 2124 213 2164 reversus
240 2109 364 2164 fuissem
387 2109 422 2164 de
437 2107 558 2164 Francia
574 2126 580 2163 :
597 2107 637 2163 ibi
659 2108 769 2181 quippe
795 2111 908 2166 luerem
964 2106 1668 2175 minivulibellos,Herveldensibusautemduos
1681 2104 1783 2159 libros.

77 2197 199 2270 quando
222 2195 297 2253 obiit
320 2200 415 2253 Gaeser
439 2197 591 2262 Esuriens,
616 2203 644 2254 ct
670 2198 765 2253 lactus
791 2202 835 2255 est
858 2216 909 2257 rex
962 2204 1093 2270 cumque
1108 2214 1143 2253 ex
1167 2197 1298 2270 partibus
1313 2196 1370 2252 illis
1386 2212 1574 2264 remeassem,
1590 2195 1668 2251 etad
1684 2194 1785 2248 Amor·

76 2286 241 2343 Conradus.
963 2288 1029 2343 tae
1048 2287 1205 2358 venissem,
1219 2285 1326 2342 tradidi
1350 2286 1482 2358 ejusdem
1497 2283 1552 2340 loci
1578 2283 1676 2341 abbsti
1692 2300 1785 2338 unum

116 2379 276 2446 Postquam
286 2374 413 2448 igiturin
423 2374 906 2434 sanctillmmcrsmmiccenobium
962 2374 1082 2433 librum.
1098 2376 1203 2432 Postea
1226 2391 1375 2431 varocum
1397 2375 1485 2431 lrstre
1500 2377 1601 2430 nostro
1626 2371 1786 2429 Wilhelmo

78 2464 117 2520 ad
135 2464 353 2520 conversionem
372 2464 727 2537 veni‚moxquorumdam
743 2481 828 2537 prece
842 2466 908 2538 pul·
962 2467 1120 2538 protectus,
1134 2466 1201 2522 dedi
1225 2467 1251 2522 ei
1272 2471 1399 2537 quatuor
1419 2464 1520 2530 libros,
1536 2463 1613 2519 inter
1636 2479 1710 2536 qnos
1726 2466 1788 2518 erat

76 2557 171 2620 satus,
190 2557 271 2609 tanto
286 2553 393 2609 iterum
408 2553 555 2611 scribendi
571 2555 670 2610 studio
686 2556 859 2626 occupabar,
875 2559 908 2613 ut
962 2555 1090 2612 Missslis
1100 2555 1174 2611 liber
1184 2555 1255 2612 satis
1267 2554 1430 2627 pretiosus:
1446 2553 1548 2609 Abbati
1563 2555 1598 2608 de
1609 2553 1786 2608 lauresheim

77 2642 220 2713 raro,nisi
234 2642 263 2697 in
275 2642 388 2698 festivis
400 2642 505 2699 diebus
519 2647 570 2698 aut
585 2644 613 2698 iu
626 2643 692 2699 eliis
708 2643 789 2698 horis
800 2644 909 2700 incom-
963 2662 1054 2700 unum
1071 2644 1179 2701 librum
1192 2671 1199 2711 ;
1215 2644 1310 2700 abbati
1335 2645 1370 2700 de
1385 2645 1530 2715 Ebersperq
1545 2658 1638 2697 unum
1653 2641 1761 2698 librum
1777 2659 1784 2709 ;

78 2731 259 2805 petentibus,
271 2732 307 2786 ab
318 2731 372 2787 hoc
384 2748 470 2805 opere
480 2748 636 2787 cessarem.
646 2733 908 2790 intereasuecessit
963 2733 1065 2790 amicis
1076 2734 1252 2807 quibusdam
1265 2734 1292 2789 in
1306 2733 1422 2789 Boemia
1434 2732 1538 2803 positis
1548 2736 1675 2803 quatuor
1683 2731 1784 2800 libros;

78 2824 107 2877 et
120 2819 200 2876 slius
214 2819 307 2874 labor.
324 2819 397 2874 Nem
410 2835 461 2890 pro
477 2835 510 2874 eo
526 2819 602 2892 quod
619 2819 726 2891 sapius
741 2818 845 2891 legere,
858 2823 908 2874 aut
962 2823 1056 2880 emico
1069 2824 1186 2878 cuidam
1202 2823 1231 2878 in
1247 2821 1364 2878 Patsvia
1386 2822 1480 2894 posito
1497 2838 1587 2876 unum
1603 2819 1732 2888 librum3
1749 2819 1785 2875 ad

79 2908 219 2975 scribere,
236 2914 288 2964 aut
307 2906 418 2963 dictare
439 2907 558 2964 videbor
580 2907 821 2964 scholasticorum
838 2924 908 2985 cupa
963 2912 1174 2989 monesterium
1194 2913 1337 2984 chcmsee
1351 2912 1424 2967 duos
1448 2910 1559 2977 libros;
1576 2909 1612 2965 sd
1634 2907 1787 2982 Pryelense

79 2997 152 3055 mihi
164 2997 555 3069 commissaestzexquibus
569 2997 708 3053 nimirum
721 2994 908 3053 omnibusits
963 3001 1127 3057 coenobium
1144 3017 1233 3074 prope
1257 3017 1311 3057 nos
1335 3001 1464 3074 positum
1483 3000 1618 3056 volumen
1634 3015 1739 3064 unum.
1755 2999 1786 3055 in

78 3087 266 3160 pergratiam
279 3087 327 3144 Dei
340 3087 607 3160 constringebar‚ut
617 3103 692 3156 saepe
703 3086 907 3159 corpusquicli
962 3107 1020 3164 quo
1035 3093 1094 3146 tres
1109 3090 1177 3146 libri
1194 3094 1287 3146 erunt.
1302 3090 1356 3146 Sed
1367 3095 1396 3145 et
1406 3090 1466 3146 lilio
1476 3089 1585 3146 sororis
1595 3105 1666 3145 mes
1677 3087 1786 3144 ibidem

79 3175 252 3233 necessarie
278 3193 336 3233 nou
361 3176 546 3246 permitterer
561 3176 684 3231 tradere.
702 3178 832 3248 Cumque
845 3175 905 3231 dic·
962 3178 1055 3251 posito
1071 3196 1164 3234 unum
1181 3178 1300 3244 librum,
1317 3178 1469 3250 variasque
1493 3177 1632 3250 epistolas
1648 3176 1725 3233 dedi.
1741 3174 1784 3233 Ad

77 3264 158 3323 tendi
175 3264 309 3321 studium
321 3265 441 3335 inesset,
450 3266 486 3321 ad
501 3266 556 3320 boc
567 3265 729 3337 sepissime
745 3265 903 3321 nonhabui
919 3251 941 3318 G
960 3267 1101 3341 Superius
1125 3268 1339 3338 (obermunster)
1355 3284 1471 3339 quoque
1495 3267 1705 3322 monasterium
1725 3269 1785 3322 tres
1880 3271 1890 3290 ⁰

76 3357 208 3427 tempus,
224 3353 281 3410 uisi
297 3355 327 3410 in
343 3353 453 3410 festivis
468 3353 582 3422 diebus,
594 3357 645 3409 aut
657 3354 803 3421 noctibus,
820 3371 904 3410 cons·
959 3356 1069 3424 libros;
1087 3357 1122 3411 ad
1148 3356 1271 3412 interius
1294 3357 1545 3425 (Nidernmtvnster)
1570 3353 1781 3409 monesterium

76 3444 185 3500 trictus
202 3442 333 3499 videlicet
346 3448 375 3499 et
385 3460 541 3515 puerorum
557 3460 628 3498 carra
638 3444 672 3498 ad
689 3443 864 3509 docendum,
877 3447 905 3498 et
960 3462 1052 3500 unum
1069 3444 1178 3500 librum
1196 3445 1272 3500 dedi.
1288 3444 1428 3499 Praeterea
1452 3442 1553 3498 multis
1569 3442 1634 3498 eliis
1649 3441 1715 3498 dodi
1732 3445 1782 3497 sut

75 3531 201 3588 illorum
228 3531 372 3604 petitione,
388 3532 497 3605 quibus
521 3520 654 3588 scribere'
673 3533 756 3604 eoepi,
773 3533 808 3587 ed
834 3532 905 3587 scri·
960 3533 1027 3590 misi
1042 3533 1200 3605 aliquando
1216 3526 1367 3589 sermones
1381 3536 1431 3587 sut
1441 3531 1603 3604 proverbia,
1615 3544 1665 3585 seu
1683 3529 1783 3602 alique

75 3622 222 3678 bendum.
239 3623 313 3694 Ergo
329 3625 433 3694 prater
453 3620 568 3677 libellos
584 3638 601 3678 a
616 3637 663 3677 me
678 3621 814 3689 dictatos,
831 3630 906 3694 qvvos
959 3621 1159 3679 edificationis
1174 3623 1291 3695 scripta.
1304 3621 1386 3679 Talia
1401 3626 1499 3677 autem
1510 3619 1617 3677 laboris
1633 3620 1690 3675 mci
1705 3619 1785 3675 indi·

78 3714 136 3766 tam
152 3713 260 3784 sponte
275 3726 365 3783 quem
380 3711 489 3784 petitus
506 3727 559 3783 pro
576 3709 698 3766 eliorum
715 3710 905 3767 edificatione
960 3712 1004 3768 cia
1020 3712 1066 3767 bic
1085 3711 1150 3768 ideo
1165 3711 1326 3784 protuliut
1342 3710 1456 3784 sliquos
1472 3709 1631 3766 monachos
1646 3708 1785 3766 otiositati

81 3799 323 3872 dandosscripsi;
334 3798 779 3859 unominusxxlibrosMisssles
787 3800 904 3872 scripsi,
960 3801 1074 3858 deditos
1085 3805 1294 3866 converterem,
1306 3803 1334 3855 st
1346 3800 1381 3855 ad
1397 3799 1515 3874 aliquod
1529 3816 1602 3871 opus
1613 3798 1784 3855 monastice

80 3886 308 3959 decemquidem
319 3886 679 3943 abbatibusautlrntribns
691 3887 905 3944 inmonasterio
959 3889 1023 3945 vitae
1040 3906 1202 3963 congruum
1218 3890 1379 3946 incitarem.
1392 3889 1421 3944 Si
1437 3888 1516 3944 enim
1531 3893 1590 3944 tam
1608 3903 1715 3960 magna
1730 3903 1783 3945 ne-

82 3975 905 4050 nestmpositis3quatuorautemtratribusuuldensibus‚
960 3982 1082 4052 queunt,
1094 3978 1223 4034 faciliora
1238 3995 1322 4052 agere
1337 3981 1470 4051 possunt.
