3892 6096
53 242 115 309 ibi
628 238 710 306 zum.
731 242 783 306 BP
803 243 935 309 cubet]
956 244 1190 310 salutabant.
1702 255 1765 323 m

53 381 293 452 dnemtperaona
305 375 467 435 Psalmiste
477 375 644 434 invenimus
656 375 801 447 dandum;
818 394 882 451 qua
897 380 926 448 Α
939 377 1029 437 iidem
1044 382 1103 436 tres
1119 380 1209 447 modi,
1224 379 1294 438 licet
1316 382 1419 439 ordine
1441 382 1589 442 dissimili.
1605 384 1638 441 ln
1661 386 1767 459 primis

55 467 171 527 r'eroin
182 465 283 523 medo
297 470 458 523 auntnuno
467 465 586 539 quidem
596 465 647 523 Dei
660 466 753 523 Patri
767 471 797 523 et
811 466 888 537 Filii,
944 484 1070 540 namque
1096 468 1256 526 Psalmieta
1283 486 1317 526 aa
1344 486 1469 544 persona
1497 490 1552 530 sua
1586 475 1767 547 pronuntiat,

59 573 141 616 uuna
161 573 230 614 raro
255 553 391 613 absolute
413 555 464 612 Dei
488 570 619 629 persone
644 556 830 614 conveniunt.
845 557 888 613 Ob
942 557 1044 614 dicens
1060 574 1067 614 ι
1083 559 1246 616 Deturtrtit
1268 560 1299 615 ia
1322 577 1461 634 syuaqopu
1482 562 1611 626 borum:
1625 566 1656 621 iu
1679 565 1768 624 medio

57 648 147 720 cujus
162 646 204 703 rei
215 645 351 703 notitiam
363 644 535 718 capiendam
545 645 636 702 trium
647 645 694 702 hic
707 645 887 719 psalmorum
941 651 1034 704 autau
1047 647 1109 705 deor
1130 648 1276 721 dijudicat.
1292 648 1329 705 Ut
1347 649 1482 708 videlicet
1498 656 1614 727 tempus
1638 655 1769 728 prateri-

56 736 148 794 verba
165 734 388 809 subjungimus,
404 733 460 792 boc
484 739 529 791 ast
554 752 585 804 11,
599 752 668 791 xurx
692 742 721 792 et
746 751 839 792 nani.
856 735 889 790 In
943 740 1007 793 tum
1021 738 1097 793 stetit
1112 754 1164 810 pro
1179 737 1314 810 prasenti
1335 755 1446 811 ponens
1462 740 1581 811 indicat,
1597 744 1668 816 quia
1691 745 1768 804 Deus

58 823 285 884 mnudo‘enim
295 822 423 897 psalmo,
434 823 647 896 cujueiuitium
657 828 703 881 est
714 841 721 880 ε
734 823 824 893 Quare
836 825 890 895 sra—
943 825 974 882 in
990 840 1139 899 synagoge
1157 827 1290 894 deorum,
1306 826 1336 884 id
1350 832 1397 885 ast
1420 839 1566 886 rectorum
1581 835 1610 887 at
1619 833 1768 907 iudicum,

60 920 199 973 uuoeaut
210 916 314 986 umus,
326 912 357 969 in
372 913 477 986 primis
487 912 643 971 Psalmista
652 914 836 987 interrogans
845 911 889 969 vel
944 930 1019 987 quos
1034 932 1117 972 sacra
1128 915 1278 989 Scriptura
1287 932 1364 989 sape
1373 917 1438 974 άσοε
1451 918 1593 989 nominat,
1605 922 1769 982 consistens

62 1003 215 1063 admirans
230 1003 309 1060 unde
321 1002 492 1060 iudeorum
507 1002 692 1076 aliorumque
705 1002 813 1060 Christi
828 1018 891 1075 par-
944 1020 1061 1076 semper
1086 1004 1245 1077 prospiciat
1270 1006 1340 1076 quid
1369 1011 1458 1080 agant
1483 1012 1512 1064 at
1535 1011 1769 1084 quotiescunque

61 1098 233 1152 saeptorum
247 1092 386 1166 impiatae
405 1095 489 1150 tanta
507 1093 635 1150 evenerit
649 1109 684 1150 ex
698 1108 822 1165 persona
836 1108 891 1148 sua
944 1093 1046 1166 inique
1056 1093 1265 1165 judicaverint,
1276 1094 1340 1167 ipse
1354 1095 1385 1151 iu
1400 1096 1497 1154 madio
1507 1113 1609 1155 eorum
1622 1103 1706 1155 stans
1719 1116 1770 1157 coe

60 1182 205 1257 loquitur,
229 1180 331 1239 dicens
358 1198 366 1238 :
392 1185 488 1256 Quare
509 1186 682 1255 tremuerunt
704 1190 807 1253 pecta,
822 1185 890 1253 stc,
945 1199 998 1256 pro
1012 1181 1064 1238 tali
1086 1181 1173 1255 culpa
1198 1182 1349 1255 dijudicet.
1366 1184 1491 1257 Moxque
1513 1202 1547 1243 ex
1571 1202 1697 1258 persona
1719 1189 1770 1247 Dei

60 1288 159 1346 usque
173 1274 198 1328 et
212 1273 349 1343 icturcre
361 1287 411 1328 arto
425 1270 600 1328 conturbabit
615 1279 669 1328 aba.
681 1271 749 1336 Oua
764 1286 892 1343 sequun·
945 1272 1063 1328 eosdem
1078 1276 1205 1329 rectores
1220 1279 1248 1328 et
1257 1273 1375 1343 judicas
1390 1274 1523 1347 increpat
1534 1275 1653 1333 dicans:
1670 1279 1770 1351 lisque·

63 1367 117 1419 tur
131 1360 220 1420 rerba
233 1365 302 1418 suut
315 1359 423 1418 Christi
443 1377 538 1434 usqua
552 1362 684 1418 Dominus
698 1360 771 1416 dixit
784 1360 823 1417 ad
837 1375 890 1418 mc.
945 1376 997 1432 quo
1016 1359 1154 1433 judicatis
1177 1363 1363 1433 iniquitatem,
1379 1370 1406 1418 at
1428 1365 1513 1434 saum
1534 1371 1708 1436 peccatorum
1720 1385 1771 1424 ru-

61 1451 135 1510 Post
148 1449 211 1506 bac
224 1448 303 1523 loqui
325 1449 431 1522 incipit
452 1449 538 1507 Pater
552 1449 589 1506 ad
604 1448 722 1517 Filium,
737 1449 892 1505 insinuans
944 1450 1040 1506 mitri?
1063 1450 1130 1516 Quas
1149 1450 1291 1506 nimirum
1317 1451 1420 1507 divina
1449 1452 1657 1526 increpationis
1683 1457 1772 1514 verba

62 1556 118 1615 par
132 1554 200 1596 eum
214 1543 318 1612 gentes
332 1539 369 1595 sd
385 1538 513 1595 salutum
534 1538 714 1612 reparandas
729 1553 811 1606 aasa;
827 1552 891 1609 qua
946 1538 1149 1611 superioribus
1164 1538 1251 1596 dictis
1262 1540 1418 1611 conjuncta
1433 1540 1511 1598 hunc
1526 1559 1646 1600 sensum
1663 1544 1771 1603 habore

62 1626 207 1687 nimirum
223 1625 333 1684 locutio
348 1626 383 1683 lit
406 1642 501 1700 usqua
523 1630 656 1701 tauquam
668 1643 717 1684 uae
731 1627 816 1701 figuti
827 1642 893 1684 aaa·
945 1626 1082 1682 ridentur
1098 1642 1104 1681 :
1123 1625 1196 1682 Cum
1220 1627 1330 1697 sciatis,
1346 1645 1362 1684 o
1379 1634 1505 1688 rectores
1527 1635 1556 1688 et
1575 1633 1702 1704 judicas,
1724 1650 1772 1691 me

62 1718 170 1791 inuare
181 1731 238 1774 ecs.
254 1715 365 1774 Deinde
374 1733 442 1773 varo
456 1731 550 1789 usqua
561 1716 597 1775 ad
608 1716 696 1773 fluam
714 1716 820 1789 psalmi
831 1731 893 1772 uer·
946 1730 1063 1788 semper
1078 1715 1108 1771 in
1123 1716 1219 1772 madio
1233 1721 1364 1773 vestrum
1379 1734 1444 1776 essa
1462 1724 1491 1776 et
1511 1721 1676 1794 prospicere
1691 1740 1771 1796 quta-

65 1806 103 1864 bs
116 1809 189 1864 sunt
212 1803 377 1863 Psalmistae
399 1805 585 1862 admonentis
600 1809 726 1862 rectores
749 1804 895 1878 quoslibet
949 1821 1065 1876 cunque
1076 1805 1181 1878 agatis,
1191 1806 1360 1879 oursapiue
1370 1806 1471 1880 inique
1482 1809 1650 1881 judicantes
1660 1812 1773 1869 destru-

66 1900 100 1954 ut
118 1895 306 1953 attendentes
331 1911 395 1968 qua
410 1894 546 1968 superius
561 1899 633 1952 sunt
646 1912 663 1952 a
678 1897 763 1952 Patre
777 1898 806 1952 et
822 1893 894 1951 Filio
949 1897 1043 1951 atores
1068 1894 1163 1967 magis
1177 1911 1266 1968 quam
1290 1898 1416 1954 rectoros
1439 1896 1574 1954 Ecclssiae
1596 1899 1688 1956 estis?
1703 1900 1774 1959 Post

67 1984 226 2042 dieucum
235 1983 381 2042 timescat
395 2000 494 2040 amore
509 1983 566 2040 sibi
581 1983 719 2052 serviant,
731 1982 894 2057 apprehen·
949 1982 1023 2039 hanc
1042 1999 1109 2040 varo
1130 1983 1360 2056 increpationem
1383 1986 1521 2044 continua
1545 1989 1631 2060 quasi
1654 2005 1772 2063 compa·

70 2074 200 2148 dantque
212 2071 401 2146 disciplinam
420 2073 450 2129 in
472 2073 528 2130 boc
543 2072 658 2141 aaeculo,
672 2089 708 2130 ne
731 2077 852 2146 pareant
863 2073 893 2129 in
948 2072 1024 2129 tiens
1039 2073 1189 2145 praterita
1209 2072 1358 2146 iniquitati
1373 2091 1474 2132 eorum
1489 2077 1628 2135 admouet
1641 2079 1772 2148 easdam,

70 2161 180 2220 tuturo.
196 2163 271 2220 licce
291 2179 381 2236 quam
396 2161 515 2220 diversa
535 2161 687 2220 sententia
711 2168 740 2218 et
763 2177 894 2236 pareone
948 2166 981 2218 ut
994 2161 1038 2219 vel
1057 2163 1245 2235 postmodum
1269 2178 1301 2219 aa
1324 2165 1480 2222 emendant
1503 2165 1670 2239 rectiusque
1690 2169 1772 2240 judi·

68 2252 193 2310 emundi
206 2251 331 2327 psalmil
353 2255 387 2307 ln
408 2250 523 2325 psalmo
546 2256 645 2308 sutem
669 2250 894 2326 quadragesimo
948 2254 1024 2320 cent,
1040 2251 1140 2308 diosus
1157 2267 1163 2307 :
1178 2251 1303 2309 iudicata
1316 2269 1399 2323 egeno
1421 2252 1584 2327 at'pupith
1600 2256 1734 2314 bumitcm
1746 2262 1773 2315 at

65 2358 158 2410 nouo,
186 2341 272 2414 cuius
296 2340 415 2397 initium
444 2343 490 2398 eet
504 2356 511 2395 :
527 2340 599 2397 Deus
626 2339 739 2397 morum
763 2340 895 2396 Dominus
947 2356 1095 2414 pauperem
1106 2340 1271 2414 justituate.
1283 2342 1390 2413 Eripite
1400 2358 1560 2415 pauperem,
1569 2349 1597 2401 at
1608 2345 1773 2417 eqeaumde

66 2432 239 2503 meunt,
253 2429 446 2489 inveniuntur
465 2428 508 2484 illi
537 2433 597 2486 tras
621 2429 779 2487 locutionis
803 2429 894 2499 modi,
948 2446 1034 2486 mauu
1055 2432 1204 2502 peccmaris
1229 2429 1353 2487 liberate.
1368 2430 1458 2494 Quasi
1473 2432 1584 2489 diceret
1603 2451 1610 2488 ι
1629 2434 1774 2506 Adjuvate

66 2537 145 2594 quoe
156 2537 246 2595 supra
258 2519 320 2577 diri
333 2520 370 2576 de
383 2519 633 2592 pronuntiatione,
645 2520 681 2575 de
695 2519 895 2576 admonitione
948 2517 1015 2575 illos
1029 2518 1155 2575 maxime
1170 2519 1219 2589 qui
1245 2535 1388 2592 pauperes
1402 2524 1431 2576 et
1445 2521 1680 2595 contemptibiles
1704 2527 1775 2580 sunt

68 2609 322 2684 tit-increpatione.
340 2608 372 2665 lu
395 2609 500 2682 primis
526 2624 655 2682 namque
677 2607 835 2664 psalmista
850 2606 896 2664 lo·
949 2606 1091 2680 inplebo,
1109 2604 1219 2680 quique
1241 2608 1306 2665 ideo
1327 2609 1364 2665 ab
1387 2608 1454 2665 aliis
1479 2610 1686 2683 opprimuntur
1704 2612 1775 2686 quia

68 2699 173 2773 quitur
186 2714 363 2774 capersana
377 2715 432 2757 sua
449 2697 645 2771 pronuntians
666 2697 751 2754 uobis
774 2695 896 2754 extremi
950 2695 1047 2752 nullos
1056 2695 1224 2753 defensores
1234 2696 1341 2755 habere
1350 2698 1497 2755 videntur.
1506 2698 1601 2756 Finita
1610 2705 1707 2758 autem
1719 2702 1775 2759 buc

66 2788 175 2862 judicii
187 2793 318 2862 tempus,
335 2804 393 2861 quo
414 2787 520 2844 caelum
536 2792 565 2845 et
578 2791 698 2856 terram,
713 2786 741 2842 id
758 2790 803 2842 est
816 2784 896 2843 coeli·
951 2784 1149 2843 admonitione
1159 2786 1265 2842 iterum
1276 2786 1430 2856 Dominus,
1445 2788 1530 2861 quasi
1542 2790 1682 2862 praescius
1693 2791 1774 2847 mali·

70 2876 149 2935 calm
164 2882 194 2934 et
206 2877 369 2951 terrigenas
383 2877 493 2950 paritor
505 2877 781 2934 convocandoeasse
795 2874 897 2949 pradi-
950 2875 996 2931 tiae
1011 2879 1040 2931 ot
1054 2874 1167 2930 duritia
1183 2875 1654 2951 eorumdemjudicum,quodque
1668 2880 1773 2936 admo-

71 2966 126 3037 cit;
135 2967 292 3040 quostiam
304 2965 567 3039 ipsumDominum
578 2965 897 3023 manifestarenturum
951 2963 1093 3021 nitioncm
1104 2980 1189 3020 suam
1198 2965 1395 3037 contempturi
1406 2967 1501 3041 magis
1511 2967 1636 3040 diligant
1650 2983 1775 3026 munera

71 3055 193 3113 iudicat.
204 3056 271 3112 ideo
285 3059 386 3113 cutm
401 3055 547 3125 maritestc
559 3059 718 3113 venturum
733 3054 815 3125 dicit,
828 3053 898 3125 quia
952 3068 1041 3125 quam
1056 3052 1107 3109 Dei
1129 3058 1281 3126 praeopta,
1297 3070 1355 3111 uon
1378 3058 1410 3111 ut
1433 3056 1515 3128 prius
1539 3060 1707 3129 pressantes,
1722 3057 1774 3114 ead

71 3143 203 3219 quotidie
214 3145 252 3201 ad
266 3160 321 3203 uos
333 3144 452 3213 clamat,
463 3160 542 3200 nunc
551 3142 671 3216 quidem
684 3142 898 3216 scriptis,nuuo
912 3129 934 3197 C
952 3140 1037 3215 quasi
1047 3141 1182 3200 macutes
1197 3141 1366 3214 alloquitur,
1379 3143 1498 3200 diceus:
1512 3145 1676 3203 Nescieruut
1688 3160 1776 3217 neque

69 3250 137 3293 vero
149 3232 323 3308 vulgaribus
336 3233 435 3303 dictis,
447 3232 594 3290 interdum
609 3233 697 3290 etiam
713 3248 812 3289 rarum
826 3231 896 3288 visi·
950 3231 1166 3294 intelleverunt·
1193 3233 1225 3287 ia
1260 3232 1378 3288 mebris
1410 3234 1568 3297 ambulant·
1594 3234 1775 3292 mouebantur

69 3322 176 3380 biliam
189 3322 384 3397 argumentis,
398 3338 452 3396 par
474 3339 548 3395 quaa,
560 3323 716 3379 edocemur
737 3319 897 3378 invisibilia
950 3321 1044 3378 omnio
1057 3318 1239 3392 fundamenta
1253 3328 1346 3378 torrae.

68 3411 213 3486 qualibet
225 3427 392 3486 agnoscere,
407 3411 484 3468 sicut
497 3410 641 3484 scriptum
656 3414 701 3467 est
717 3428 724 3467 ι
740 3410 897 3466 Invisibilia
913 3468 916 3473 ,
986 3409 1019 3464 In
1034 3423 1094 3480 qua
1118 3407 1260 3466 nimirum
1271 3409 1426 3480 sententia,
1437 3409 1462 3466 si
1477 3413 1643 3483 temporum
1653 3409 1775 3467 diverei·

68 3500 119 3556 liei
139 3513 240 3572 perca
262 3513 324 3572 quae
344 3503 416 3572 facta
439 3504 502 3557 suut
523 3499 663 3556 intellecta
690 3500 898 3572 conopiciuutur
951 3496 1775 3573 tatemsequimur,magnamdillicultatemintelligentias

71 3588 160 3661 (Rom.
176 3605 199 3658 r,
214 3587 272 3661 20).
288 3591 339 3644 Per
351 3587 412 3645 bac
432 3603 499 3661 ergo
514 3588 613 3644 omnia
630 3589 705 3644 Deus
720 3588 805 3646 uobis
816 3587 897 3661 jugi·
951 3584 1775 3660 patimur.Inprimiseuimponiturtampuspraetcritum‚

74 3682 118 3735 lar
133 3677 343 3735 manifestatur
357 3681 386 3734 et
400 3677 542 3751 loquitur,
558 3681 590 3733 ut
605 3677 730 3735 scientes
748 3676 897 3749 justitiam
952 3680 984 3731 ut
996 3692 1003 3731 :
1015 3677 1180 3743 nomimant,
1193 3691 1279 3747 acque
1292 3677 1506 3743 intellexeruut;
1517 3676 1622 3734 deinde
1636 3693 1774 3749 prosena,

76 3766 148 3837 ejus,
158 3765 374 3824 annuntiemus
389 3765 526 3823 omuibus
543 3766 683 3839 quoniam
693 3767 797 3838 justus
807 3765 899 3838 judex
952 3768 986 3821 ut
1002 3781 1008 3821 :
1026 3764 1189 3821 intenebris
1207 3765 1366 3830 ambulant·
1380 3766 1416 3822 ad
1437 3769 1599 3823 extremum
1614 3781 1681 3822 vero
1695 3765 1775 3823 iutu-

76 3859 127 3913 ec.
142 3858 276 3929 cumque
291 3853 449 3912 Psalmieta
462 3856 683 3929 pronuntiasset
701 3854 771 3910 talia
785 3870 819 3910 ex
833 3871 897 3928 par·
953 3870 1030 3921 rum,
1042 3859 1075 3910 ut
1086 3871 1093 3909 ε
1104 3854 1284 3911 mouebantur
1297 3856 1389 3911 amaia
1403 3855 1587 3927 suudaurruto
1600 3853 1776 3922 terrae.0uid

76 3957 145 4002 sona
159 3960 225 4017 aua,
240 3943 397 4016 subjunxit
410 3943 641 4001 admonitionem
658 3959 692 3999 ax
707 3959 833 4015 persons
848 3942 898 4000 liei
953 3959 1020 4015 ergo
1035 3943 1064 3998 iu
1081 3941 1128 3998 bis
1149 3942 1315 4000 iaciendum
1331 3948 1376 4001 est
1399 3945 1495 4012 nobis,
1511 3944 1568 4001 nisi
1582 3944 1639 4001 hoc
1652 3944 1730 4017 quod
1744 3942 1777 4000 in

76 4031 191 4102 lacum,
207 4033 310 4091 dicens
326 4051 334 4090 ε
348 4032 430 4101 Audi,
443 4034 560 4106 populus
578 4047 665 4100 meur,
682 4035 749 4101 ato,
766 4047 859 4104 usque
873 4040 900 4088 et
953 4032 1063 4089 caterio
1075 4031 1233 4105 prophetie
1244 4032 1339 4089 verbis
1351 4033 1467 4106 agitur?
1478 4033 1559 4107 Seps
1571 4032 1778 4106 namquaatiu

76 4119 268 4194 murificatis
287 4139 339 4180 mc.
357 4122 409 4179 Ubi
432 4121 567 4179 videlicet
581 4136 825 4193 unumquemque
839 4120 899 4195 pri·
954 4121 1075 4195 psalmis
1092 4129 1121 4177 at
1135 4121 1164 4176 iu
1180 4120 1245 4177 aliis
1267 4122 1476 4195 prophatarum
1490 4122 1573 4179 libris
1598 4122 1778 4195 preteritum
1849 4128 1851 4133 '

77 4209 169 4266 mitus
186 4211 335 4281 admonet,
350 4216 384 4268 ut
398 4228 429 4268 se
451 4211 551 4283 ipsum
564 4209 723 4283 plusquam
748 4209 805 4267 alia
820 4227 899 4283 qua·
953 4226 1140 4283 praeseusque
1150 4213 1329 4283 tempuspro
1340 4211 1450 4283 sutura,
1460 4211 1634 4284 sapeetiam
1645 4211 1778 4267 tutorum

77 4297 305 4358 libeteacridcia
329 4299 387 4358 Deo
410 4299 558 4369 immolat;
583 4299 688 4356 deinde
711 4314 778 4356 vera
797 4301 899 4356 eadem
953 4316 1006 4372 pro
1016 4299 1150 4371 prasenti
1161 4297 1205 4355 val
1215 4316 1268 4371 pro
1281 4299 1429 4372 praeterito
1438 4300 1567 4373 ponitur.
1575 4299 1656 4362 Quod
1667 4298 1780 4356 scilicet

76 4402 204 4461 pomona
228 4387 280 4446 Dei
308 4387 450 4463 loquitur,
474 4388 574 4445 dicens
590 4412 598 4447 z
615 4387 705 4457 Quare
732 4392 763 4445 tu
784 4404 900 4463 eunuco
953 4386 1779 4461 Spiritusanctodictantecredo,autideougi‚quiacum

72 4475 199 4546 maaser
219 4492 297 4535 meas
310 4481 338 4535 et
358 4479 475 4534 ouumis
496 4479 691 4533 testamentum
712 4493 813 4550 meum,
829 4482 898 4546 etc,
914 4499 937 4565 D
954 4477 1054 4534 omnia
1068 4481 1202 4549 tempora
1215 4474 1275 4533 sive
1295 4477 1450 4549 preterita,
1469 4477 1529 4534 sive
1544 4475 1710 4548 prasentia,
1725 4488 1779 4530 ssu

76 4580 170 4640 usque
186 4573 314 4626 murm
326 4571 422 4625 coutrc
444 4568 545 4639 {auem
568 4573 654 4622 tuam.
670 4565 724 4621 Ubi
748 4565 899 4622 nihilomi-
954 4566 1159 4622 luturacoram
1168 4560 1782 4637 Deoquasipraesantiasint,tempusquod·

78 4670 132 4712 uas
145 4656 280 4731 increpat
300 4655 462 4730 quamlibet
483 4655 631 4712 doctorem
651 4653 747 4712 vorbis
771 4660 901 4713 tantum·
956 4654 1027 4712 libet
1042 4671 1103 4710 rem
1128 4651 1184 4709 sibi
1199 4651 1337 4725 placitam
1358 4651 1619 4725 pronuntiantibus
1643 4649 1779 4722 inspirat,

79 4745 326 4820 modo-pracepta
339 4745 391 4802 Dei
405 4744 604 4815 intimantem,
620 4759 673 4800 cur
687 4742 752 4801 aliis
766 4761 903 4803 enarrare
957 4747 1008 4800 aut
1023 4759 1074 4816 pro
1100 4758 1134 4797 eo
1157 4742 1235 4813 quod
1250 4740 1398 4797 interdum
1414 4741 1561 4813 propbeta
1585 4741 1707 4795 narrant
1729 4737 1781 4794 illa

79 4839 238 4905 pmumat
261 4834 327 4894 illae
349 4834 402 4892 Dei
411 4833 556 4908 justitiae,
572 4849 646 4906 quas
670 4833 733 4907 ipse
756 4835 902 4907 operando
957 4836 1061 4907 queat
1076 4826 1781 4904 inproteritogestaeuutatinpraescutiJ'ugiter

80 4934 138 4978 aon
151 4922 297 4998 sequitur.
307 4924 377 4981 Post
387 4923 539 4980 hanovere
554 4921 781 4994 increpationem
797 4922 902 4979 iterum
956 4925 1099 4996 geruntur
1113 4923 1142 4975 at
1155 4918 1186 4974 iu
1201 4918 1298 4974 tuturo
1321 4923 1452 4990 tempore
1467 4918 1594 4991 gerenda
1608 4920 1686 4989 sunt,
1695 4914 1782 4972 sicut

77 5006 232 5070 Psalmista
247 5029 283 5070 ex
295 5028 421 5086 persona
432 5026 488 5069 sua
502 5009 625 5082 iaqueus
638 5013 668 5065 et
680 5009 780 5067 diceus
795 5006 904 5068 iutelli-
957 5015 986 5067 at
1000 5026 1045 5066 res
1060 5009 1090 5065 iu
1105 5006 1251 5065 sententia
1260 5006 1366 5079 psalmi
1376 5006 1506 5079 proxime
1516 5006 1595 5062 dicta
1605 5004 1718 5077 probat.
1729 5002 1781 5059 in-

75 5098 131 5169 vite
155 5099 226 5170 ἦκα,
242 5104 310 5171 etc„
333 5116 429 5174 usque
456 5098 486 5156 in
515 5099 604 5155 tinem
632 5097 750 5171 psalmi,
766 5100 904 5157 admouet
957 5098 1037 5156 dices
1051 5095 1129 5153 euim
1144 5095 1238 5168 iniqui
1255 5102 1284 5153 et
1303 5096 1338 5152 ab
1359 5095 1443 5152 initio
1458 5094 1558 5152 saculi
1573 5094 1691 5150 iueraut
1703 5097 1732 5148 et
1747 5090 1778 5147 in

76 5200 179 5246 amnas
190 5195 227 5246 ut
241 5192 427 5267 attendentes
436 5194 466 5246 ct
481 5186 710 5246 admonitionem
727 5187 757 5245 in
772 5189 903 5262 increpa·
957 5185 1091 5260 prasenti
1106 5189 1176 5242 suut
1190 5189 1219 5241 et
1238 5186 1266 5240 iu
1283 5185 1381 5242 futuro
1404 5190 1535 5258 tempore
1559 5183 1640 5251 dent,
1655 5181 1779 5252 ideoque

76 5274 186 5335 bonam
202 5278 256 5337 Dei
270 5281 308 5338 ad
323 5279 409 5337 illum
424 5280 639 5344 convertantur,
655 5293 692 5333 na
707 5277 782 5334 sorte
799 5293 903 5351 praeoo·
957 5275 1016 5332 illie
1035 5274 1172 5332 omuibus
1193 5274 1329 5347 congruit
1351 5274 1412 5330 hac
1435 5271 1600 5330 sententia:
1617 5271 1780 5326 Nescicruat

75 5366 177 5438 capati
190 5368 239 5426 dia
258 5368 364 5428 martie
384 5371 517 5444 quaram
528 5406 530 5411 -
540 5364 670 5439 spatium
685 5366 860 5439 pauitantia
874 5372 903 5424 at
956 5379 1046 5436 aeque
1060 5355 1273 5431 intellexeram
1287 5365 1319 5419 iu
1332 5363 1449 5420 teutria
1462 5360 1621 5422 ambutant:
1634 5358 1780 5415 mame-

74 5453 208 5516 iurcuira
220 5474 281 5517 non
295 5458 423 5534 possint.
957 5464 1004 5512 tur
1012 5454 1108 5509 amuis
1116 5451 1298 5524 fundamento
1308 5457 1401 5511 arra.
1411 5452 1490 5509 idem
1502 5450 1592 5507 etiam
1603 5464 1708 5505 sensus
1718 5452 1778 5506 eet:

109 5546 277 5625 itt-psalmo
291 5549 381 5611 etiam
394 5544 573 5625 octogesima
596 5542 694 5621 primu
715 5542 904 5609 inveniuntur
957 5542 1135 5618 nescierunt,
1147 5557 1241 5621 neque
1255 5539 1472 5619 intellexerunt,
1482 5544 1512 5601 et
1524 5539 1556 5600 in
1570 5537 1702 5600 uiuus
1712 5551 1780 5604 aaa·
