3892 6096
743 328 858 393 AG'PA.
1594 340 1654 402 718

93 456 230 528 locis,ubi
240 458 339 533 aliqua
347 459 499 534 presentis
507 462 672 534 perantiqui
682 460 774 520 libelli
788 465 816 532 Α
831 463 860 520 in
872 464 1007 537 prasenti
1016 465 1208 539 exscriptionc
1219 467 1266 525 his
1276 468 1370 542 signis
1383 470 1654 546 «obsignavil'olia

94 548 774 624 siderabantur,posita.»Scriptiosupplementi
832 576 846 603 a
862 556 995 626 quedam
1007 555 1229 623 desiderantum
1245 557 1310 615 ideo
1325 575 1360 615 ne
1375 559 1490 617 mireris
1505 560 1548 617 sic
1558 562 1652 618 liniat.

93 637 256 695 rimoderua
271 639 403 709 ridetur;
425 639 477 696 illa
490 657 558 696 vero
574 640 682 697 codicis
698 640 775 697 anti·
831 667 843 693 a
862 644 943 707 Quod
957 649 1057 715 postca
1070 649 1241 702 retractans.
1256 670 1266 696 a
1285 648 1469 721 Bographum
1482 650 1593 707 Aurelii
1603 653 1654 708 Ca-

95 730 214 796 ,etante
225 729 518 797 anuumlllGLlV,vel
528 734 604 786 certe
614 729 701 803 paulo
712 734 776 802 post
830 731 889 788 sari
904 748 984 789 more
997 738 1096 790 nostro
1110 734 1141 789 iu
1156 751 1295 793 numeros
1306 736 1496 794 distributum
1512 739 1559 796 hic
1575 740 1654 814 typis

93 816 214 873 tmultis
227 818 349 890 probare
360 820 775 893 possem,exscripta.Utinam
830 821 1049 889 mandabimus,
1064 828 1094 879 et
1109 823 1357 896 supplementum,
1373 828 1450 898 quod
1470 828 1533 901 ipse
1547 829 1651 902 signis,

103 904 179 963 oculi
195 906 283 961 vestri
299 907 428 964 codicem
448 909 537 977 hunc,
552 925 619 966 vere
642 925 774 977 aureum,
830 910 974 980 distinxit,
990 928 1044 967 uos
1059 912 1144 968 uncis
1164 913 1192 984 Ι]
1211 912 1407 971 includemus.
1425 936 1436 966 ι

93 995 777 1071 ipossent‘lunamecumantiquitatemproba·
864 999 910 1054 33.
927 998 1011 1055 llisce
1039 1004 1070 1055 B.
1094 1002 1200 1057 Andrae
1221 1002 1302 1058 Actis
1331 1003 1541 1074 subjungimus
1555 1006 1651 1063 Vitam

93 1084 320 1158 ramtalomprar
329 1087 776 1161 manibushabuissem,quando
829 1093 858 1144 S.
873 1088 996 1145 loannis
1010 1088 1160 1145 Gualberti
1186 1107 1203 1146 a
1226 1092 1257 1146 B.
1275 1092 1377 1147 Attonc
1400 1092 1536 1166 episcopo
1559 1092 1652 1151 Pisto·

100 1174 131 1229 P.
147 1176 297 1231 conradus
312 1175 477 1249 Janningus
493 1178 534 1249 (ni
550 1176 645 1249 fallor)
667 1177 725 1234 huc
740 1177 776 1234 ad
831 1177 1139 1251 riensicouscriptam;
1151 1182 1359 1252 quaequamvis
1369 1181 1574 1254 utplurimum
1585 1199 1652 1240 cum

93 1262 253 1319 Imbrosam
267 1265 400 1336 accessit,
418 1266 464 1320 cui
488 1265 517 1321 iu
534 1271 635 1323 nostro
650 1266 777 1339 hospitio
831 1266 1004 1338 praecedenti
1018 1267 1182 1339 conveniat,
1193 1273 1291 1325 tamon
1303 1271 1373 1342 quia
1383 1270 1508 1345 amplior
1522 1277 1609 1330 estet
1622 1272 1653 1329 iu

93 1351 336 1425 ogleriabuudus
354 1355 443 1410 ctiam
459 1372 537 1410 aurio
552 1354 659 1421 extrito,
676 1371 777 1411 vorum
832 1356 1010 1427 quibusdam
1026 1355 1147 1428 paulum
1163 1358 1260 1414 dillert
1274 1358 1362 1429 (banc
1380 1359 1608 1434 discrepantiam
1624 1362 1654 1418 iu

93 1442 289 1499 testimonium
314 1443 463 1499 osculatus
483 1445 566 1500 testis
591 1444 773 1516 perhiberet!
831 1445 985 1502 Anuotatis
996 1445 1227 1519 observabimus)
1236 1447 1323 1503 etiam
1334 1447 1551 1506 lectorisoculis
1561 1451 1654 1522 subji-

93 1532 117 1588 is
127 1535 156 1588 et
167 1531 253 1587 uobis
263 1532 328 1587 cccli
342 1533 506 1606 benignitas
518 1534 597 1590 savit.
609 1535 650 1589 idn
661 1531 779 1607 praecla-
832 1534 965 1591 ciendam
976 1550 1040 1592 esse
1050 1536 1232 1605 censuimus,
1246 1540 1332 1609 prout
1344 1554 1408 1593 eam
1422 1538 1514 1594 edidit
1522 1538 1656 1597 Mobillo·

93 1636 144 1677 vos
156 1620 187 1676 in
201 1619 279 1677 Actis
291 1622 464 1678 Sanctorum
476 1623 523 1679 die
539 1641 558 1679 x
572 1623 664 1680 llartii
680 1628 778 1679 clxxv
832 1623 900 1679 nius
916 1641 981 1680 sao.
996 1624 1235 1696 v1Benedictino,
1252 1630 1335 1697 parte
1347 1629 1375 1698 2,
1390 1642 1458 1701 pag.
1473 1628 1537 1698 268,
1554 1626 1656 1685 relicta

93 1710 185 1779 iratis)
196 1726 270 1783 opus
285 1709 361 1767 beati
371 1712 504 1783 Andreae,
518 1729 592 1784 quos
607 1729 658 1768 vos
673 1712 778 1768 iisdem
832 1712 959 1769 editione
975 1712 1107 1769 Romans
1116 1713 1257 1769 Thesauri
1270 1714 1354 1783 Velii,
1366 1731 1430 1788 quar
1445 1717 1587 1773 mendosa
1600 1722 1654 1787 est,

93 1798 204 1872 uspiam
216 1799 335 1871 reperiri
347 1800 464 1870 doletis,
474 1802 778 1874 inventumllocergo
834 1806 867 1858 ut
875 1802 944 1873 jure
959 1802 1063 1858 merito
1076 1802 1409 1874 conqueriturAurclius
1424 1805 1522 1861 (lusori
1538 1805 1593 1862 hac
1607 1822 1655 1864 ex-

93 1904 173 1945 mum
186 1887 310 1943 fideliter
319 1889 642 1963 exscribam,vcbisque
653 1906 705 1963 per
714 1888 778 1945 illu·
833 1890 1008 1948 clamatione
1023 1907 1031 1948 τ
1059 1911 1070 1939 ι
1086 1893 1179 1958 Quam
1195 1909 1300 1949 manca
1322 1896 1350 1949 et
1373 1892 1478 1951 mutila
1493 1898 1537 1951 est
1550 1896 1611 1952 vita
1625 1896 1655 1953 S.

93 1992 136 2033 rm
151 1981 180 2033 et
194 1977 427 2033 eruditissimum
442 1978 536 2034 virum
548 1984 576 2035 et
590 1995 777 2035 communem
832 1980 951 2037 ioannis
967 1979 1116 2036 Gualberti
1131 1985 1248 2037 auctore
1263 1983 1290 2037 S.
1306 1982 1441 2049 Atthone,
1458 1984 1537 2056 typis
1550 2001 1658 2042 excusa

100 2066 257 2123 Dominum
272 2067 434 2122 Antonium
450 2067 695 2141 llagliabechium
711 2068 777 2125 mit·
834 2069 932 2125 Roma
948 2085 1024 2125 anno
1040 2068 1186 2125 lllDCXllt
1204 2091 1219 2121 a
1235 2070 1271 2125 Ut
1285 2070 1372 2126 etiam
1387 2071 1478 2143 hujus
1492 2073 1569 2129 beati
1584 2072 1657 2130 scri·

834 2158 926 2231 pteris
949 2158 1109 2214 auctoritas
1137 2158 1310 2227 innotescat,
1331 2159 1441 2231 placuit
1464 2159 1566 2216 laudes
1590 2161 1615 2217 ei
1640 2178 1658 2217 a

93 2245 207 2302 emissis
217 2244 297 2301 stetit
306 2245 351 2300 cir
361 2245 596 2303 humanissimus
607 2251 636 2303 et
645 2246 780 2320 sequenti
835 2247 1087 2319 contemporaneis
1098 2247 1182 2302 datas
1195 2262 1348 2319 excerpere
1360 2264 1394 2303 ex
1408 2247 1527 2316 litteris,
1538 2265 1601 2320 quar
1616 2249 1657 2305 le·

93 2351 138 2391 am
154 2335 272 2407 propria
286 2351 376 2390 manu
392 2335 568 2408 descriptam
584 2338 620 2393 ad
636 2337 780 2410 Papebro·
835 2335 1191 2409 gunturapudUghellum
1201 2336 1657 2409 tomolllltaliaesacrce,col.363.

93 2424 161 2490 risit,
175 2439 264 2496 quem
280 2424 309 2478 in
325 2423 448 2496 epistola
458 2425 609 2497 scriptioni
624 2443 684 2483 sue
700 2426 779 2481 iuvc-
837 2426 885 2481 ubi
900 2424 1061 2498 Flaynerius
1076 2423 1235 2481 cononicus
1246 2424 1323 2481 iuter
1336 2423 1394 2481 alia
1409 2426 1451 2481 sic
1467 2426 1523 2498 ipsi
1538 2426 1659 2483 scribit:

93 2511 245 2585 lloquitur.
257 2514 380 2569 «Virum
391 2514 782 2588 occupatissimuminsuper
838 2537 852 2566 a
867 2515 934 2570 Tuae
949 2515 1042 2571 virtus
1058 2513 1232 2570 innocentiae
1252 2530 1330 2569 ame
1345 2514 1493 2571 laudanda
1508 2514 1592 2581 leret,
1608 2515 1660 2572 sed

93 2616 173 2658 amec
185 2620 243 2659 non
255 2603 364 2660 inesset
374 2603 485 2671 animo,
497 2603 525 2659 ni
538 2605 610 2660 lorte
626 2604 696 2675 quid
710 2607 781 2658 Sau-
838 2604 923 2660 timui
939 2603 1040 2660 laudes
1059 2596 1236 2659 diminuisse
1251 2606 1327 2659 tuas.
1344 2607 1475 2659 Romana
1491 2620 1619 2676 namquo
1633 2606 1663 2661 et

93 2693 206 2748 sonoris
221 2696 249 2748 ct
263 2692 361 2764 glorior
377 2693 594 2764 praemeditarer
607 2696 637 2748 et
651 2692 781 2748 Paterni·
837 2691 1004 2766 Apostolica
1016 2692 1116 2763 Sedes,
1128 2692 1199 2747 dum
1214 2690 1345 2748 studium
1360 2695 1487 2749 tenerem
1504 2692 1662 2757 Quintouio

93 2789 109 2837 t.
125 2784 243 2854 gratum
258 2782 342 2838 foret.
361 2782 401 2837 lla
425 2781 507 2837 vobis
529 2798 603 2838 nora
618 2781 780 2855 occupatio,
836 2782 867 2837 in
882 2780 997 2855 Anglia,
1008 2783 1120 2836 tautam
1136 2787 1193 2835 tua
1208 2780 1342 2853 prorupit
1356 2779 1473 2836 laudem
1486 2780 1662 2837 excellentie

93 2886 125 2927 cs
137 2869 244 2926 litteris
261 2887 307 2926 me
321 2871 403 2927 vobis
418 2874 591 2942 presentem
607 2871 740 2937 exhibeo,
752 2871 782 2925 in
837 2868 1663 2944 iucuriapraesulisQuintcniensiumpchomiuumllet·

93 2978 97 3012 ι
108 2960 261 3015 inventum
272 2959 444 3015 thesaurum
455 2964 614 3032 tenentem,
625 2965 653 3016 et
664 2960 784 3016 elloron-
839 2960 948 3016 thaam
963 2958 1122 3015 Diaconum
1133 2962 1161 3014 et
1172 2957 1354 3015 cardinalem
1368 2959 1460 3015 sancti
1471 2958 1603 3033 Georgii:
1614 2958 1662 3015 lu·

93 3066 136 3105 am
161 3049 191 3104 S.
218 3049 247 3103 P.
276 3049 311 3106 N.
335 3049 458 3105 ioannis
482 3049 641 3121 (lamberti,
667 3053 784 3105 auctore
840 3052 1005 3121 terrogatus
1020 3065 1037 3104 a
1052 3063 1098 3103 me
1114 3048 1150 3102 do
1165 3050 1271 3104 nostrae
1286 3052 1314 3104 et
1325 3048 1461 3103 Romanae
1477 3052 1555 3105 statu
1571 3048 1661 3105 eccls-

93 3155 128 3195 ea
150 3137 255 3194 abbate
270 3138 444 3206 strumensi,
466 3155 553 3211 quam
582 3138 706 3195 fideliter
734 3139 783 3194 de·
839 3137 900 3202 sice,
911 3136 1021 3205 diceus,
1033 3136 1111 3208 quod
1124 3136 1255 3191 Romana
1265 3140 1294 3191 et
1306 3136 1472 3208 Apostolica
1483 3138 1567 3193 sedes
1578 3137 1664 3193 beata

93 3231 122 3283 ut
136 3226 304 3283 testimonio
320 3227 429 3282 ibidem
445 3227 579 3299 apposito
593 3227 725 3283 evincere
739 3210 819 3283 lasC
839 3226 923 3293 soret,
939 3225 964 3281 si
989 3224 1033 3281 tui
1056 3226 1212 3280 duceretur
1235 3225 1435 3281 moderamine
1460 3224 1664 3297 gubernaculi,

93 3334 121 3373 ss
132 3316 210 3372 beati
220 3316 371 3389 scriptoris
387 3318 544 3373 auctoritas
557 3333 614 3389 prae
626 3316 691 3371 aliis
706 3315 781 3371 asti·
836 3315 914 3387 quod
927 3330 974 3371 me
985 3311 1160 3385 ultraquam
1174 3312 1231 3368 dici
1242 3312 1334 3384 possit
1348 3311 1523 3369 laetaficavii.
1539 3336 1553 3363 a
1564 3313 1664 3369 liono-

93 3408 137 3473 rst,
147 3408 245 3478 utpote
258 3405 308 3476 qui
324 3405 528 3461 beatissimum
541 3405 739 3461 Patriarcham
754 3407 783 3460 et
836 3404 952 3459 rificum
965 3402 1112 3458 enimvero
1125 3400 1263 3474 elogium.
1273 3401 1303 3456 Si
1314 3402 1381 3473 quis
1393 3401 1479 3473 plura
1489 3401 1574 3470 volet,
1586 3401 1651 3474 lega

93 3492 187 3567 pulum
198 3498 359 3550 'leuzonem
376 3499 404 3550 ct
415 3494 528 3566 aliquos
539 3494 589 3566 qui
601 3495 631 3550 in
648 3494 706 3549 vita
721 3509 781 3550 me·
836 3494 901 3564 ejus
917 3491 1015 3547 Vitam
1030 3490 1060 3546 in
1074 3489 1153 3546 Actis
1168 3490 1278 3546 nostris
1292 3507 1350 3545 xxu
1366 3490 1445 3546 llaii.

96 3600 121 3651 r,
132 3584 252 3639 noverit.
267 3586 331 3654 lpso
346 3583 501 3648 scribente,
514 3583 610 3638 adhuc
624 3583 738 3638 vivebat
749 3587 780 3637 ll.
839 3570 843 3576 ⁴
871 3582 916 3636 33.
933 3579 1150 3653 papebrochius
1162 3578 1281 3651 quidem
1294 3578 1325 3634 iu
1335 3577 1417 3635 illius
1428 3578 1494 3636 Vita
1504 3579 1540 3635 ad
1553 3579 1632 3635 dicta
1642 3595 1672 3635 m

93 3672 122 3728 oi
131 3676 256 3729 testatur
268 3672 316 3728 his
330 3673 436 3729 uerbis.
454 3671 605 3728 «Venerat
619 3673 697 3728 inter
706 3676 782 3728 cete·
837 3670 915 3725 diem
927 3668 1073 3725 illustrata
1084 3666 1252 3739 suspicatus
1263 3667 1370 3736 fuerat,
1381 3667 1414 3723 B.
1425 3667 1557 3723 Allonem
1572 3667 1672 3739 patria

93 3778 159 3833 uzo,
171 3760 221 3833 qui
235 3761 332 3816 adhuc
348 3764 491 3832 superest,
503 3760 687 3815 venerandus
702 3764 784 3831 pater
837 3760 993 3815 Pecensem
1003 3772 1078 3825 esse,
1091 3772 1124 3812 eo
1135 3757 1213 3828 quod
1228 3755 1258 3811 in
1274 3756 1470 3812 instrumento
1482 3756 1610 3827 quodam
1624 3755 1671 3811 ita

93 3867 132 3907 ex.
145 3871 160 3900 u
176 3849 298 3906 Vivebat
311 3852 340 3905 et
354 3849 540 3906 ilchoannes
555 3848 783 3920 antiquissimus
838 3852 970 3904 notatum
986 3845 1154 3902 invenisset.
1172 3869 1185 3895 a
1204 3846 1262 3919 Ego
1273 3846 1319 3900 Fr.
1330 3846 1397 3901 Atto
1409 3844 1668 3901 Peceumouachus

93 3955 182 4012 equo
197 3939 250 3994 sic.
275 3961 289 3989 a
305 3938 385 4002 Quod
403 3937 451 3994 ille
466 3938 561 3994 adhuc
576 3942 726 4011 superstes
742 3937 784 3994 sic
838 3941 867 3993 et
877 3935 1171 3993 dictusPistoricusis
1181 3933 1669 4006 episcopus,huicBrevifirmaudo

104 4028 206 4097 tuisse,
222 4032 251 4083 et
265 4027 325 4099 illa,
342 4045 405 4100 qua.
420 4027 557 4099 superius
572 4027 710 4095 diximus,
720 4026 785 4082 viva
839 4026 1003 4099 subscripsi
1018 4030 1047 4081 et
1061 4024 1134 4080 illud
1151 4024 1213 4081 fieri
1229 4023 1327 4096 rogavi
1343 4039 1411 4079 cum
1429 4023 1510 4079 omui
1525 4023 1602 4079 bona
1617 4038 1670 4079 vo-

93 4121 219 4185 estatur;
235 4121 264 4173 et
286 4134 344 4173 uon
359 4117 456 4173 solum
472 4117 533 4183 illa,
549 4118 599 4173 sed
616 4119 704 4173 etiam
721 4133 784 4188 quae
840 4114 962 4171 luntats.
977 4113 1142 4177 »Eruditus
1153 4114 1183 4169 D.
1195 4111 1323 4168 Joannes
1331 4111 1468 4168 Aurelius
1479 4109 1589 4179 Casari,
1597 4110 1672 4167 lecta

93 4224 115 4263 ιε
140 4207 366 4278 subjungemus.
382 4228 396 4257 a
421 4206 585 4262 Occurrunt
606 4210 635 4261 et
660 4207 696 4261 de
720 4204 786 4261 aliis
842 4202 1098 4276 hacPapebrochii
1111 4203 1290 4274 conjectura,
1303 4218 1381 4258 auno
1395 4202 1459 4256 1691
1474 4202 1510 4256 ad
1521 4216 1589 4257 eum
1605 4199 1675 4256 scri-

102 4294 266 4364 similiani
279 4296 295 4368 ξ
306 4296 344 4351 Eo
355 4300 495 4368 tompore,
506 4299 572 4365 etc,
582 4311 671 4367 propo
680 4294 785 4361 finem,
843 4293 903 4367 psit
915 4292 945 4347 iu
957 4290 1037 4348 huuc
1048 4292 1169 4348 modum
1183 4307 1190 4345 :
1205 4314 1219 4341 «
1234 4296 1274 4346 Ex
1288 4290 1342 4347 hac
1355 4290 1537 4362 peroratione
1551 4290 1581 4346 S.
1593 4290 1673 4345 Atto·

94 4385 113 4441 d
129 4384 287 4441 scribimus
312 4402 328 4440 a
352 4384 510 4440 vonerabili
526 4384 613 4439 tratre
629 4382 786 4438 didicimus
845 4382 917 4437 nis»
932 4378 1528 4453 (loquiturdeepilogovitceGualbertiuae
1541 4377 1671 4449 asepri-

109 4473 167 4546 et§
183 4473 254 4529 Vere
268 4490 326 4529 non
343 4474 450 4543 solum,
467 4496 482 4523 a
498 4476 552 4528 etc.
846 4488 928 4525 mum
944 4470 1072 4538 invento,
1090 4484 1178 4541 quem
1194 4472 1296 4540 postea
1310 4466 1471 4538 dabimus),
1498 4470 1556 4522 «et
1573 4464 1672 4537 ipsius

93 4580 184 4621 rmum
200 4564 271 4619 i'itae
288 4580 350 4619 ase
365 4563 515 4634 exscripta
530 4561 585 4617 hoc
601 4560 731 4616 annectit
746 4564 787 4616 tc·
807 4582 831 4647 D
847 4556 1008 4614 Memoriali
1026 4559 1089 4629 jam
1106 4555 1188 4613 uobis
1212 4572 1265 4627 per
1287 4559 1319 4609 P.
1347 4555 1380 4610 D.
1406 4553 1558 4609 Placidum
1585 4552 1673 4608 Poltri

93 4670 154 4709 rm:
167 4674 182 4703 «
194 4654 252 4724 Ego
265 4653 396 4708 Domnus
405 4652 534 4708 Joanncs
544 4650 679 4706 Aurelius
693 4648 794 4706 Casari
849 4645 1036 4713 transmisso,
1047 4645 1076 4699 iu
1090 4644 1200 4715 quibus
1212 4643 1357 4714 utrisque,
1368 4641 1541 4697 virsanctus
1551 4640 1601 4695 ubi
1617 4639 1675 4695 hoc

96 4742 227 4799 onachus
243 4741 361 4797 Ordinis
383 4746 411 4797 ct
425 4738 670 4812 Congregationis
685 4737 793 4793 Vallis·
847 4734 1083 4807 titulogloriatur
1094 4748 1237 4787 cresceres
1248 4746 1411 4800 uocemue,
1419 4726 1531 4800 liquido
1541 4732 1673 4800 apparet,

93 4848 114 4886 ae
130 4831 160 4887 in
176 4832 297 4887 veritato
321 4831 469 4902 profiteor,
486 4846 532 4885 me
557 4828 792 4900 suprascriptam
847 4824 936 4880 verba
950 4822 1030 4878 illius
1040 4820 1230 4877 instrumenti
1246 4835 1298 4891 por
1312 4835 1362 4874 vos
1375 4819 1412 4875 ad
1425 4818 1503 4873 diem
1518 4835 1586 4874 xxiv
1601 4817 1673 4873 Maii

93 4950 105 4976 ·.
118 4925 150 4976 Ρ.
161 4920 196 4975 Ν.
207 4920 330 4977 ioannis
341 4918 490 4975 Gualberli
504 4923 622 4974 auctore
637 4919 723 4974 beato
734 4919 791 4973 An·
848 4912 980 4983 recitata,
994 4910 1114 4967 scilicet.
1128 4910 1184 4982 Ego
1195 4910 1295 4965 Frater
1306 4912 1370 4964 Atto
1383 4909 1485 4964 Peren.
1497 4906 1673 4978 monachus,

93 5015 163 5077 rate,
176 5009 301 5065 fideliler
311 5008 502 5080 exscripsisse
513 5025 546 5063 ac
558 5006 761 5079 desumpsisse
778 5024 794 5063 a
849 5019 907 5058 non
921 5002 963 5057 sic
974 4999 1107 5073 legenda,
1119 5004 1151 5054 ut
1163 5001 1266 5054 sonent
1276 4998 1422 5065 Pacensis,
1433 4996 1477 5052 vel
1489 5001 1521 5053 ut
1532 4996 1597 5053 aliis
1609 4995 1673 5067 pla-

108 5099 237 5173 quodam
255 5099 454 5170 manuscripto
469 5097 632 5170 pecudinco
648 5097 795 5169 antiquis·
850 5096 904 5162 cat,
920 5088 1067 5156 Pacensis,
1084 5089 1135 5144 sed
1162 5104 1314 5153 saccaron,
1331 5092 1364 5143 ul
1384 5103 1474 5158 supra
1500 5085 1530 5140 in
1556 5100 1675 5156 perora·

92 5189 144 5244 rod
160 5204 240 5243 nunc
252 5204 318 5243 mea
327 5187 444 5260 quidem
460 5185 609 5241 industria
620 5186 650 5241 in
662 5185 797 5241 Archirio
850 5180 930 5235 tione
945 5183 974 5235 et
984 5175 1156 5235 Memoriali.
1168 5177 1215 5232 Sic
1231 5175 1324 5233 sentio
1340 5192 1393 5249 ego
1408 5176 1441 5231 D.
1452 5174 1498 5230 Jo.
1510 5177 1544 5228 A.
1557 5173 1607 5244 qui
1623 5189 1675 5228 su·

97 5277 221 5334 mbrusa
237 5279 379 5332 servatur.
393 5275 533 5331 liberast
544 5274 573 5329 in
586 5278 687 5330 octavo
700 5273 753 5344 (vel
766 5277 798 5330 ut
851 5286 914 5341 pra,
932 5266 1127 5324 salvatamen
1143 5282 1259 5338 semper
1281 5264 1312 5320 iu
1339 5264 1477 5320 omnibus
1500 5261 1675 5318 auctoritate

93 5370 164 5424 :erat
179 5369 282 5439 quarto
298 5364 415 5437 minori)
439 5363 544 5420 litteris
562 5364 636 5419 boue
651 5363 797 5433 formatis,
852 5363 958 5415 restra.
975 5378 989 5407 »
1005 5357 1076 5412 Cum
1093 5371 1127 5411 ea
1141 5355 1260 5428 legisset
1272 5352 1502 5426 Papebrochius,
1515 5351 1615 5408 statim
1630 5351 1689 5421 vir¹

93 5456 273 5530 rungiacum
284 5454 410 5511 colorem
424 5471 482 5524 pre
493 5452 670 5524 antiquitate
684 5457 795 5509 verten·
853 5445 1093 5513 candidissimus,
1106 5448 1134 5500 ct
1149 5444 1184 5499 ad
1196 5458 1309 5499 errores
1319 5458 1389 5498 suos
1399 5440 1587 5515 corrigendos
1598 5454 1677 5496 sem-

93 5544 173 5601 labsl
187 5545 257 5601 lolia
272 5545 315 5599 48.
333 5543 465 5599 Primum
481 5548 510 5598 et
523 5542 687 5599 secundum
704 5541 800 5597 conti·
854 5553 905 5611 per
929 5534 1178 5610 promptissimus,
1204 5533 1313 5604 scripta
1338 5531 1446 5588 scheda
1468 5535 1497 5588 et
1523 5531 1558 5587 ad
1586 5530 1677 5587 vitam

93 5632 798 5711 pplemoatum,siostseptimumetnouum,quod
856 5631 888 5688 B.
913 5628 1030 5687 Attonis
1054 5627 1151 5697 affixa,
1176 5625 1344 5700 opinionem
1365 5626 1400 5684 Ι).
1423 5626 1545 5686 loannis
1570 5624 1680 5685 Aurelii
