3892 6096
110 346 168 412 tls
619 343 792 407 crunon!
813 342 993 406 MONAGHI
1015 344 1049 405 S.
1072 339 1316 405 ambubaiam
1759 337 1820 399 ala

43 521 49 541 ,ψ
150 480 254 555 Frigus
268 483 297 538 et
312 480 404 537 lamas
426 476 556 551 simplici
568 476 678 535 vestitu
693 476 816 549 ciboque
831 475 936 549 expelli
950 480 978 546 Α
1029 476 1168 531 Fructum
1179 474 1235 532 lert
1249 491 1314 530 raro
1330 470 1475 545 quidquid
1485 469 1597 545 geritur
1607 469 1783 528 dubitando.

114 574 221 646 potest.
265 638 268 643 .
1028 565 1185 620 Fructibus
1207 579 1242 620 ex
1266 562 1392 636 propriis
1407 561 1493 617 arbor
1508 560 1695 633 cognoscitur
1710 560 1821 618 omnis.

150 658 299 717 Fidelibus
315 674 372 716 nox
390 658 421 714 in
443 658 521 715 diem
537 659 687 725 mutatur;
703 653 872 711 infidelibus
886 672 938 711 au·
1029 653 1110 710 Finis
1125 652 1260 726 praecepti
1276 656 1390 709 constat
1409 650 1525 707 dilectio
1540 648 1658 706 christi.

117 752 176 808 tem
191 749 257 823 ipsa
271 748 360 805 etiam
376 747 427 803 lux
441 747 597 804 tenebrosa
611 743 746 801 efficitur.
1029 743 1130 801 Factor
1144 742 1234 799 totius
1249 758 1307 815 pree
1322 741 1436 797 eunctis
1451 744 1496 797 εει
1513 738 1709 795 venerandus.
1808 784 1813 790 .

152 839 277 896 Fructus
292 836 396 894 mundi
413 836 498 893 ruina
512 838 565 891 est.
1028 832 1146 889 Fratres
1160 849 1191 888 ae
1206 834 1329 887 noscant
1341 846 1467 902 quorum
1480 832 1567 884 Pater
1580 831 1626 884 εει
1636 827 1713 884 Deus
1728 844 1821 886 unus.

150 927 299 984 Fortitudo
310 927 460 998 justorum
477 929 522 982 est
536 939 654 980 carnem
672 922 797 989 vincere,
814 920 940 978 delecta·
1307 918 1424 975 CAPUT
1443 918 1504 974 Vll.

113 1015 224 1075 tionem
239 1016 306 1072 vita
321 1016 475 1088 prasentia
494 1012 690 1085 exstinguere.
1029 1010 1150 1066 Gustata
1172 1012 1200 1065 et
1214 1008 1309 1064 videte
1324 1007 1464 1081 quoniam
1480 1005 1579 1063 suavis
1593 1009 1639 1063 εει
1653 1005 1799 1063 Dominus
1812 1025 1820 1075 ;

148 1104 299 1162 Fortitudo
314 1105 505 1177 reproborum
521 1107 565 1158 est
580 1098 750 1157 transitoria
765 1097 828 1154 sine
843 1115 938 1155 cessa·
993 1099 1097 1156 beatus
1112 1099 1154 1154 vir
1169 1097 1219 1170 qui
1234 1101 1334 1170 sperat
1348 1097 1379 1152 in
1394 1114 1437 1153 co.

114 1194 193 1252 tione
208 1194 340 1267 diligere,
355 1197 458 1250 catera
472 1189 587 1264 ilagella
601 1188 766 1247 Conditoris
781 1187 941 1244 insensibi-
1029 1187 1163 1244 Gloriosa
1178 1188 1257 1243 dvcta
1272 1190 1341 1243 sunt
1355 1186 1390 1241 de
1404 1189 1443 1252 te,
1460 1183 1561 1241 civitae
1575 1183 1638 1240 Dei.

114 1282 182 1340 liter
200 1282 370 1355 perdurare.
1030 1276 1158 1332 Gratiam
1179 1279 1209 1332 et
1222 1279 1251 1332 et
1265 1274 1390 1349 gloriam
1406 1274 1488 1330 dabit
1503 1273 1657 1330 Dominus.

153 1371 299 1429 Fraudem
312 1374 369 1426 Deo
380 1371 474 1426 lacera
488 1368 604 1424 videtur
615 1366 675 1439 qui,
687 1364 787 1422 relicto
803 1364 941 1437 spiritua·
1030 1364 1183 1421 Generatio
1198 1367 1344 1421 rectorum
1360 1363 1558 1420 benedicetur.

115 1459 154 1517 lis
169 1459 234 1516 vita
248 1458 409 1532 proposito,
426 1458 463 1513 ad
478 1455 619 1513 saeculum
634 1453 800 1511 revertitur.
1030 1454 1175 1509 Gaudium
1201 1452 1261 1523 [ita]
1286 1452 1342 1507 erit
1362 1452 1391 1507 in
1407 1451 1478 1507 ooelo
1494 1466 1582 1524 super
1596 1466 1654 1506 unc
1670 1454 1824 1523 peccatore

151 1549 261 1606 Futura
271 1547 422 1621 providere
435 1545 601 1619 specialiter
610 1542 779 1618 pertinetad
792 1541 869 1612 illos,
882 1540 942 1613 qui·
995 1542 1198 1615 poenitentiam
1211 1545 1325 1614 agente,
1337 1557 1427 1613 quam
1443 1555 1531 1612 super
1547 1539 1706 1610 nonaginta
1719 1554 1823 1595 novem

114 1636 171 1695 bus
186 1653 257 1694 oura
272 1636 433 1694 commissa
447 1638 492 1692 εει
507 1651 597 1707 super
610 1633 696 1689 alios.
991 1631 1093 1704 justis,
1110 1631 1160 1702 qui
1176 1648 1234 1687 non
1249 1629 1381 1703 indigent
1395 1629 1574 1702 poenitentia.

151 1724 313 1783 Firmitatis
327 1724 470 1782 indicium
486 1727 530 1779 est
544 1738 611 1778 cum
628 1737 686 1778 una
700 1720 861 1792 eademque
875 1734 941 1776 sen·
1031 1720 1124 1776 Grave
1138 1723 1184 1777 est
1199 1736 1313 1790 saxum,
1325 1722 1353 1775 et
1365 1734 1488 1776 onerosa
1500 1732 1606 1786 arena;
1620 1717 1673 1774 sed
1684 1716 1730 1773 ira
1739 1714 1824 1774 stulti

114 1815 207 1871 tentia
220 1814 249 1870 in
266 1813 359 1870 sacris
373 1812 480 1869 litteris
494 1812 627 1868 iteratur.
955 1850 980 1916 Β
995 1812 1123 1881 utroque
1137 1807 1261 1881 gravior.

150 1900 276 1958 Facilius
293 1900 415 1958 saculos
428 1915 518 1972 quam
534 1898 732 1971 nosmetipsos
748 1898 940 1970 abnegamus.
1031 1897 1129 1955 Gloria
1144 1897 1235 1970 patris
1250 1896 1329 1952 filius
1344 1894 1462 1968 sapiens
1477 1897 1534 1950 est.

151 1988 247 2045 Facile
261 1988 399 2061 abjicitur
412 1989 489 2062 quod
504 1989 595 2044 beret
609 1986 790 2044 extrinsecus
804 2011 812 2056 ;
827 1986 941 2043 intesti·
1030 1985 1138 2055 Gloria,
1153 1991 1182 2042 et
1206 1986 1308 2053 bonor,
1325 1988 1353 2041 et
1377 2001 1433 2058 pax
1454 1983 1534 2040 omni
1549 1983 1681 2055 operanti
1696 1981 1822 2052 bonum,

116 2089 190 2133 num
203 2074 318 2133 bellurn
333 2074 526 2149 periculosius
547 2079 602 2132 est.
996 2078 1098 2136 iudeo
1113 2075 1242 2151 primum
1259 2080 1287 2134 et
1301 2074 1411 2131 Gracc.

152 2165 253 2222 Facies
267 2167 312 2222 εει
327 2164 435 2223 mentis
446 2163 610 2237 speculum,
624 2167 653 2220 et
667 2162 748 2220 taciti
759 2162 835 2220 oculi
846 2162 943 2219 cordis
1033 2165 1130 2223 Gloria
1144 2169 1245 2222 nostra
1259 2165 1319 2221 haec
1334 2166 1389 2233 εει,
1406 2161 1610 2219 testimonium
1635 2160 1824 2219 conscientia

118 2256 232 2313 secreta
251 2254 390 2328 produnt.
997 2259 1113 2313 nostras.

138 2342 292 2400 Famulos
317 2342 368 2400 Dei
394 2358 478 2399 veros
499 2358 557 2399 non
578 2340 731 2414 miracula,
748 2341 798 2397 sed
825 2338 942 2397 dilectio
1033 2343 1155 2401 Gemina
1168 2341 1285 2399 dilectio
1300 2339 1434 2397 homines
1449 2339 1519 2395 lacit
1533 2337 1683 2411 proximos
1695 2338 1766 2395 lieo.

119 2446 189 2489 vara
207 2431 320 2502 probat.
1033 2431 1158 2489 Grandis
1180 2429 1312 2498 offensio,
1328 2427 1405 2486 nolls
1419 2429 1535 2501 placare
1549 2427 1820 2502 quemod'snderis.

143 2519 252 2577 Fenus
266 2518 395 2591 pecunias
411 2519 511 2575 fumus
526 2520 571 2573 εει
585 2517 701 2575 animae.
1033 2520 1158 2578 Grandis
1173 2519 1307 2576 Ecclesia
1332 2518 1501 2587 destructio,
1518 2516 1649 2591 neglecta
1673 2515 1821 2575 cenobio-

156 2608 306 2680 Frequens
320 2606 412 2663 oratio
427 2606 541 2663 sortiter
554 2606 666 2662 resistit
682 2605 808 2662 diabolo.
997 2625 1064 2667 rum
1079 2609 1216 2682 provisio.

156 2692 283 2754 Facilius
294 2694 436 2753 inherere
450 2695 524 2752 solet
538 2695 649 2751 malum
663 2712 752 2767 quam
767 2697 888 2753 bonum.
1033 2698 1159 2754 Grandis
1183 2695 1350 2754 monasticae
1373 2694 1437 2752 vitae
1465 2694 1652 2764 contumelia,
1677 2693 1824 2752 mundani

154 2784 334 2857 Frequenter
348 2787 526 2856 superantur
541 2783 733 2856 prosperitate
746 2784 795 2857 qui
811 2783 943 2857 superari
997 2786 1161 2843 ornamenti
1175 2785 1277 2858 gloria.

121 2889 180 2931 non
196 2876 330 2946 poterant
350 2871 534 2929 adversitate.
1034 2876 1123 2932 Gestu
1139 2875 1268 2948 corporis
1283 2873 1401 2930 habitus
1416 2874 1634 2930 demonstratur
1648 2870 1768 2929 mentis.

157 2961 320 3019 Formidari
335 2978 394 3018 non
405 2961 492 3018 debat
501 2959 645 3032 diabolus,
657 2960 706 3033 qui
722 2959 796 3017 nibil
808 2960 865 3017 nisi
881 2978 944 3035 per·
1034 2964 1155 3021 Gladius
1166 2968 1290 3035 utraque
1300 2967 1495 3037 parteacutus
1509 2964 1554 3019 est
1566 2961 1688 3018 verbum
1698 2959 1761 3032 Dei,
1771 2974 1822 3033 pa·

121 3049 233 3108 missus
246 3049 331 3107 valet.
998 3056 1119 3110 netrans
1135 3052 1262 3108 animam
1279 3057 1308 3108 et
1322 3068 1439 3123 corpus.

143 3139 279 3197 Frustra
292 3155 345 3212 pro
360 3137 455 3194 salute
465 3137 594 3211 corporis
610 3137 769 3208 laboratur,
782 3137 839 3195 ulei
853 3138 942 3195 simul
1034 3141 1162 3198 Gloriam
1174 3139 1276 3197 mundi
1288 3156 1421 3213 quarens
1434 3139 1491 3196 cito
1502 3139 1535 3197 lit
1549 3139 1590 3196 ita
1603 3140 1780 3208 obcaecatus,
1792 3142 1827 3194 ut

119 3225 224 3284 animae
239 3225 321 3284 salus
337 3226 516 3283 obtineatur.
959 3213 981 3281 C
1001 3230 1100 3287 nullus
1116 3233 1219 3303 paveat
1232 3245 1334 3285 casum
1350 3231 1458 3285 reatus.

150 3316 274 3372 Frustra
287 3312 352 3383 niti,
368 3329 422 3370 nso
445 3313 523 3370 aliud
550 3330 582 3370 se
605 3313 754 3388 fatigando
771 3314 828 3372 nisi
842 3315 943 3373 odium
1033 3319 1247 3376 Gravissimum
1263 3317 1538 3390 nequissimumque
1552 3333 1645 3390 genus
1660 3320 1706 3374 eat
1722 3315 1826 3375 inimi·

118 3417 256 3476 querere,
273 3407 408 3460 extrema
423 3402 576 3459 dementia
592 3407 645 3460 est.
943 3430 946 3434 ·
997 3407 1082 3476 citiae,
1098 3406 1176 3465 mala
1192 3423 1243 3480 pro
1260 3407 1345 3463 bonis
1360 3407 1489 3463 reddere.

154 3490 282 3551 Fidelius
305 3496 335 3548 et
357 3491 469 3564 gratius
485 3491 660 3563 obsequium
683 3496 729 3549 est
751 3493 828 3564 quod
844 3508 942 3550 amore
1032 3497 1130 3554 Genus
1152 3497 1301 3570 quoddam
1329 3497 1464 3553 humana
1490 3495 1606 3568 pietatis
1629 3494 1769 3567 impietas
1792 3493 1823 3550 in

118 3581 214 3653 magis
229 3596 318 3653 quam
332 3584 413 3636 metu
428 3580 549 3653 geritur.
996 3586 1089 3643 Deum
1105 3585 1169 3643 erit,

153 3666 278 3726 Fallitur
292 3668 373 3725 omni
388 3668 475 3724 modo
491 3667 542 3740 qui
557 3683 640 3740 spem
653 3683 738 3725 suam
753 3669 836 3742 ponit
847 3671 877 3728 in
893 3672 943 3729 ho·
1032 3675 1145 3733 Gaudia
1158 3675 1272 3748 integra
1286 3691 1434 3747 nusquam
1450 3674 1564 3731 suntin
1579 3677 1666 3730 terra.

118 3755 198 3814 mine
213 3761 242 3814 tl
255 3757 285 3814 in
300 3757 355 3814 hoc
370 3756 487 3813 ⁸oe01110·
1032 3764 1157 3821 Gloriari
1170 3769 1199 3821 ει
1208 3763 1360 3837 superbire
1370 3781 1422 3837 pro
1432 3762 1644 3837 temporalibus
1656 3762 1824 3820 commodis

153 3845 291 3903 Flammas
305 3842 522 3917 inextinguibili
538 3843 713 3917 quandoque
737 3846 869 3903 tradetur
891 3849 941 3922 qui
996 3851 1140 3909 indicium
1154 3856 1200 3909 est
1213 3853 1390 3925 insipientis.

119 3949 198 3991 nunc
212 3932 341 3990 avaritiae
354 3937 384 3988 ει
398 3931 516 3989 malitia
531 3949 590 3989 sua
614 3932 750 3991 incendia
773 3936 941 4010 extinguere
1031 3940 1182 3998 Gloriosus
1206 3945 1251 3998 est
1273 3940 1412 4013 injuriam
1437 3941 1560 4001 tacendo
1579 3938 1713 4012 tolerare,
1728 3955 1823 4013 quam

116 4020 248 4094 ΠθΒῙῑΒῙῗ·
995 4032 1200 4104 respondendo
1214 4030 1374 4086 vindicare.

152 4106 258 4166 Facilis
282 4107 367 4164 venia
392 4107 461 4164 huic
482 4112 527 4165 est
541 4109 638 4166 danda
653 4110 704 4184 qui
719 4129 777 4170 non
792 4119 892 4186 peccat
906 4129 941 4171 ex
1030 4119 1108 4176 Gula
1119 4123 1148 4176 et
1163 4118 1286 4176 luxuriae
1295 4118 1412 4175 deditus
1423 4122 1609 4191 comparatur
1619 4116 1766 4190 jumentis
1775 4118 1823 4175 in·

116 4196 273 4256 uersuta.
994 4207 1180 4281 sapientibus.

111 4376 124 4450 j
150 4287 266 4346 Fortior
280 4285 382 4359 estqui
397 4286 572 4359 cupiditates
587 4306 676 4362 quam
692 4289 742 4363 qui
756 4290 855 4349 hostes
869 4293 938 4350 sub·
1028 4297 1124 4353 Gratis
1140 4297 1224 4353 alico
1235 4296 1303 4353 data
1313 4296 1405 4369 gratis
1415 4295 1505 4353 etiam
1516 4295 1633 4353 suntab
1647 4294 1824 4354 hominibus

128 4375 190 4435 ioli·
993 4386 1101 4443 danda.

151 4464 243 4522 Ferox
267 4467 355 4536 atque
379 4463 531 4536 inquietus
553 4464 685 4539 linguam
708 4483 824 4541 semper
836 4468 939 4543 litigiis
1030 4475 1131 4532 Gravis
1147 4474 1264 4530 animus
1279 4474 1399 4530 dubiam
1416 4491 1475 4531 non
1497 4474 1608 4548 prolert
1630 4473 1823 4531 sententiam.

114 4568 251 4611 0¹⁰F⁰0¹¹³
267 4551 333 4609 ⁰⁸³5
349 4556 545 4625 ⁰⁰mF³ffli1¹G
953 4578 985 4649 D·
1028 4563 1120 4621 Grave
1132 4568 1176 4621 est
1185 4566 1349 4636 peccatum,
1363 4564 1440 4621 unde
1454 4563 1560 4637 aliquis
1572 4561 1713 4638 peccandi
1728 4562 1826 4623 sumit

151 4641 246 4701 Foedis
261 4642 483 4716 immundisque
497 4642 672 4700 lrbrdrnrbua
682 4644 799 4703 deditus
813 4647 939 4705 sordida
993 4653 1170 4725 exemplum.

114 4730 178 4791 suis
191 4731 372 4804 voluptatem
387 4731 530 4805 imitatur.
1029 4743 1151 4799 Gement
1167 4741 1343 4814 quandoque
1359 4757 1423 4798 sero
1447 4740 1498 4813 qui
1514 4740 1653 4815 plangere
1667 4742 1777 4799 nolunt
1789 4739 1825 4799 la

149 4819 339 4877 Fornicamur
353 4836 371 4875 a
385 4820 519 4890 Domino,
535 4822 653 4893 quando
669 4821 843 4881 adulterinis
858 4825 936 4898 cogi·
991 4834 1123 4903 tempore
1139 4835 1315 4902 opportuno.

112 4905 274 4964 tationibus
289 4907 326 4963 ab
341 4908 405 4978 ejus
420 4924 519 4965 amore
534 4915 614 4966 casto
630 4910 793 4969 deviamus.
1027 4920 1128 4976 Gravis
1142 4923 1225 4975 aetate
1240 4919 1339 4992 gravia
1354 4920 1442 4976 etiam
1456 4920 1546 4977 verba
1567 4921 1653 4978 debet
1676 4921 1822 4993 prolerre.

148 4994 244 5053 Facile
267 4994 388 5053 offendit
412 4997 462 5070 qui
487 5013 545 5053 non
569 4998 689 5070 optimis
718 5002 769 5058 sed
799 5003 935 5074 pessimis
1026 5007 1178 5065 Generalia
1193 5008 1348 5064 commoda
1363 5025 1447 5065 nemo
1463 5009 1559 5067 lacere
1575 5009 1662 5066 debet
1677 5008 1737 5067 sibi
1753 5027 1824 5083 pro·

111 5084 226 5158 plaeere
240 5085 330 5159 cupit.
847 5151 849 5154 Α
990 5099 1064 5171 pria.

182 5174 284 5233 Frenis
298 5174 376 5232 siout
389 5173 456 5247 equi
470 5189 618 5231 sessorum
635 5182 705 5234 sunt
718 5179 863 5238 retinendi
1024 5185 1152 5243 Gentiles
1167 5185 1235 5242 libri
1251 5203 1308 5242 non
1323 5187 1445 5243 suntab
1462 5188 1504 5245 eis
1520 5188 1669 5263 relegendi

180 5263 228 5321 Sic
241 5278 359 5339 quoque
372 5261 475 5320 lascivi
490 5264 639 5323 seniorum
650 5267 718 5338 jure
731 5270 860 5326 tenendi.
1025 5275 1079 5343 Qui
1095 5275 1201 5332 servire
1217 5276 1276 5332 Deo
1291 5280 1457 5334 statuerunt
1471 5282 1587 5350 pectore
1601 5282 1673 5337 toto.

146 5352 244 5411 Fortia
258 5357 342 5427 gesta
355 5355 412 5409 tua
429 5369 465 5409 ne
479 5353 663 5413 demonstres
678 5358 734 5414 cito
749 5359 825 5416 vitae.
1024 5367 1112 5421 Grata
1126 5365 1184 5420 Deo
1200 5365 1276 5421 dona
1293 5365 1357 5436 fert,
1375 5366 1426 5437 qui
1441 5366 1550 5439 frangit
1565 5366 1642 5423 mala
1656 5371 1738 5425 vota.

145 5441 224 5498 Felix
238 5443 287 5515 qui
303 5442 433 5515 requiem
449 5445 554 5516 poterit
569 5450 685 5517 captare
701 5463 869 5519 perennem.
1023 5455 1159 5510 Gaudcus
1174 5452 1203 5508 in
1220 5452 1344 5510 Domino
1360 5459 1459 5527 gustat
1475 5456 1653 5512 suavissima
1669 5458 1762 5516 mella

148 5528 256 5588 Felices
270 5529 346 5587 oculi
360 5529 411 5603 qui
426 5536 550 5589 cernunt
564 5534 673 5606 gaudia
687 5534 761 5590 coeli.
1022 5543 1099 5600 Gens
1114 5543 1218 5616 ignara
1231 5543 1282 5600 Dei
1298 5560 1388 5615 poena
1402 5548 1447 5601 εει
1460 5545 1605 5602 tradenda
1620 5548 1757 5618 perenni.

144 5619 250 5680 Ferrea
263 5636 348 5679 mens
362 5620 448 5679 dictis
462 5623 563 5680 crebro
577 5629 735 5697 suparatur
749 5624 860 5699 iniquis
1021 5631 1136 5713 Grapde
1150 5631 1246 5692 scelus
1261 5633 1344 5705 gradi
1360 5634 1457 5693 studio
1473 5635 1558 5696 debet
1572 5635 1724 5708 superari.
