3892 6096
110 300 171 381 roe
640 300 674 363 s
696 299 860 365 solome
883 297 1105 391 eonmuarr
1126 297 1293 362 asseris
1761 292 1817 357 ror

113 435 201 508 lacta,
216 434 295 491 etad
310 434 496 507 coquendum
507 449 574 490 oum
586 433 704 491 cibariis
715 435 814 493 atatim
825 450 936 509 prespe-
952 436 980 500 Α
994 435 1107 489 centem
1122 430 1259 490 velociter
1273 429 1487 505 exstinguebat.
1503 428 1601 495 Tunc,
1626 422 1727 483 animo
1747 424 1814 481 iuri·

116 524 200 592 ravit,
216 523 290 580 etad
300 522 398 596 ignem
415 523 522 595 posuit.
540 523 562 579 0
577 523 713 580 minares
728 526 756 580 et
770 522 934 596 stupendal
990 522 1122 590 bundus,
1138 521 1262 580 fideliter
1276 525 1377 577 tamen
1391 535 1490 586 orans,
1502 516 1561 574 ait:
1580 537 1595 571 ι
1609 514 1640 574 Si
1661 530 1731 573 vera
1751 518 1815 572 sunl

113 614 148 669 de
162 611 300 680 vasculis,
314 611 422 684 quibus
437 612 510 686 [per,
525 612 570 670 vel
591 614 688 685 juxta]
711 612 828 669 solitam
845 628 936 668 anno·
991 629 1055 685 qua
1069 611 1105 669 de
1119 612 1232 669 Joannc
1248 611 1405 668 Gualbcrto
1429 606 1489 663 vidi
1512 608 1542 663 et
1567 602 1668 662 audivi
1694 600 1815 677 propriis

111 718 180 758 nam
191 701 296 758 fratres
311 699 366 758 loci
378 699 460 759 illius
470 705 586 759 tantum
597 702 673 759 alere
684 701 806 771 solebat,
819 719 835 757 a
850 717 936 757 mane
991 701 1094 771 oculis,
1111 701 1141 757 in
1157 700 1250 773 ipsius
1266 700 1385 757 nominc
1399 695 1535 770 praecipio
1549 694 1613 763 tibi,
1630 696 1666 750 ut
1689 690 1814 751 celeriter

111 806 205 862 usque
220 791 256 847 ad
272 796 388 847 noctem
404 791 678 864 supervenientibus
690 791 800 847 ibidem
812 790 936 863 hospiti·
991 806 1113 846 accensa
1141 789 1317 845 inexstincta
1343 802 1526 861 permaneas.
1556 785 1625 851 Qua
1658 781 1717 839 sub
1741 784 1812 839 tanta

112 880 167 935 bus
183 879 418 936 administravit:
437 882 528 938 necin
540 879 638 954 aliquo
648 882 826 953 deiecerunt,
841 880 936 937 soncti
990 880 1141 936 velocitate
1156 879 1252 934 subito
1268 882 1312 934 est
1326 892 1458 942 accense,
1474 890 1506 930 sc
1521 873 1547 929 si
1562 871 1706 929 divinitus
1728 870 1811 946 impe

110 968 168 1025 viri
182 968 318 1041 precibus
334 968 508 1025 mirabiliter
522 973 618 1025 aucta.
991 973 1088 1025 ratum
1101 969 1127 1025 ei
1144 968 1258 1024 luisset.
1278 967 1357 1023 Idem
1372 966 1446 1039 ipse,
1463 963 1514 1036 qui
1529 961 1602 1018 vidit
1625 964 1656 1017 et
1676 958 1809 1043 interluit,

398 1058 513 1115 CAPUT
533 1057 651 1115 LXXIX.
992 1057 1054 1114 haeo
1069 1056 1198 1131 scripsit,
1215 1060 1245 1113 et
1259 1055 1396 1112 dictando
1412 1050 1572 1109 mandavit.
1651 1079 1659 1092 ·

148 1144 293 1203 Dominus
309 1146 592 1220 quoqueGrcgorius
605 1147 657 1204 Vll
672 1164 758 1220 papa,
774 1147 824 1219 qui
840 1149 876 1203 ad
893 1164 938 1204 sa·
1272 1145 1389 1202 CAPUT
1406 1141 1536 1200 LXXXV.

111 1239 266 1293 orosanotc
290 1235 450 1291 missarum
474 1234 617 1292 solemnia
642 1236 763 1293 veniens
786 1236 816 1292 in
843 1235 937 1291 multa
1027 1238 1136 1294 Deinde
1150 1236 1382 1309 fraterquidam,
1405 1232 1543 1288 Albertus
1568 1229 1705 1299 nomine,
1726 1227 1805 1300 quiin

111 1324 337 1397 compunctione
352 1323 465 1381 solebat
480 1326 628 1394 accedero,
643 1324 793 1382 continuis
806 1324 935 1382 tribus...
991 1327 1092 1384 eodem
1105 1324 1271 1383 Passiniani
1286 1322 1428 1392 cmnobio,
1445 1322 1475 1377 in
1491 1337 1549 1395 quo
1564 1320 1671 1376 beatus
1693 1317 1805 1375 Joaunee

113 1430 180 1470 cum
194 1414 380 1486 compunctio
394 1418 535 1471 consueta
549 1413 606 1471 sibi
631 1415 756 1482 deesset,
778 1414 808 1470 in
824 1430 937 1471 memo·
991 1416 1158 1488 requiescit,
1171 1416 1241 1470 dum
1254 1414 1365 1487 piscem
1377 1411 1579 1476 manducaret,
1592 1425 1654 1464 una
1662 1405 1754 1481 piscis
1762 1406 1803 1481 spi·

112 1501 188 1559 riam
202 1503 281 1559 venit
294 1503 321 1560 ei
336 1520 442 1560 nomen
467 1507 495 1559 ct
517 1503 659 1560 sanctitas
687 1504 780 1559 sancti
802 1503 818 1559 J
822 1502 937 1572 oannis,
991 1522 1030 1561 na
1045 1508 1162 1576 repente
1175 1503 1286 1576 gutturi
1301 1503 1366 1573 ejus
1379 1500 1474 1566 hesit,
1490 1515 1553 1571 qum
1569 1496 1628 1554 sibi
1639 1512 1757 1570 gravem
1764 1512 1802 1552 en·

113 1607 182 1648 oum
196 1608 263 1664 quo,
280 1592 351 1647 dum
366 1591 487 1661 vixerat,
503 1592 664 1649 amicitiam
675 1591 847 1649 etnotitlam
864 1590 938 1648 mul·
991 1595 1120 1669 gustiam
1136 1594 1248 1650 diutius
1264 1591 1376 1648 intulit.
1392 1590 1447 1647 Sed
1463 1590 1534 1646 dum
1544 1587 1729 1644 immensum
1744 1583 1801 1658 peri·

113 1685 175 1738 itm
190 1680 343 1737 habuerat·
359 1684 450 1747 Quem
463 1680 576 1737 (lumin
588 1697 676 1737 suum
690 1680 832 1736 auxilium
843 1680 938 1736 humi·
992 1686 1092 1741 culum
1108 1686 1263 1740 conaretur
1277 1681 1414 1754 elingere,
1441 1693 1493 1734 noc
1516 1676 1639 1743 valeret,
1665 1674 1703 1730 sd
1727 1674 1800 1731 saneti

112 1768 181 1826 liter
193 1768 356 1835 invitasset.
373 1786 440 1825 mox
451 1770 576 1842 gratiam
591 1770 723 1840 eiusdem
739 1773 845 1825 sanctae
860 1785 938 1826 com·
991 1772 1113 1830 ioannis
1128 1770 1323 1846 patrocinium
1339 1769 1474 1833 recurrit,
1490 1765 1569 1839 quod
1591 1762 1748 1821 efficaciter
1758 1760 1798 1819 eibi

114 1857 293 1930 punctionis,
318 1856 411 1913 multo
434 1857 546 1930 lsrgius
568 1874 657 1930 quam
681 1857 794 1914 solebat
816 1856 934 1926 habere,
993 1879 1060 1918 mox
1075 1861 1239 1935 prestitum
1255 1859 1357 1916 sensit.
1374 1858 1448 1914 Nam
1462 1857 1527 1928 ejus
1542 1869 1651 1911 noman
1669 1852 1750 1909 corde
1764 1851 1797 1908 in·

113 1946 281 2018 resumpsit.
299 1947 380 2011 Quod
396 1946 535 2003 dominus
560 1948 663 2003 Petrus
686 1947 860 2004 Albanensis
874 1947 934 2020 epi·
989 1967 1097 2008 vocans
1112 1949 1342 2023 praesidiumque
1356 1962 1464 2019 rogans
1479 1943 1580 2017 (quod,
1592 1959 1654 2015 prae
1664 1940 1794 1997 nimiter·

112 2051 221 2107 scopus
235 2051 271 2091 ex
292 2034 386 2109 ipsius
411 2052 460 2092 ore
484 2036 595 2093 domini
620 2052 701 2109 papae
725 2036 855 2103 audisse,
873 2035 936 2109 ipse
990 2038 1098 2113 gustis,
1114 2054 1182 2095 voce
1198 2054 1256 2094 non
1271 2033 1534 2110 poterat,)epinam
1549 2035 1672 2103 repente
1693 2027 1791 2102 glutivit

113 2139 230 2197 quoque
243 2140 343 2180 verum
361 2124 451 2182 luisse
466 2140 562 2181 coram
579 2123 681 2181 moltis
696 2125 796 2181 crebro
810 2124 934 2182 dicebat.
991 2126 1213 2201 etallligentem
1238 2142 1269 2183 ee
1299 2122 1466 2181 molestiam
1496 2118 1639 2195 sullragio
1669 2115 1791 2192 piiPetn’r

405 2213 520 2272 clPU'r
540 2213 643 2271 bXXX.
990 2216 1091 2274 evasit.

149 2304 220 2359 Item
237 2302 375 2359 dominus
390 2304 485 2360 Teum
511 2302 681 2359 ltazolensis
706 2302 807 2375 abbas,
832 2302 883 2375 qui
900 2303 936 2360 de
1257 2301 1375 2360 CAPUT
1396 2299 1543 2358 LXXXVI.

112 2391 216 2464 primis
232 2390 427 2463 maximisque
439 2391 591 2464 discipulis
614 2393 678 2463 ejus
703 2391 768 2462 suit,
791 2392 861 2447 dum
881 2391 937 2448 iler
1026 2395 1105 2452 Idem
1122 2395 1216 2465 Pater,
1233 2392 1302 2448 dum
1319 2389 1416 2446 adhuc
1441 2389 1550 2444 viveret
1574 2386 1605 2442 in
1621 2386 1677 2442 hac
1699 2384 1788 2453 luce,et

112 2483 220 2551 ageret,
234 2477 353 2536 veniens
366 2478 664 2548 Vallemumbrosam,
678 2463 852 2551 gravissimo
872 2480 936 2537 ilio·
989 2488 1068 2542 esset
1081 2482 1158 2556 apud
1175 2466 1316 2540 Sanctum
1326 2477 1469 2547 Salvium,
1481 2492 1652 2533 oeconomus
1662 2471 1785 2531 duosarli·

112 2584 178 2624 rum
194 2567 293 2624 dolore
307 2567 414 2641 sapius
428 2569 630 2640 torquebatur.
646 2567 778 2640 Cumque
792 2568 870 2624 inter
882 2569 936 2625 im·
990 2574 1060 2629 sices
1076 2573 1105 2628 in
1120 2570 1195 2629 celle
1208 2569 1342 2642 ejusdem
1357 2566 1412 2624 loci
1429 2582 1481 2639 pro
1489 2563 1655 2622 necessario
1666 2576 1743 2636 opere
1749 2574 1787 2633 po·

112 2671 231 2712 mensae
242 2654 350 2712 doloris
366 2656 518 2729 angustias
534 2657 699 2722 fluctuaret,
715 2656 810 2713 redire
821 2657 934 2727 nolens,
990 2663 1060 2733 suit,
1076 2659 1138 2734 qui,
1153 2659 1282 2733 maligno
1294 2656 1398 2731 spiritu
1409 2655 1563 2723 suadente,
1575 2657 1665 2710 noctu
1675 2650 1787 2708 venerunt

111 2744 248 2818 progredi
259 2744 435 2817 nonvalens,
444 2746 707 2818 patremJoannem
718 2744 823 2803 anxius
834 2762 937 2820 rogare
991 2752 1027 2809 ad
1043 2750 1177 2807 eamdem
1193 2747 1295 2805 cellam
1308 2747 1499 2820 disponentes
1510 2742 1612 2799 furtim
1626 2741 1787 2810 auferreqne

114 2833 212 2906 coepit,
227 2837 255 2891 ct
270 2832 353 2891 dolor
367 2834 403 2890 ab
418 2851 451 2891 eo
466 2833 620 2891 confestim
636 2835 787 2892 abscessit.
991 2838 1050 2897 illis
1061 2843 1129 2912 apta
1137 2837 1330 2906 videbantur;
1343 2851 1400 2891 non
1414 2834 1597 2891 attendentes
1608 2827 1731 2904 Apostoli
1740 2823 1789 2884 scri·

400 2922 516 2981 capul
536 2923 652 2980 LXXXI.
991 2932 1073 3003 ptum
1088 2945 1094 2983 :
1112 2928 1166 2998 Qui
1176 2926 1336 2999 scrutator,
1347 2926 1479 2997 jamnon
1505 2924 1627 2993 seretur,
1651 2918 1736 2991 mepte
1752 2930 1788 2969 ce·

151 3010 217 3068 Alia
230 3026 347 3085 quoqne
357 3011 428 3080 vice,
441 3013 511 3069 dum
527 3012 621 3069 eidem
636 3013 735 3070 abbati
750 3014 876 3071 Teuzoni
888 3014 938 3071 do·
992 3024 1047 3076 lem
1060 3018 1164 3074 laboret
1176 3016 1316 3083 monibus,
1332 3011 1404 3088 qaod
1428 3013 1530 3069 bonum
1548 3014 1598 3067 cst.
1617 3004 1736 3081 ingressi
1752 3003 1788 3057 ile·

116 3100 189 3157 mini
215 3099 322 3172 prioris
342 3100 452 3158 Rustici
482 3101 588 3158 suisset
621 3102 719 3159 obitus
743 3103 884 3172 nutiatus,
909 3107 939 3161 et
992 3122 1050 3180 qus
1066 3104 1181 3177 cellam,
1197 3103 1392 3177 impleverunt
1420 3116 1522 3157 saccos
1543 3114 1618 3172 quos
1633 3090 1789 3171 portaverant

114 3187 178 3261 ipse
192 3192 273 3246 tento
282 3188 422 3263 languore
431 3193 580 3247 teneretur
590 3194 623 3247 ut
634 3206 665 3249 se
680 3188 761 3248 nullo
776 3191 863 3251 modo
874 3170 974 3266 posG
993 3195 1116 3253 diversis
1131 3192 1227 3265 bonis,
1240 3198 1269 3249 et
1282 3207 1332 3249 eos
1347 3190 1404 3248 sibi
1419 3190 1665 3262 superponentes,
1687 3180 1786 3241 utrali-

67 3286 75 3299 ·
114 3281 159 3334 set
168 3292 293 3346 movere,
303 3276 469 3335 calliculam
484 3279 630 3337 benedicti
653 3281 748 3354 patris
772 3285 938 3339 reverenter
991 3288 1094 3359 gerent
1107 3283 1290 3341 laborabant.
1308 3281 1364 3339 Sed
1379 3283 1567 3353 peccatorum
1579 3264 1786 3334 suorumirretili
1827 3286 1829 3361 Ξ

113 3366 219 3440 tetigit,
234 3371 264 3423 ct
277 3383 345 3423 mox
356 3367 533 3425 senissimus
547 3369 679 3440 ellectus,
695 3371 730 3426 ad
754 3370 938 3443 sepulturam
991 3372 1126 3443 vinculis,
1142 3376 1171 3430 et
1184 3371 1262 3429 beati
1276 3369 1399 3428 ioannis
1414 3365 1549 3442 impediti
1564 3362 1689 3436 meritis,
1704 3360 1741 3418 sic
1751 3358 1788 3413 in·
1826 3396 1829 3461 4

114 3455 245 3513 dflflmssli
259 3456 393 3530 permit·
452 3494 456 3499 ·
993 3461 1118 3519 mobiles
1131 3466 1209 3518 stare
1221 3462 1372 3533 coeperunt
1386 3454 1470 3530 quasi
1486 3454 1565 3512 alllxi
1581 3458 1668 3510 terre
1680 3444 1788 3508 relicta
1827 3476 1829 3497 ι

390 3545 507 3603 CAPUT
518 3545 661 3616 {LXXXlL
694 3559 698 3568 ·
993 3554 1181 3619 tenerentur,
1194 3564 1247 3605 nec
1262 3563 1362 3605 saccos
1371 3545 1518 3602 dimittere
1527 3559 1581 3601 nec
1590 3541 1677 3599 vacui
1686 3536 1789 3597 roseico

121 3654 125 3661 ·
152 3634 222 3690 ltsm
238 3637 373 3691 matrona
383 3635 516 3706 quodam
533 3633 727 3702 nobilissima,
740 3636 941 3694 nominorlda·
993 3639 1140 3698 velebant.
1154 3639 1227 3695 Cum
1237 3653 1304 3694 vero
1314 3635 1411 3709 prims
1425 3634 1499 3690 bora
1509 3631 1568 3689 diei
1579 3629 1683 3689 cellam
1697 3634 1789 3685 unsre!

117 3721 200 3790 lasis,
213 3721 397 3797 gravissimis
408 3739 563 3796 perunum
574 3723 723 3797 integrum
735 3741 844 3781 annum
857 3725 942 3783 lebri-
996 3728 1135 3786 iratribus
1150 3726 1285 3783 introiret
1297 3723 1400 3782 vinum
1421 3721 1541 3778 haurire
1560 3734 1614 3793 pro
1639 3716 1726 3775 misse
1740 3708 1790 3769 ode·

115 3812 172 3868 bus
187 3810 304 3886 magnis
317 3816 494 3880 exastuans,
516 3815 584 3868 ante
606 3811 774 3885 sepulcrum
799 3815 863 3885 ejus
885 3814 942 3871 ali·
996 3820 1119 3886 branda,
1144 3816 1274 3873 latrones
1296 3811 1459 3882 admirans,
1483 3810 1520 3866 ad
1549 3807 1701 3866 ecclesiam
1723 3796 1791 3861 rodit

116 3899 399 3975 quantulumjacuit,
412 3903 441 3956 ot
450 3900 540 3971 illico,
554 3901 681 3958 sanitate
692 3904 817 3975 recepta,
829 3903 943 3961 meritis
996 3907 1091 3964 Finito
1106 3908 1204 3962 autem
1220 3900 1360 3975 capitulo,
1370 3899 1472 3957 retulit
1482 3896 1561 3972 quod
1576 3896 1607 3954 in
1623 3896 1697 3954 celle
1715 3900 1793 3965 cogit·

117 3990 182 4061 0j11⁸
196 3988 353 4046 ineolumi!
366 3988 451 4059 sacili,
468 3989 607 4046 remeavit
621 3991 657 4045 ad
673 3990 800 4064 proprio·
997 4001 1096 4064 verat;
1110 3995 1162 4051 sed
1177 3992 1345 4050 cellerarius
1360 4006 1392 4048 ee
1403 3988 1517 4047 nescire
1531 3982 1692 4060 respondit.
1716 3980 1794 4040 Bulbi

391 4077 506 4135 CAPUT
527 4078 673 4135 LXXXIII.
999 4087 1097 4141 autem
1111 4082 1128 4139 J
1131 4098 1251 4155 oannes,
1267 4082 1322 4138 boc
1336 4083 1433 4136 totum
1445 4080 1547 4135 sancto
1558 4073 1671 4149 Spiritu
1682 4062 1795 4130 revaluit

159 4164 266 4222 Diebus
282 4166 391 4223 eisdem
406 4183 467 4223 una
479 4166 593 4240 lampas
609 4171 677 4225 ante
697 4168 865 4241 sepulcrum
880 4173 945 4243 ejus
999 4188 1189 4247 cognoscens,
1206 4173 1258 4228 ivit
1274 4171 1310 4226 ad
1326 4168 1392 4226 illos
1408 4183 1442 4224 ac
1457 4164 1649 4224 vehementer
1667 4150 1794 4232 corripdlr

123 4271 141 4310 a
153 4253 243 4328 priori
254 4259 324 4312 tuno
335 4260 467 4331 tempore
477 4256 645 4329 constituta,
658 4274 722 4330 quar
732 4260 885 4318 nocturnis
897 4261 947 4319 ho·
1000 4267 1030 4320 et
1043 4279 1080 4319 no
1094 4260 1167 4318 talis
1181 4261 1217 4318 de
1233 4258 1349 4332 reliquo
1360 4256 1573 4331 presumerent
1582 4252 1668 4327 prius
1677 4238 1796 4310 ndnmd

125 4343 166 4400 ris
182 4345 404 4413 accendebatur,
419 4360 471 4419 per
485 4344 595 4402 multos
605 4362 697 4404 annos
707 4346 816 4405 ibidem
825 4351 945 4408 mansit.
999 4351 1110 4411 Exinde
1124 4355 1237 4424 partem
1252 4349 1321 4407 lurti
1337 4348 1384 4422 pis
1395 4344 1541 4405 concessit
1550 4342 1623 4415 illls,
1630 4322 1796 4418 perenm

125 4434 218 4500 Quam
234 4432 408 4507 plerumque
422 4433 453 4491 ln
477 4438 586 4492 terram
610 4435 765 4509 corruisse,
790 4442 948 4513 etsemper
1001 4441 1131 4498 lominus
1146 4438 1277 4498 abstulit.
1294 4437 1360 4509 Qui,
1375 4434 1617 4507 PatriseJ'usdem
1632 4422 1797 4491 monltieetl·
1827 4454 1829 4481 l

130 4521 253 4580 illesam
269 4523 425 4596 mansisse,
437 4523 489 4596 qui
512 4523 641 4597 primum
664 4524 722 4581 ista
736 4525 865 4597 dietavit,
881 4544 948 4586 cum
962 4536 987 4603 D
1002 4532 1041 4588 oti
1056 4536 1103 4587 re'e
1115 4545 1277 4604 pauperum
1291 4527 1371 4584 ultra
1381 4542 1440 4585 non
1450 4522 1624 4598 rapere,sed
1635 4536 1705 4580 oum
1712 4513 1797 4587 indip-

126 4611 229 4670 munis
244 4629 276 4670 ⁸⁰
290 4613 397 4671 Vldiffle
410 4612 614 4686 Pl⁰s¹t⁰hssl¹¹b
890 4605 895 4617 ’
1003 4624 1079 4688 rent,
1095 4619 1248 4676 humiliter
1262 4616 1410 4690 postulare
1426 4632 1433 4671 :
1449 4614 1569 4671 demum
1587 4608 1724 4683 absolvit,
1735 4596 1829 4671 „qli-,l

392 4701 512 4760 CAPUT
540 4702 682 4758 LXXXIV·
1005 4709 1101 4767 centia
1110 4709 1185 4782 ejus,
1197 4707 1280 4765 illaesi
1293 4723 1351 4764 non
1370 4704 1434 4764 sine
1447 4688 1798 4761 verecundiaoiescservrl
1827 4764 1829 4797 Ι

163 4791 225 4847 Sub
240 4790 343 4847 eodem
365 4794 506 4864 tempore,
528 4790 707 4849 miraculum
733 4808 791 4851 non
807 4795 952 4853 dissimile
1271 4792 1387 4854 CAPUT
1405 4790 1562 4851 LXXXVII.
1827 4820 1829 4859 Ι

129 4896 181 4952 per
194 4880 260 4952 ejus
274 4878 379 4936 merita
392 4879 502 4937 dicitur
516 4880 686 4954 contigisse.
698 4881 951 4960 Quidamprssby-
1041 4888 1121 4944 Sunt
1140 4890 1280 4960 proeteree
1295 4882 1439 4943 nonnulla
1452 4880 1510 4941 alla
1523 4879 1560 4938 de
1573 4874 1733 4938 venerabili
1744 4868 1799 4947 »ΙΝ
1824 4870 1829 4971 Ι

129 4971 183 5038 ter,
194 4966 313 5022 nornine
321 4966 475 5034 Zenobiae,
484 4968 588 5037 luerat,
597 4969 646 5040 qui
656 4968 771 5042 plebem
778 4972 951 5032 Brozensem
1005 4977 1021 5033 J
1024 4992 1118 5033 oanne
1131 4975 1238 5033 litteris
1252 4973 1447 5048 traditaque
1460 4967 1553 5029 oculis
1567 4966 1688 5043 aspexi3
1699 4954 1799 5041 queit!

127 5054 386 5128 perquedraginta
396 5071 489 5112 annos
499 5058 529 5111 et
539 5057 709 5130 eoamplius
720 5060 803 5118 rexit.
814 5063 869 5127 Qui
880 5064 951 5121 dum
1007 5065 1074 5136 alia,
1086 5082 1149 5138 qua
1160 5064 1291 5122 fidelium
1302 5061 1470 5122 narratione
1479 5052 1799 5121 multorumaudinmv

128 5161 188 5202 una
198 5144 256 5217 die,
266 5138 328 5201 eolc'
342 5148 479 5217 vergente
498 5145 534 5200 ad
559 5161 708 5219 occasum,
732 5151 907 5210 acceleraret
920 5170 952 5211 ss
1006 5154 1142 5229 presenti
1158 5153 1299 5228 opusculo
1314 5151 1398 5210 renui
1414 5146 1685 5224 copulare,veritue
1697 5134 1798 5203 cautla⁴

128 5234 324 5306 vespertinam
341 5232 487 5289 celebrare
510 5233 654 5306 synaxim,
680 5252 804 5296 accensa
818 5242 950 5316 candela,
1006 5237 1669 5318 superiuspollicitambrevitatemlnsnperad
1682 5222 1797 5293 tandm

129 5320 295 5393 lampadem
311 5322 439 5379 eeclfflioe
455 5322 612 5380 festinabat
626 5323 735 5396 ignire:
751 5332 781 5384 et
795 5346 862 5387 cum
876 5332 907 5389 in
918 5348 953 5389 ea
1006 5334 1082 5406 ejus,
1097 5346 1157 5389 non
1172 5333 1269 5389 solum
1293 5330 1373 5388 illius
1388 5334 1471 5388 terra
1487 5326 1601 5401 incolre,
1625 5312 1795 5383 verumtfilul

130 5411 410 5485 minimcliqnorem
423 5412 478 5470 olei
490 5410 656 5486 reperisset,
673 5431 726 5473 nec
746 5419 818 5477 alias
832 5422 954 5481 haberet
1006 5423 1042 5480 de
1065 5421 1273 5479 remotioribus
1297 5420 1432 5495 partibus
1456 5415 1542 5475 multi
1574 5414 1678 5474 crebro
1699 5396 1795 5469 votivi

131 5499 210 5555 nude
224 5516 289 5557 earm
304 5502 421 5560 relicere
436 5508 543 5575 posset,
559 5503 667 5578 sepius
678 5507 845 5580 replicando
855 5513 951 5586 ipsam
1005 5510 1141 5588 plurimis
1155 5510 1351 5571 anxietatibus
1363 5508 1470 5585 pressi,
1485 5522 1520 5565 ac
1541 5505 1635 5565 variis
1651 5490 1797 5589 inflrffl'

130 5589 251 5665 issssilitss
268 5590 543 5669 ⁸0d⁸l11⁸2l¹¹ffij¹1
559 5596 951 5672 otssrttcbsqasmoralu·
1005 5602 1062 5663 bus
1086 5601 1253 5677 aggravati:
1278 5600 1330 5676 qui
1353 5599 1511 5676 praetento
1541 5595 1650 5661 divina·
1664 5580 1800 5681 cleram

1281 5718 1284 5723 .
1456 5700 1480 5716 ·-
1607 5710 1612 5719 .
1684 5690 1747 5711 ¹¹¹··
1826 5700 1829 5753 1
