3892 6096
133 273 194 337 250
643 261 814 334 orsioul
837 262 1013 333 Moulcul
1035 266 1067 331 S.
1089 257 1337 330 uduseauul
1779 258 1841 327 260

137 424 223 481 spera
238 406 344 462 cuncta
356 416 409 476 pro
423 402 549 476 alicujus
563 403 699 461 utilitatis
713 403 757 460 vel
772 402 889 476 pietatis
899 402 957 459 dis·
970 403 998 470 Α
1013 404 1057 459 est
1071 401 1150 474 quod
1160 399 1204 457 vel
1214 402 1350 473 parentes
1365 396 1475 470 primos
1498 408 1618 468 peccare
1643 394 1779 468 permisit
1793 397 1839 456 rel

135 494 280 569 positione
308 491 438 548 decernit
465 491 526 547 fieri
558 492 588 548 iu
624 491 745 547 mundo.
775 490 960 561 Querunque
1015 507 1068 547 nos
1083 505 1135 563 per
1148 506 1249 548 eorum
1264 485 1529 561 prevaricationem
1546 482 1656 541 vilitate
1671 483 1772 558 aliqua
1786 486 1842 544 oir-

134 599 202 641 vero
217 582 314 638 vilitas
328 580 464 638 humane
480 584 591 637 nature
604 596 639 637 ex
662 578 834 653 perentibus
856 579 960 652 primis
1014 580 1174 650 cumdedit,
1194 579 1250 636 hoo
1264 581 1359 635 totum
1375 592 1427 650 pro
1449 574 1555 632 salutis
1570 576 1677 631 nostre
1691 591 1783 634 causa
1797 577 1841 635 ie-

135 670 282 730 acciditin
299 674 414 727 tantum
438 670 550 727 bonum
572 687 656 726 versa
679 672 724 726 est
747 686 764 725 e
790 667 911 725 Domino
926 671 959 724 ut
1013 669 1089 726 cisse
1099 668 1263 725 credendus
1273 671 1328 724 est.
1340 667 1374 723 lit
1385 665 1453 721 licet
1467 664 1496 720 in
1508 664 1563 719 hoc
1573 662 1676 720 divine
1687 665 1840 737 sapientie

134 760 231 818 omnis
244 758 388 833 superbie
401 759 533 826 morbus,
549 759 600 831 qui
614 758 785 815 hominibus
801 758 895 813 inster
909 772 959 813 an·
1013 757 1196 832 profunditas
1212 760 1337 829 nequeat
1352 754 1469 828 penitus
1483 752 1665 826 investigari,
1680 756 1842 826 querenda

133 849 231 922 gelice
247 853 359 905 nature
375 851 476 920 posset
490 848 570 914 oriri,
586 862 621 903 ex
636 848 690 904 hae
704 847 957 918 comprimeretur.
1013 852 1188 904 sunttamen
1198 842 1464 918 aliquavisibiliom
1472 843 1842 918 rerumargumenta,qui·

134 940 264 1011 benique
278 955 352 1011 opus
366 954 453 995 omne
464 937 629 1009 precedens
644 936 776 992 insinuat
792 935 893 992 fectori
904 949 957 991 suo
1012 936 1068 993 bus
1080 936 1176 993 eidem
1191 934 1295 990 divine
1308 931 1459 1007 sapientie
1483 930 1648 988 intellectus
1670 936 1770 990 noster
1783 934 1840 991 do·

134 1044 193 1101 quo
208 1029 294 1085 modo
311 1029 404 1085 facere
419 1027 522 1083 debeat
537 1042 674 1099 sequens.
689 1025 735 1081 sic
751 1028 779 1081 et
792 1024 851 1080 Deo
865 1023 958 1080 omni·
1012 1028 1112 1082 ceatur
1131 1024 1317 1092 concordare,
1334 1023 1454 1079 undeet
1479 1037 1521 1089 ea,
1542 1037 1607 1093 que
1629 1022 1693 1094 jem
1707 1021 1840 1082 diximus

133 1118 246 1190 potenti
261 1115 399 1190 angelice
421 1114 572 1189 dignitatis
597 1115 720 1186 iactura,
748 1130 783 1169 ex
810 1117 891 1186 patre
906 1127 958 1185 per
1011 1110 1838 1187 docilissimogsneremedendi,inargumentumsumpsi·

131 1206 301 1279 superbiam
317 1205 400 1278 lapsa
420 1208 449 1260 et
465 1219 517 1276 per
530 1203 586 1260 hoe
610 1203 694 1276 qnasi
710 1203 858 1276 quoddam
874 1200 956 1274 ilgnli
1011 1218 1078 1259 mus
1093 1201 1183 1275 hujus
1198 1202 1250 1259 rei.
1267 1201 1297 1257 Si
1313 1216 1382 1273 ergo
1397 1216 1431 1256 ex
1453 1198 1663 1256 medicinavili
1677 1203 1775 1272 potest
1788 1218 1841 1260 ee·

130 1312 182 1351 vas
197 1295 227 1351 in
242 1299 349 1351 terrem
377 1293 485 1351 cadens
509 1294 611 1362 fracta,
641 1292 768 1349 ostendit
795 1290 853 1348 alio
869 1291 955 1347 modo
1010 1291 1087 1363 quiri
1099 1290 1159 1346 ullo
1169 1290 1279 1347 sanitas
1291 1287 1460 1362 corporalis,
1472 1287 1617 1345 credenda
1627 1291 1672 1344 est
1683 1288 1774 1345 etiam
1785 1305 1841 1346 eo·

130 1382 209 1439 aliud
224 1400 276 1440 vas
290 1398 355 1439 esse
370 1382 552 1455 fingendum,
570 1398 628 1438 non
653 1381 736 1452 quasi
751 1380 853 1454 ignaro
867 1384 955 1436 tante
1010 1379 1077 1435 dem
1089 1379 1175 1436 modo
1185 1374 1839 1454 proveniresanitasspiritualisomnisnam-

130 1471 273 1538 fracture,
290 1473 341 1528 sed
358 1476 390 1527 ut
405 1471 490 1528 nobis
504 1474 574 1527 nota
589 1471 692 1527 flerent
702 1487 766 1541 que
779 1470 855 1526 iacta
865 1472 952 1538 sunt;
1010 1484 1068 1540 que
1082 1469 1170 1525 decor
1185 1466 1311 1525 carnalis
1328 1465 1411 1523 facile
1435 1465 1566 1521 humana
1591 1465 1680 1522 corda
1694 1465 1785 1524 allicit
1800 1467 1838 1525 ad

130 1561 193 1634 ipse
207 1561 316 1634 quippe
330 1575 515 1633 prenoscens
529 1560 638 1628 omnis,
650 1563 807 1632 antequam
819 1559 901 1628 liant,
912 1559 956 1614 in·
1010 1557 1175 1625 elationem,
1189 1558 1240 1613 sed
1250 1553 1746 1628 vilitasreprimitadbumiiitatem.
1756 1556 1840 1614 Ideo·

129 1649 229 1707 sinuat
243 1650 328 1706 nobis
343 1667 377 1706 ex
391 1649 623 1722 praecedentibus
635 1647 763 1721 qualiter
777 1647 875 1703 lutura
883 1663 954 1719 pen·
1009 1662 1065 1719 que
1076 1647 1188 1720 placuit
1199 1645 1257 1703 Deo
1266 1645 1453 1702 utbominem
1462 1643 1513 1716 qui
1522 1644 1552 1699 in
1561 1644 1836 1718 maximumsuper·

130 1755 195 1796 sare
210 1740 370 1795 debeamus
390 1742 593 1810 quantumque
616 1753 734 1794 necesse
755 1740 833 1793 esset
844 1736 953 1793 mutari
1009 1735 1062 1790 bie
1072 1734 1245 1808 languorem
1256 1751 1291 1791 ex
1307 1733 1483 1789 conditionis
1502 1749 1561 1789 sue
1576 1732 1679 1789 decore
1698 1733 1836 1803 incurrit,

129 1827 293 1900 sequentia,
306 1843 373 1883 cum
390 1827 518 1899 perirent
533 1826 637 1899 prima.
653 1825 734 1892 Quod
749 1825 832 1882 enim»
843 1825 886 1882 vel
902 1843 954 1882 an·
1009 1823 1148 1898 imposita
1158 1823 1213 1880 sibi
1225 1821 1445 1879 causaremedii
1462 1820 1561 1893 aliquo
1571 1819 1681 1878 vilitate
1689 1822 1836 1894 perduce-

128 1914 425 1987 gelusquosdam‚vel
436 1914 800 1987 bominesprimosoadere
809 1913 954 1988 permisit,
1008 1917 1053 1970 ret
1067 1914 1103 1970 ed
1119 1911 1294 1970 humilitatis
1310 1912 1478 1968 sanitatem.
1493 1910 1610 1967 Sanites
1626 1909 1836 1985 quippespiri·

128 2004 165 2059 ud
181 2003 324 2060 cautelam
341 2003 433 2060 nostri
448 2003 525 2072 lecit,
552 2007 585 2059 ut
599 2021 651 2077 per
671 2003 725 2060 hoc
748 2020 800 2060 nos
816 2004 953 2061 instructi
1007 2001 1096 2059 tualis
1111 2019 1169 2059 non
1184 2001 1241 2057 uisi
1257 2000 1385 2057 remedio
1397 1998 1559 2073 acquiritur
1569 1998 1765 2069 humilitatis;
1780 1999 1836 2057 bu·

127 2091 203 2147 nibil
213 2093 249 2148 de
266 2092 350 2149 nobis
365 2108 589 2164 presumamus.
1008 2091 1117 2148 militas
1130 2095 1228 2148 antem
1239 2087 1837 2147 humananonobtineturnisicontritions

163 2180 242 2237 Fecit
257 2195 325 2254 ergo
340 2180 417 2238 Deus
433 2181 463 2237 in
477 2181 597 2238 homine
608 2180 690 2256 lapso
700 2183 777 2239 sicut
787 2182 894 2255 aliquis
906 2199 953 2256 pe·
1008 2181 1116 2254 aliqua.
1126 2175 1837 2253 Exquibusomnibusspertepotestisintelligere

126 2269 288 2326 ritissimus
299 2269 534 2327 medicosiacere
546 2271 659 2328 soletin
669 2272 911 2345 homineegrotc.
922 2271 952 2328 Si
1007 2271 1088 2342 quia,
1105 2274 1137 2327 ut
1152 2269 1294 2343 scripturn
1310 2272 1374 2325 est:
1390 2268 1500 2326 Fidelis
1516 2268 1648 2322 Dominus
1661 2269 1693 2323 in
1707 2267 1836 2324 omnibus

126 2357 205 2413 enim
220 2355 371 2432 languoris
390 2359 455 2430 ejus
480 2359 652 2431 qualitatem
677 2376 839 2434 agnoscens
854 2364 953 2434 sperat
1005 2360 1094 2416 verbis
1108 2360 1173 2430 suis,
1189 2359 1376 2415 etsucctuss'o
1398 2356 1834 2429 omnitusoperitussut‘s(l’sul.

127 2462 194 2503 oum
209 2462 296 2519 posse
310 2448 420 2516 sanari,
432 2448 557 2520 suscipit
566 2466 633 2505 eum
647 2451 822 2506 sanandum.
834 2451 916 2506 Tunc
927 2449 951 2506 si
1006 2465 1098 2516 cxcrv,
1115 2450 1169 2521 13),
1185 2448 1255 2520 quia
1268 2447 1377 2503 talibus
1392 2445 1529 2503 remediis
1543 2445 1712 2518 superbiam
1728 2445 1835 2504 huma·

126 2534 953 2611 infirmitasexigit,imponiteiemplustra,materiaque·
1005 2554 1074 2594 uam
1090 2537 1223 2610 previdit
1246 2553 1312 2593 esse
1336 2535 1553 2609 reprimendam
1578 2535 1687 2608 quippe
1701 2534 1835 2594 remedie

125 2622 949 2699 domvilissimainterdumconiecta,adeoutsnimalium
1005 2626 1179 2699 spiritualia,
1196 2643 1259 2699 que
1274 2625 1377 2682 multis
1392 2629 1462 2682 sunt
1477 2625 1636 2698 incognita,
1652 2628 1683 2680 et
1695 2641 1834 2699 corpora·

125 2711 169 2768 vol
183 2711 279 2769 adum
291 2718 416 2769 stercore
427 2713 616 2783 misceantur,
627 2715 764 2771 carnibus
775 2730 892 2788 quoque
902 2732 951 2772 on·
1004 2715 1082 2772 libus
1098 2716 1202 2790 figuris
1222 2719 1251 2772 et
1264 2714 1418 2788 exemplis,
1434 2730 1497 2786 que
1520 2713 1658 2770 omnibus
1672 2728 1747 2785 pene
1762 2716 1835 2771 sunt

126 2816 208 2870 num,
224 2801 268 2858 vel
284 2796 451 2870 vulnerum,
468 2819 519 2859 seu
536 2804 718 2876 serpentium
733 2808 867 2877 agantur.
880 2804 951 2860 Pre-
1004 2810 1082 2874 nota,
1099 2806 1183 2862 docet
1196 2819 1259 2862 esse
1274 2804 1441 2876 querenda.

125 2893 206 2947 terea
220 2890 244 2947 si
257 2907 331 2962 opus
346 2896 402 2960 est,
418 2891 603 2949 adustionem
626 2893 758 2950 medicus
773 2893 865 2950 addit.
880 2892 949 2950 Tale
1318 2910 1436 2967 cppUrp
1462 2909 1510 2967 lx,

126 2983 222 3035 autem
239 2980 423 3036 medicamen
442 2981 577 3053 quamvis
606 2981 641 3037 ad
658 2982 813 3038 sanitatem
840 2983 947 3048 uernis,
1003 3001 1074 3070 Quid
1103 3001 1167 3056 pom·
1192 3000 1350 3070 ,pimuapg
1380 3000 1464 3055 pasco,
1489 2999 1584 3056 gom,
1610 3002 1694 3073 pom-2
1708 3002 1833 3058 „amm

125 3068 261 3140 sicutqui
272 3069 381 3141 experti
392 3073 627 3139 sunitestantur,
640 3069 831 3127 utilissimum
843 3071 948 3128 sentis·
1090 3077 1251 3145 temporum,
1274 3073 1352 3144 copia
1372 3071 1414 3127 vel
1427 3074 1546 3144 penuria
1557 3087 1661 3127 rerum.
1682 3076 1738 3129 otc.

123 3160 182 3228 tur,
193 3161 389 3215 causatamen
400 3158 500 3215 fetoris
511 3162 540 3216 st
557 3158 678 3216 vilitatis
696 3176 755 3216 sue
772 3161 945 3233 contegitur.
963 3149 985 3216 C
1039 3161 1093 3217 Sed
1107 3161 1179 3217 satis
1190 3161 1379 3216 hinodiotum
1390 3160 1740 3233 3jsmprogrediamuret
1752 3159 1830 3217 ultra

124 3248 186 3313 Quo
201 3245 289 3302 etism
304 3263 358 3303 nos
372 3246 494 3319 mystice
509 3247 685 3306 instruimur
704 3252 736 3305 ut
751 3264 867 3305 omnem
882 3249 947 3305 vili·
1003 3251 1039 3305 ad
1050 3266 1085 3306 ea
1095 3249 1205 3307 scilicet
1215 3266 1278 3322 que
1289 3252 1356 3322 post
1366 3249 1426 3305 heo
1445 3248 1576 3322 proxime
1585 3248 1709 3306 dicenda
1719 3265 1831 3324 propo·

124 3339 223 3404 tatem,
235 3352 294 3408 qua
304 3336 476 3393 circumdati
487 3353 602 3405 sumus,
614 3337 748 3394 similiter
758 3342 947 3412 contegamus
1003 3338 1129 3396 suimus.
1145 3336 1219 3394 Illud
1235 3337 1313 3393 enim
1330 3337 1497 3410 propositus
1521 3337 1591 3394 ordo
1616 3337 1706 3413 exigit
1719 3343 1755 3395 ut
1764 3340 1829 3412 jem

123 3426 193 3497 quia
208 3441 264 3482 non
278 3425 378 3482 omnia
393 3425 477 3482 utilia
490 3431 627 3483 constent
641 3426 773 3485 honesta.
787 3427 948 3500 Utrumque
1002 3428 1136 3484 dieamus
1149 3427 1230 3484 vohis
1246 3426 1316 3499 quid
1334 3427 1479 3500 significet
1499 3427 1624 3484 varietas
1647 3431 1828 3502 temporum,

122 3512 215 3585 igitur
229 3514 410 3570 medicamen
427 3514 586 3586 corporale,
606 3514 758 3587 emplastri
773 3515 906 3572 videlicet
920 3520 948 3573 et
1002 3535 1065 3589 queo
1077 3516 1374 3589 aliquandocongrua
1386 3516 1502 3573 suntad
1518 3515 1655 3589 quelibet
1668 3518 1828 3590 operando,

123 3601 286 3657 adustionis
301 3602 436 3674 quamvis
450 3602 629 3658 vilissimum
645 3603 785 3672 videatur,
803 3621 945 3677 magnum
1002 3611 1035 3662 ut
1049 3621 1110 3676 ver,
1122 3610 1220 3673 estas,
1235 3610 1396 3662 autumnus
1409 3626 1416 3676 3
1435 3621 1512 3661 nunc
1526 3620 1594 3661 vero
1610 3605 1784 3679 incongrue,
1797 3611 1829 3663 nt

122 3688 257 3745 tamenin
266 3705 297 3744 se
305 3689 395 3745 habet
401 3696 606 3762 argumentum
615 3688 945 3762 spiritualismedicine,
1002 3694 1106 3751 hiems.
1118 3695 1185 3750 Tria
1196 3694 1426 3767 namqueprioru
1434 3694 1462 3749 in
1473 3693 1582 3766 quibus
1590 3693 1702 3751 lucilius
1711 3696 1827 3768 operari

122 3778 200 3835 unde
211 3777 705 3835 necessarieimitandomorolitatis
714 3778 801 3835 mella
810 3780 946 3854 colligere
1000 3799 1170 3854 possumus,
1182 3782 1329 3855 significat
1338 3783 1490 3855 presentis
1498 3783 1563 3839 vite
1574 3787 1690 3857 tempos
1699 3784 1738 3840 ad
1749 3785 1828 3842 obti-

121 3865 245 3938 potestis
259 3885 265 3934 ;
278 3867 352 3924 citit
367 3866 456 3938 anim,
473 3871 505 3922 ut
528 3869 569 3923 ait
591 3867 751 3941 Scriptura,
770 3871 800 3924 ic
816 3874 897 3926 tems
916 3872 948 3943 fit
1000 3872 1127 3929 nendum
1142 3870 1257 3927 veniam
1273 3889 1455 3941 concessum,
1482 3873 1516 3928 de
1543 3889 1600 3944 quo
1625 3877 1654 3930 et
1666 3874 1827 3946 Apostolus

120 3956 181 4010 sins
196 3971 280 4010 causa
295 3955 362 4026 (lob.
379 3973 407 4021 v,
423 3957 463 4027 6),
485 3959 514 4012 et
537 3972 601 4028 que
625 3955 798 4013 naturaliter
810 3958 946 4016 videntur
1000 3961 1090 4017 dicit:
1107 3965 1173 4017 Ecce
1188 3978 1261 4016 nune
1277 3971 1382 4033 tempus
1405 3963 1582 4034 acceptabile,
1605 3977 1664 4018 eece
1677 3979 1754 4019 nurse
1767 3963 1828 4021 dies

120 4040 755 4118 vilia,constantetsignificationepretiosa.
772 4046 877 4105 Namsi
895 4067 945 4124 per
999 4051 1098 4107 solutis
1120 4051 1158 4121 (ll
1175 4051 1238 4107 Cor.
1255 4039 1345 4123 vr,'2).
1361 4051 1462 4108 Hiems
1492 4056 1681 4124 rutamque
1698 4053 1827 4111 maxims

121 4129 272 4186 sordidum
282 4131 326 4188 vel
339 4132 461 4189 fetidum
472 4135 652 4190 medicamen
662 4143 943 4210 corporasanantur,
999 4140 1099 4213 inepta
1114 4145 1159 4196 est
1173 4141 1209 4196 ad
1225 4140 1406 4212 operandum
1422 4140 1570 4213 significat
1589 4139 1705 4196 extrimi
1717 4141 1826 4214 judicii

120 4235 175 4275 nso
190 4219 317 4293 qualitas
333 4220 548 4291 medicaminis,
564 4223 615 4279 sed
633 4224 744 4281 sanitas
759 4226 862 4284 exinde
878 4245 943 4301 pro·
999 4234 1126 4302 tempus,
1140 4246 1197 4302 quo
1208 4227 1288 4285 nulla
1299 4228 1825 4302 fructuosepoeniteutiaeoperaexer·

119 4309 227 4367 cedens
242 4315 391 4382 pensatur,
404 4327 456 4368 cur
465 4311 573 4368 mirum
585 4313 630 4369 vel
640 4312 835 4387 incongruum
845 4316 943 4374 videa·
997 4318 1055 4374 ceri
1067 4320 1290 4392 possunt;uode
1301 4323 1328 4374 et
1338 4317 1827 4390 Dominusinlivangelioadmouet

117 4400 177 4469 tur,
192 4398 218 4454 si
233 4398 310 4457 Deus
325 4399 521 4473 omnipotens,
532 4402 671 4473 prescius
685 4403 817 4459 omnium
833 4406 942 4463 tuturo.
997 4407 1115 4464 dicens:
1134 4409 1214 4464 Orate
1227 4423 1263 4463 ne
1275 4410 1343 4479 [coc
1362 4411 1451 4463 oestro
1474 4409 1523 4479 fiat
1543 4407 1633 4464 bieme
1646 4408 1689 4463 uel
1703 4407 1825 4470 meme

117 4488 941 4564 rom,medionsetsalvetoromniuminsocredentinm,
957 4520 981 4585 D
996 4496 1106 4567 (Multi.
1131 4514 1206 4564 xxiv,
1237 4496 1293 4567 20),
1318 4497 1403 4568 quasi
1432 4495 1558 4553 diceret:
1585 4496 1683 4553 listote
1706 4514 1827 4573 semper

117 4575 215 4634 simile
229 4576 341 4652 aliquid
365 4578 396 4634 in
422 4579 538 4653 egrotis
561 4580 717 4637 animabus
740 4581 817 4650 iecit,
833 4598 943 4641 senens
997 4585 1126 4654 solliciti,
1152 4602 1188 4642 ne
1210 4602 1384 4642 concessum
1408 4588 1526 4659 tempus
1549 4584 1643 4643 venie
1666 4587 1825 4660 perdentes

115 4681 166 4722 eos
180 4665 226 4722 vel
248 4667 347 4739 potins
374 4669 553 4741 preveniens
582 4685 684 4726 esrum
711 4669 893 4744 languorem,
910 4677 943 4730 nt
996 4678 1077 4745 tunc,
1093 4690 1160 4732 eum
1177 4674 1278 4732 nullus
1293 4674 1614 4746 locusestvenie,eam
1626 4676 1736 4733 trustra
1747 4692 1825 4750 qne·

116 4754 237 4826 quidam
252 4756 399 4827 sapientes
415 4757 521 4815 medici
542 4762 635 4832 agunt
653 4774 721 4816 cum
744 4759 842 4833 aliquo
858 4761 939 4834 iguo·
995 4764 1077 4821 ratis.
1090 4765 1231 4821 Eumdem
1242 4764 1823 4839 quoquesensumalibiapertiusproiert

115 4841 168 4897 bili
184 4843 340 4899 antidoto?
354 4843 435 4908 Quod
463 4850 562 4904 tamen
591 4864 645 4905 nos
671 4847 753 4904 decet
776 4853 939 4923 contegere,
995 4852 1095 4910 dicens
1110 4871 1117 4910 ι
1135 4854 1249 4926 Vigilate
1261 4869 1326 4926 erpo
1338 4856 1415 4910 omni
1428 4862 1549 4926 tempore
1563 4862 1681 4922 orontes,
1697 4859 1729 4911 ut
1742 4856 1825 4927 digni

116 4929 194 4985 sicut
207 4933 236 4985 et
249 4929 337 5001 primi
362 4937 496 5003 parentes
519 4933 659 5007 leguntur
683 4936 807 5012 iecisse,
822 4939 940 5010 quaudo
994 4941 1152 5000 liotecms'ni
1164 4943 1265 5015 fugem
1279 4957 1343 5014 que
1355 4949 1474 4999 ventura
1494 4951 1560 5000 sunt
1579 4942 1653 5000 uobis
1667 4945 1746 5016 (Luc.
1762 4961 1822 5017 xxi,

115 5033 148 5075 se
163 5018 258 5074 nudos
274 5034 339 5076 esse
353 5021 553 5092 erubuerunt;
574 5040 610 5080 ne
625 5024 710 5081 nobis
726 5025 937 5097 confusionem,
992 5033 1049 5106 36).
1067 5032 1120 5088 Pro
1135 5032 1267 5105 ejusdem
1283 5031 1425 5106 temporis
1441 5048 1510 5089 cura
1533 5031 1701 5089 adhibenda
1727 5033 1822 5093 Iasius

115 5106 159 5163 vel
175 5107 319 5164 conditori
335 5112 445 5177 nostro,
462 5110 513 5182 qui
529 5126 581 5183 per
603 5110 772 5184 hrq'usmodi
796 5114 938 5174 vilitatem
993 5120 1136 5197 propheta
1150 5120 1288 5177 admonet
1302 5121 1421 5179 dicens:
1447 5123 1568 5192 Queritc
1588 5122 1740 5179 Dominum
1754 5123 1822 5180 dure

114 5195 272 5254 humiliare
287 5213 341 5254 nos
357 5198 494 5268 decrevit,
510 5198 662 5257 videamur
679 5200 818 5273 injuriam
834 5204 937 5274 lacere,
992 5212 1115 5268 inveniri
1140 5217 1236 5282 potest,
1253 5211 1377 5268 invocate
1400 5227 1462 5267 eum
1485 5211 1551 5267 dum
1575 5226 1660 5284 prope
1686 5214 1726 5268 est
1750 5214 1820 5285 (leo.

113 5289 143 5341 et
158 5291 269 5343 secreta
283 5287 459 5360 cogitatione
475 5303 541 5345 eum
564 5304 616 5361 per
634 5288 688 5346 hoc
712 5290 846 5350 incusare
860 5295 937 5367 quod
992 5318 1037 5373 nv,
1048 5301 1086 5373 d).
1100 5298 1190 5368 Qussi
1200 5298 1278 5356 enim
1288 5299 1389 5372 procul
1400 5300 1504 5370 aberit,
1517 5317 1585 5358 cum
1596 5300 1709 5358 nullius
1719 5316 1824 5375 peooa·

112 5388 167 5430 nos
184 5376 314 5447 potantis
328 5393 383 5434 sna
397 5377 492 5452 magis
506 5394 597 5451 qnam
612 5395 646 5435 cx
664 5380 777 5451 justitia
791 5387 851 5439 tam
865 5384 937 5443 viles
992 5391 1063 5448 toris
1079 5405 1179 5464 preces
1190 5387 1334 5446 exaudiet.
1345 5389 1506 5447 Sabbatum
1516 5396 1626 5459 autem,
1642 5389 1722 5463 quod
1735 5389 1823 5448 addi·

112 5462 176 5519 lieri
186 5464 363 5536 permiserit.
375 5466 457 5525 Talis
469 5472 566 5526 autem
577 5469 612 5525 de
622 5467 682 5525 lleo
693 5469 819 5543 cogitare
830 5478 875 5530 est
884 5473 937 5532 sli-
991 5485 1054 5536 tum
1065 5484 1110 5536 est
1119 5478 1220 5547 hiemi,
1237 5478 1308 5551 quia
1320 5480 1398 5552 apud
1411 5479 1528 5537 iudeus
1543 5480 1666 5537 festivus
1681 5484 1728 5537 est
1743 5481 1823 5556 dies,

110 5553 259 5636 quatenus
269 5555 371 5619 contre
377 5570 445 5615 eum
453 5556 617 5636 superbire,
627 5557 771 5634 quidquid
779 5560 856 5625 euim
862 5564 936 5625 illud
991 5584 1049 5648 quo
1063 5568 1198 5630 homines
1213 5584 1302 5649 quam
1317 5568 1443 5634 maxime
1456 5570 1585 5647 gaudere
1599 5567 1706 5648 solent,
1722 5569 1822 5669 signi:
