3892 6096
157 210 233 270 iate
804 205 1028 268 statianum
1050 208 1076 268 ll
1098 207 1212 271 PAPAE
1794 220 1870 281 1350

153 341 322 414 Apostolica
336 340 426 413 igitur
441 338 622 404 auctoritato,
638 338 800 392 venerande
816 340 912 410 tratur,
931 355 976 395 re·
991 342 1019 409 Α
1033 340 1141 413 proprii
1157 342 1285 414 episcopi
1300 345 1470 401 reverentia.
1484 347 1614 419 Quisque
1625 353 1734 406 autom
1750 354 1871 410 temera·

153 431 255 504 ligioni
270 436 326 486 tue
337 427 534 495 concedimus,
548 425 694 493 volumus,
708 431 736 481 et
751 427 914 494 firmamus,
932 433 974 483 at·
1030 430 1071 485 rio
1083 447 1156 486 ausu
1168 430 1256 502 hujus
1270 437 1374 489 nostrae
1386 435 1548 492 sanctionis
1565 439 1766 512 privilegium
1782 443 1869 500 inire-

153 539 209 595 que
218 519 386 576 auctoritate
395 517 473 572 beati
480 516 555 571 Petri
565 515 762 586 apostolorum
776 516 930 588 principis:
944 517 974 572 in
1029 519 1113 590 gerit,
1126 520 1181 575 nisi
1198 521 1362 593 resipuerit,
1375 524 1486 579 noverit
1497 542 1528 581 se
1542 530 1866 589 excommunicationis

153 624 328 682 quocunque
343 605 405 661 loco
418 605 471 660 tihi
488 604 593 660 melius
607 605 704 659 visum
717 604 814 675 luerit,
828 605 975 676 episcopa·
1029 613 1116 679 atque
1143 609 1337 666 anathematis
1362 612 1479 669 vinculo
1498 616 1725 675 innodandum.
1743 622 1782 675 st
1805 638 1865 678 vcro

152 707 214 755 tum
231 698 260 750 in
279 704 330 751 tua
345 694 483 767 parochia
498 698 644 760 construe,
662 698 690 748 et
706 693 741 748 ad
759 695 974 764 procurandam
1028 695 1078 767 qui
1095 697 1141 768 pio
1157 698 1264 754 intuitu
1280 705 1377 755 eustos
1393 705 1421 757 et
1436 703 1608 761 observator
1623 709 1792 774 exstiterit,
1808 728 1864 783 pcr-

151 787 277 844 salutem
293 784 459 840 animarum
475 783 637 853 adjutorem
658 782 711 836 tihi
733 787 783 836 tuo
806 782 972 839 considera·
1028 790 1121 856 peluae
1137 787 1348 845 benedictionis
1363 791 1545 848 abundantia
1559 794 1735 867 repleatur.

150 874 279 932 tioneibi
295 888 440 945 praepone,
454 872 494 926 ita
507 875 605 926 tamen
622 875 654 924 ut
666 870 851 942 episcopatus
864 871 912 926 ille
923 873 972 926 llo·
1048 876 1168 931 batum
1186 879 1316 933 Laterani
1340 896 1361 933 ii
1386 881 1448 936 llal.
1468 882 1571 954 April,
1589 900 1648 956 per
1664 902 1783 942 manus
1798 888 1863 945 Petri

148 958 970 1034 clesiatuae,tibiqueveltuissuccessorihusnunquam
1026 961 1132 1032 clerici,
1159 965 1307 1038 fungentis
1332 984 1452 1025 munere
1476 970 1550 1026 Petri
1582 980 1702 1030 sanctae
1731 976 1861 1034 Romane

147 1052 348 1120 subtrahatur,
356 1055 384 1106 et
394 1047 543 1104 nullusibi
552 1047 971 1119 episcopusquandoque,sive
1025 1049 1157 1106 Ecclesia
1179 1054 1346 1122 cardinalis,
1363 1073 1395 1112 ac
1422 1057 1653 1129 bibliothecarii,
1671 1081 1760 1121 anno
1775 1066 1862 1123 lucar·

147 1161 198 1215 per
217 1141 432 1206 investituram,
449 1142 482 1192 ut
507 1135 563 1191 dici
589 1135 707 1203 assolet,
723 1135 767 1191 vel
792 1151 970 1207 quocunque
1025 1141 1153 1198 nationis
1167 1142 1283 1199 Domini
1299 1145 1378 1213 1070,
1395 1149 1584 1219 pontillcalus
1609 1151 1646 1207 D.
1663 1153 1829 1211 Alexandri
1840 1161 1862 1212 11

145 1235 229 1304 pacto
245 1226 539 1300 inibissconstituatun
556 1224 612 1280 nisi
628 1241 716 1295 quom
730 1227 762 1278 tu
778 1223 821 1280 vol
837 1224 879 1279 tui
900 1242 969 1281 suc·
1024 1246 1104 1301 papie
1119 1248 1157 1300 ix,
1176 1232 1278 1288 indict.
1295 1251 1354 1289 viii.
1817 1245 1820 1250 ·

145 1336 276 1380 cessores
291 1321 427 1390 prompta
440 1315 590 1370 voluntate
606 1311 755 1385 elegerint,
770 1313 970 1370 ordinaverint

144 1413 173 1466 et
187 1404 430 1465 consecraverint.
443 1403 600 1476 Indignum
611 1401 689 1457 enim
701 1405 787 1472 atquo
797 1399 967 1458 detestabile

142 1503 187 1555 est
202 1502 233 1553 ut
249 1492 513 1568 hoogquodssstudio
529 1489 644 1564 pietatis
669 1489 782 1545 avobis
798 1490 965 1560 quesitum,

142 1586 303 1660 apostolica
324 1581 497 1639 auctoritate
516 1580 677 1645 firmatum,
694 1578 729 1633 ad
754 1579 966 1634 detrimentum

141 1675 273 1732 Ecclesia
286 1678 343 1729 tuae
356 1670 484 1743 quolibet
496 1668 582 1725 modo
595 1671 732 1724 vertatur.
745 1667 775 1722 st
788 1667 854 1738 quis
866 1672 965 1723 autem
981 1708 1006 1774 Β

140 1763 295 1821 temerario
306 1778 380 1818 ausu
391 1761 480 1830 hujus
491 1762 596 1814 nostrae
608 1755 769 1812 sanctionis
781 1753 965 1828 privilegium

1374 1451 1495 1508 LXXIV.

1021 1531 1184 1591 Alexander
1208 1539 1237 1593 ll
1262 1539 1405 1608 confirmat
1430 1544 1585 1614 priuilegia
1612 1547 1749 1608 abbatia
1773 1551 1857 1609 Sancti

1247 1610 1367 1681 Benipoi
1383 1617 1623 1675 Fractaariensis.

1292 1733 1295 1738 ’
1329 1719 1425 1789 (Anno
1441 1722 1531 1793 1070.)

140 1852 301 1925 infregerit,
313 1849 466 1905 noveritse
478 1845 643 1918 apostolica
654 1843 965 1901 excommunicationis
1021 1818 1237 1898 [QGQUEUNEQ
1253 1826 1326 1880 ΒΜ·
1351 1827 1425 1883 aem.
1447 1834 1539 1900 Plnle
1558 1837 1638 1889 l0m·
1664 1835 1705 1908 ῙῙ,
1723 1853 1791 1910 1³⁸8·
1807 1837 1850 1912 ll]

141 1947 229 2014 atque
239 1936 434 1997 anatheniatis
450 1935 564 1991 vinculo
577 1934 761 1989 innodatum.
774 1936 811 1986 At
823 1949 900 2001 vero,
913 1932 966 2005 qui

139 2032 189 2104 pio
205 2030 312 2085 intuitu
332 2031 431 2083 custos
456 2029 484 2080 et
508 2023 676 2080 observator
690 2021 843 2090 exstiterit,
862 2039 963 2094 perpe.
1055 2017 1223 2074 Aisxinoen
1238 2021 1405 2095 episcopus,
1422 2042 1522 2082 servus
1547 2045 1717 2088 servorum
1740 2033 1798 2102 Dei,
1811 2051 1849 2091 re·

140 2127 196 2175 tuat
211 2115 424 2175 benedictionis
439 2112 621 2169 abundantia
636 2110 792 2183 repleatur.
1018 2105 1141 2161 nerabili
1158 2113 1289 2165 sensero
1305 2112 1403 2168 abbati
1418 2117 1593 2172 monasterii
1610 2119 1738 2177 Sanctae
1754 2123 1847 2191 Maria,

176 2211 248 2264 Data
265 2204 421 2275 bataranis,
433 2219 473 2259 xii
488 2200 551 2257 Kal.
567 2199 686 2272 Aprilis,
700 2217 750 2271 per
765 2217 871 2255 manus
886 2200 962 2256 Petri
1018 2193 1067 2246 siti
1093 2195 1121 2249 in
1148 2198 1345 2271 ipporegiensi
1372 2201 1445 2271 loco,
1462 2205 1512 2275 qui
1536 2206 1657 2264 dicitur
1674 2210 1845 2280 l'ructuarii,

138 2297 246 2365 clerici,
263 2293 412 2367 fungentis
426 2290 487 2347 vice
503 2289 577 2346 Petri
593 2292 700 2344 sancta
716 2289 852 2344 Romanae
867 2290 963 2345 Eeele·
1017 2283 1138 2355 suisque
1160 2289 1377 2346 successoribus
1394 2293 1569 2365 regulariter
1585 2302 1803 2368 promovendis
1822 2303 1846 2357 iii

137 2388 186 2444 siro
201 2383 358 2442 cardinalis
382 2398 415 2437 ao
434 2378 660 2444 bibliothecarii,
677 2395 753 2434 anno
769 2379 805 2433 ab
820 2378 960 2434 lucerna·
1016 2380 1191 2445 perpetuum
1207 2377 1343 2436 salutem·

136 2472 337 2531 rionenemini
348 2471 427 2538 1070,
440 2468 627 2541 pontificatus
638 2484 704 2522 vero
716 2466 827 2522 domini
839 2466 961 2523 Alexan·
1057 2468 1096 2522 llx
1105 2465 1337 2525 consideratione
1348 2470 1437 2541 hujus
1452 2476 1562 2529 sanctae
1574 2477 1754 2548 apostolica
1768 2480 1844 2545 sadis,

137 2565 183 2621 dri
198 2580 278 2638 papa,
294 2560 318 2618 ῃ
334 2576 421 2626 nono,
437 2557 539 2614 indict,
554 2573 604 2613 err,
1017 2558 1063 2613 oui
1080 2558 1137 2614 Deo
1153 2564 1280 2627 auctore,
1296 2558 1364 2614 licet
1379 2559 1490 2633 indigni
1506 2564 1643 2634 meritis,
1663 2568 1845 2638 presidemus

488 2671 608 2729 LXXIII·
1016 2647 1149 2720 cogimur
1172 2647 1316 2704 universis
1342 2647 1476 2705 Ecclesiis
1500 2652 1676 2724 providero,
1695 2659 1844 2729 prasertim

135 2769 258 2827 Ecclesia
272 2768 416 2839 collegiata
431 2765 459 2821 S.
478 2763 573 2819 llario
591 2761 623 2818 de
644 2761 771 2816 belliloco
797 2762 826 2815 ia
849 2761 962 2819 tliaeccsi
1017 2735 1052 2792 ἦε
1074 2733 1145 2836 ¹⁰⁰5?
1167 2736 1217 2807 qui
1237 2735 1285 2837 pia
1300 2735 1438 2809 religione
1454 2738 1768 2848 ⁹⁰¹¹⁶f⁶f¹⁰⁸⁰¹¹⁰fll
1782 2747 1844 2849 liul-

170 2841 369 2904 llaliscoiieasi,
387 2840 417 2893 ia
429 2836 624 2908 protectionem
639 2832 876 2903 apostolicaesedis
891 2835 961 2888 reci·
1016 2830 1079 2879 tum
1091 2841 1168 2880 enim
1180 2825 1303 2880 Domino
1320 2833 1419 2884 nostro
1429 2833 1496 2884 lesu
1506 2830 1632 2889 Christo
1646 2835 1844 2893 sollicitudinis

169 2916 262 2985 pilae,
291 2911 368 2983 eique
401 2908 471 2963 bona
503 2906 598 2960 omnia
630 2912 656 2958 et
687 2904 836 2975 privilegia
863 2904 963 2974 confir·
1018 2913 1844 2997 ¹¹⁰³llae⁰¹1l³mPlaceteconfidlmusslserveeeju5,ut

177 2991 298 3038 'mmm‘
1017 3003 1072 3058 sibi
1083 3003 1215 3059 securius
1225 3003 1350 3060 militare
1361 3005 1486 3077 valeant,
1499 3009 1656 3067 aturbine
1668 3014 1842 3072 saecularium

449 3066 544 3137 “³¹¹⁰
559 3064 651 3134 Μ’)
975 3075 996 3142 G
1014 3092 1266 3163 perturbationum
1277 3097 1359 3149 scuto
1384 3099 1489 3149 nostrae
1500 3101 1704 3167 protectionis
1725 3103 1842 3160 delendi·

214 3162 429 3234 [Cocousniuns
445 3153 519 3210 hall.
536 3154 623 3217 llam„
639 3156 710 3207 tom.
728 3152 763 3218 ll,
780 3169 808 3225 p.
825 3151 882 3224 l3.l
1013 3197 1089 3236 mus·
1106 3180 1295 3253 Quapropter,
1312 3180 1354 3236 fili
1382 3182 1566 3254 charissime,
1585 3204 1662 3244 oum
1688 3190 1839 3248 immam

169 3280 342 3334 Aiaxanona
356 3271 522 3343 episeopus,
539 3284 639 3323 servus
664 3281 812 3322 servorum
829 3267 890 3336 Dei,
908 3284 956 3323 oa·
1010 3268 1208 3325 dilectissima
1219 3269 1398 3327 filianostrre
1414 3273 1533 3345 Agnetis
1548 3274 1770 3350 imperatricis,
1785 3285 1838 3336 tuin

132 3365 246 3424 nonicis
261 3360 388 3424 ecclesiia
403 3361 513 3414 Sanctis
527 3355 635 3426 Mario,
652 3355 713 3410 site
736 3356 765 3410 in
786 3354 955 3428 episcopatu
1010 3358 1106 3414 dilecti
1122 3375 1154 3415 ac
1166 3358 1688 3425 venerabilisAnnonisColoniensis
1704 3370 1839 3443 archiepi-

132 3452 349 3518 Matisoonansi,
365 3448 427 3504 loeo
443 3445 592 3514 Belliloco‚
607 3444 784 3516 illorumque
803 3461 953 3501 successo·
1009 3447 1088 3519 scopi
1099 3436 1420 3520 rogationetuisetiam
1430 3451 1568 3522 precibus
1580 3472 1637 3525 per
1648 3460 1837 3516 nemimem„

130 3546 214 3601 ribus
230 3543 259 3597 ln
275 3544 459 3613 perpetuum·
1008 3535 1150 3602 inclinati,
1162 3539 1225 3607 jain
1241 3537 1352 3592 dictum
1368 3542 1597 3612 monasterium,
1616 3549 1701 3618 quod
1719 3565 1771 3622 per
1784 3555 1837 3606 stu·

167 3631 284 3699 Quoties
300 3646 333 3684 ea
348 3627 460 3682 anobis
475 3627 623 3697 petuntur,
637 3640 727 3694 quaa
743 3622 882 3694 religione
895 3639 953 3679 nou
1008 3625 1090 3680 diurn
1107 3643 1256 3681 sorvorum
1268 3627 1317 3682 Dei
1329 3632 1529 3685 constructum
1542 3632 1664 3706 absque
1675 3637 1779 3711 aliqua
1792 3655 1835 3695 ss·

131 3722 308 3792 discrepant,
324 3717 449 3772 libenter
472 3714 613 3769 dehemus
641 3727 778 3780 annuere,
795 3717 824 3766 et
847 3713 953 3768 laveris
1008 3715 1099 3770 culari
1116 3716 1245 3787 potentia
1259 3716 1295 3771 ad
1318 3716 1382 3784 hoc,
1399 3718 1476 3788 quod
1490 3735 1557 3776 esse
1574 3723 1703 3782 videtur
1719 3728 1837 3801 pervenit

130 3811 221 3868 nostri
230 3811 379 3883 gratanter
389 3805 516 3878 praehere
525 3801 837 3872 assensum,quoniam
847 3817 880 3856 err
889 3819 954 3858 con·
1007 3804 1143 3876 quodque
1159 3804 1301 3861 hactenus
1316 3822 1434 3862 summa
1448 3807 1610 3868 devotione
1632 3816 1672 3871 ad
1689 3815 1766 3873 hauc
1780 3834 1836 3874 scu·

130 3898 306 3957 sideratione
322 3892 489 3968 apostolioae
504 3891 593 3957 sedis,
610 3891 656 3945 oui
673 3890 729 3944 Deo
746 3893 873 3957 auctore,
886 3889 953 3946 licet
1007 3898 1083 3948 ctam
1094 3893 1193 3948 sedem
1204 3895 1403 3965 respexit,sub
1413 3895 1506 3952 tutela
1517 3902 1836 3970 apostolicaedeteneio

130 3987 243 4060 indigni
260 3983 382 4050 meritis,
397 3981 599 4053 presidemus,
616 3977 758 4051 cogimur,
775 3978 863 4033 etiam
883 3979 908 4034 si
935 3998 952 4035 a
1006 3982 1052 4038 nis
1068 3983 1257 4054 suscipimus,
1269 3987 1297 4038 et
1308 3984 1518 4042 confirmamus
1531 3989 1690 4063 quidquid
1707 3995 1834 4052 rectcha·

129 4075 214 4131 nohis
229 4073 393 4144 exigantur,
409 4068 456 4123 his
470 4066 580 4123 talibus
600 4082 716 4138 semper
740 4065 901 4137 invigilare,
918 4085 951 4122 ao
1006 4071 1063 4138 hcl,
1080 4069 1123 4126 vel
1140 4071 1277 4144 deinceps
1297 4077 1342 4129 est
1366 4073 1587 4147 acquisiturum
1614 4080 1647 4137 in
1673 4081 1832 4152 mobilibus,

129 4162 219 4218 saluti
234 4161 400 4215 animarum
416 4156 514 4212 solerti
530 4155 628 4209 studio
644 4154 804 4226 providere.
820 4155 950 4227 Quapro-
1004 4160 1830 4247 imoetimmobilibus,itautoonliceateuiquammggng

128 4255 203 4323 pter,
215 4246 398 4304 dilectissimi
410 4244 472 4313 filii,
487 4244 556 4316 quia
571 4243 724 4314 postulasti
742 4243 863 4310 anobis,
878 4261 949 4316 qua·
1003 4248 1048 4305 vel
1064 4267 1158 4321 parvas
1173 4266 1304 4322 persone
1320 4268 1417 4308 servos
1432 4253 1494 4320 Dei,
1509 4253 1553 4310 ibi
1570 4257 1619 4314 vel
1637 4262 1668 4316 in
1685 4262 1768 4320 cellis
1780 4259 1831 4318 eui,

124 4343 212 4396 tenus
228 4342 257 4394 et
270 4335 432 4402 ecclesiam,
449 4333 527 4389 circa
541 4349 630 4404 quam
646 4331 762 4404 degitis,
779 4333 833 4388 suh
858 4335 949 4390 tutela
1003 4339 1151 4410 degentes,
1167 4338 1339 4410 inquietare,
1356 4339 1398 4396 vel
1415 4341 1450 4396 de
1464 4343 1645 4405 substantia
1664 4368 1723 4408 sua
1743 4350 1828 4408 immi,

124 4426 291 4501 apostolicae
307 4420 485 4480 defensionis
501 4421 729 4493 susciperemus,
746 4437 811 4476 oum
829 4438 879 4494 per
904 4424 947 4478 in·
963 4440 985 4504 D
1003 4428 1828 4508 ouere,necquidquamdeejusjureinaliumtransieris,

121 4521 285 4574 tercentum
300 4511 429 4587 episcopi
449 4512 534 4568 vestri
552 4527 603 4581 per
617 4509 730 4566 litteras
744 4514 867 4581 vestras,
883 4516 947 4567 tum
1001 4515 1044 4573 vel
1055 4517 1191 4572 saeculare
1204 4517 1341 4589 placitum
1352 4518 1453 4575 facere.
1461 4521 1642 4592 specialiter
1651 4536 1754 4588 autem
1762 4530 1829 4603 lppo

121 4606 233 4664 devotis
258 4604 394 4676 precibus
418 4600 522 4656 vostris
546 4599 621 4670 lloiii,
638 4600 769 4671 petitioni
793 4597 894 4655 vostra
909 4600 946 4655 li·
1002 4605 1125 4677 regiensi
1138 4607 1377 4677 opiscopo,neibi
1390 4607 1553 4681 hospitium
1569 4614 1829 4693 iaciai,apostolici

120 4696 223 4751 benter
232 4693 401 4751 annuimus.
410 4689 618 4761 Inclinatiergo
629 4689 733 4744 vestris
744 4688 945 4761 rogationibus
1001 4695 1174 4750 auctoritate
1190 4695 1402 4763 interdicimus,
1412 4697 1491 4753 salvo
1502 4699 1532 4754 in
1547 4706 1700 4765 omnibu„
1710 4706 1827 4766 Ecclesia

120 4801 182 4849 vos,
193 4782 533 4854 vestraquebonaatque
545 4777 710 4849 pradictum
722 4777 873 4832 ecclesiam
889 4781 943 4834 sub
1000 4787 1135 4837 Romanoa
1152 4783 1314 4856 privilegio.
1332 4785 1360 4840 Si
1385 4786 1451 4857 quis
1466 4792 1571 4845 autem
1588 4797 1826 4854 temerariorum

120 4873 284 4928 munimine
308 4868 472 4942 apostolicis
495 4867 683 4938 protectionis
702 4866 880 4938 suscipimus
893 4892 900 4934 ;
916 4872 944 4923 el
998 4871 1087 4943 hujus
1100 4878 1204 4927 nostrae
1216 4872 1376 4935 sanctionis
1387 4874 1579 4949 privilegium
1593 4882 1625 4938 in
1640 4884 1789 4942 totumve}
1802 4884 1825 4938 in

118 4961 328 5016 confirmamus
344 4955 487 5030 quidquid
502 4956 580 5010 dicta
599 4955 721 5010 ecclesia
740 4955 820 5024 justo
846 4954 941 5020 habet,
997 4966 1109 5032 partem
1125 4961 1286 5034 inlregerit,
1298 4961 1354 5018 nisi
1367 4964 1455 5036 digna
1471 4967 1691 5030 satisfactione
1701 4974 1823 5032 emcnda-

117 5048 160 5104 vel
176 5049 315 5120 deinceps
333 5047 414 5117 juste
439 5043 619 5116 acquisitura
643 5047 696 5109 est,
714 5048 774 5097 tam
802 5043 830 5098 in
856 5044 942 5100 terris
996 5050 1164 5114 verit,norit
1175 5068 1205 5107 se
1216 5051 1382 5123 apostolica
1392 5059 1721 5121 excommunicationis
1732 5069 1823 5120 staur.

117 5151 205 5205 quum
221 5138 251 5192 in
267 5136 369 5200 vineis,
383 5151 432 5190 seu
448 5130 607 5203 cujuslibet
618 5131 733 5204 generis
749 5132 940 5203 possessioni·
995 5137 1134 5194 thematis
1147 5139 1264 5194 vinculo
1279 5140 1494 5197 innodandum.
1510 5145 1638 5207 atvero
1655 5154 1708 5226 qui
1724 5153 1769 5226 pio
1786 5152 1820 5206 ii·

116 5222 171 5278 bus
187 5241 194 5279 τ
219 5226 260 5281 ita
286 5230 317 5281 ut
341 5241 398 5280 non
417 5222 503 5277 liceat
517 5220 657 5292 cuiquam
673 5221 939 5278 ecclesiasticorum
996 5226 1071 5282 tuitu
1082 5232 1182 5283 custos
1193 5228 1399 5285 etobservator
1410 5232 1572 5301 exstiterit,
1585 5240 1819 5314 perpetuoebeee

113 5310 158 5366 vel
173 5312 357 5369 saecularium
374 5327 488 5384 magnte
503 5325 655 5382 parvaeque
671 5327 799 5382 persona
819 5328 870 5367 vos
893 5311 938 5367 in·
994 5313 1129 5371 dictionis
1145 5317 1327 5373 abundantia
1341 5317 1499 5391 repleatur.

114 5399 457 5476 qiiietaro‚velqnidquid
468 5400 577 5473 injuria
584 5400 800 5473 prenominatae
810 5399 938 5457 ccclesia
1028 5404 1135 5462 Datum
1150 5405 1294 5480 Laterani,
1311 5423 1387 5464 anno
1404 5409 1520 5468 bomini
1538 5414 1627 5474 1070,

112 5489 141 5551 iu
166 5486 295 5545 alienum
318 5491 477 5549 transferre
494 5508 500 5551 :
528 5487 609 5549 salva
627 5487 732 5548 matris
747 5489 893 5563 lloolssite,
909 5494 937 5549 et
