<?xml version="1.0" encoding="UTF-8"?>
<!DOCTYPE html PUBLIC "-//W3C//DTD XHTML 1.0 Transitional//EN"
    "http://www.w3.org/TR/xhtml1/DTD/xhtml1-transitional.dtd">
<html xmlns="http://www.w3.org/1999/xhtml" xml:lang="en" lang="en">
 <head>
  <title>
</title>
<meta http-equiv="Content-Type" content="text/html;charset=utf-8" />
  <meta name='ocr-system' content='tesseract 3.04.00' />
  <meta name='ocr-capabilities' content='ocr_page ocr_carea ocr_par ocr_line ocrx_word'/>
</head>
<body>
  <div class='ocr_page' id='page_1' title='image "./patrologiaecurs01unkngoog/patrologiaecurs01unkngoog_0133.png"; bbox 0 0 3892 6096; ppageno 0'>
   <div class='ocr_carea' id='block_1_1' title="bbox 107 294 1822 384">
    <p class='ocr_par' dir='ltr' id='par_1_1' title="bbox 107 294 1822 384">
     <span class='ocr_line' id='line_1_1' title="bbox 107 294 1822 384; baseline -0.008 0"><span class='ocrx_word' id='word_1_1' title='bbox 107 316 176 383; x_wconf 78' lang='lat' dir='ltr'><strong>set</strong></span> <span class='ocrx_word' id='word_1_2' title='bbox 613 316 793 384; x_wconf 74' lang='lat' dir='ltr'><strong>&#39;brittoni</strong></span> <span class='ocrx_word' id='word_1_3' title='bbox 805 314 992 382; x_wconf 72' lang='lat' dir='ltr'><strong>ttonscttt</strong></span> <span class='ocrx_word' id='word_1_4' title='bbox 1006 314 1048 379; x_wconf 76' lang='lat'><strong>³8.</strong></span> <span class='ocrx_word' id='word_1_5' title='bbox 1069 312 1315 379; x_wconf 74' lang='lat' dir='ltr'><strong>udunsittttt</strong></span> <span class='ocrx_word' id='word_1_6' title='bbox 1762 294 1822 370; x_wconf 61' lang='lat' dir='ltr'><strong>illd</strong></span> 
     </span>
    </p>
   </div>
   <div class='ocr_carea' id='block_1_2' title="bbox 111 438 1832 5690">
    <p class='ocr_par' dir='ltr' id='par_1_2' title="bbox 111 438 1832 5690">
     <span class='ocr_line' id='line_1_2' title="bbox 111 438 1821 531; baseline -0.007 -20"><span class='ocrx_word' id='word_1_7' title='bbox 111 452 260 526; x_wconf 85' lang='lat' dir='ltr'><strong>¹replicare</strong></span> <span class='ocrx_word' id='word_1_8' title='bbox 274 449 429 531; x_wconf 86' lang='lat' dir='ltr'><strong>voluerint,</strong></span> <span class='ocrx_word' id='word_1_9' title='bbox 440 455 583 526; x_wconf 86' lang='lat' dir='ltr'><strong>quantam</strong></span> <span class='ocrx_word' id='word_1_10' title='bbox 599 450 742 509; x_wconf 87' lang='lat' dir='ltr'><strong>malitiam</strong></span> <span class='ocrx_word' id='word_1_11' title='bbox 754 451 825 509; x_wconf 80' lang='lat' dir='ltr'><strong>Cain</strong></span> <span class='ocrx_word' id='word_1_12' title='bbox 839 451 869 508; x_wconf 90' lang='lat' dir='ltr'><strong>in</strong></span> <span class='ocrx_word' id='word_1_13' title='bbox 878 451 941 509; x_wconf 83' lang='lat' dir='ltr'><strong>ira·</strong></span> <span class='ocrx_word' id='word_1_14' title='bbox 954 449 984 517; x_wconf 75' lang='grc' dir='ltr'>Ἀ</span> <span class='ocrx_word' id='word_1_15' title='bbox 998 451 1066 508; x_wconf 87' lang='lat' dir='ltr'><strong>dere</strong></span> <span class='ocrx_word' id='word_1_16' title='bbox 1080 451 1224 524; x_wconf 88' lang='lat' dir='ltr'><strong>quantum</strong></span> <span class='ocrx_word' id='word_1_17' title='bbox 1239 446 1421 521; x_wconf 89' lang='lat' dir='ltr'><strong>permittitur</strong></span> <span class='ocrx_word' id='word_1_18' title='bbox 1434 438 1584 503; x_wconf 88' lang='lat' dir='ltr'><strong>obstaculo</strong></span> <span class='ocrx_word' id='word_1_19' title='bbox 1599 446 1682 502; x_wconf 82' lang='lat' dir='ltr'><strong>terre</strong></span> <span class='ocrx_word' id='word_1_20' title='bbox 1694 444 1744 500; x_wconf 89' lang='lat' dir='ltr'><strong>vet</strong></span> <span class='ocrx_word' id='word_1_21' title='bbox 1764 438 1821 500; x_wconf 88' lang='lat' dir='ltr'><strong>sli-</strong></span> 
     </span>
     <span class='ocr_line' id='line_1_3' title="bbox 113 534 1822 616; baseline -0.005 -16"><span class='ocrx_word' id='word_1_22' title='bbox 113 547 193 600; x_wconf 83' lang='lat' dir='ltr'><strong>trsm</strong></span> <span class='ocrx_word' id='word_1_23' title='bbox 209 541 414 614; x_wconf 86' lang='lat' dir='ltr'><strong>suurn-egerit,</strong></span> <span class='ocrx_word' id='word_1_24' title='bbox 430 558 483 614; x_wconf 90' lang='lat' dir='ltr'><strong>pro</strong></span> <span class='ocrx_word' id='word_1_25' title='bbox 506 542 615 616; x_wconf 91' lang='lat' dir='ltr'><strong>quibus</strong></span> <span class='ocrx_word' id='word_1_26' title='bbox 640 542 767 616; x_wconf 85' lang='lat' dir='ltr'><strong>peccatis</strong></span> <span class='ocrx_word' id='word_1_27' title='bbox 785 541 941 599; x_wconf 81' lang='lat' dir='ltr'><strong>Sodomite</strong></span> <span class='ocrx_word' id='word_1_28' title='bbox 990 540 1081 611; x_wconf 75' lang='lat' dir='ltr'><strong>cujus</strong></span> <span class='ocrx_word' id='word_1_29' title='bbox 1105 540 1145 596; x_wconf 90' lang='lat' dir='ltr'><strong>rei</strong></span> <span class='ocrx_word' id='word_1_30' title='bbox 1160 557 1167 608; x_wconf 90' lang='grc'>;</span> <span class='ocrx_word' id='word_1_31' title='bbox 1193 539 1338 596; x_wconf 89' lang='lat' dir='ltr'><strong>Creatoris</strong></span> <span class='ocrx_word' id='word_1_32' title='bbox 1361 553 1428 594; x_wconf 92' lang='lat' dir='ltr'><strong>vero</strong></span> <span class='ocrx_word' id='word_1_33' title='bbox 1444 535 1582 608; x_wconf 74' lang='lat' dir='ltr'>splendor</span> <span class='ocrx_word' id='word_1_34' title='bbox 1596 539 1642 590; x_wconf 91' lang='lat' dir='ltr'><strong>est</strong></span> <span class='ocrx_word' id='word_1_35' title='bbox 1655 534 1822 606; x_wconf 88' lang='lat' dir='ltr'><strong>incompre-</strong></span> 
     </span>
     <span class='ocr_line' id='line_1_4' title="bbox 112 622 1823 703; baseline -0.006 -12"><span class='ocrx_word' id='word_1_36' title='bbox 112 630 251 691; x_wconf 76' lang='lat' dir='ltr'><strong>subversi</strong></span> <span class='ocrx_word' id='word_1_37' title='bbox 276 629 345 698; x_wconf 88' lang='lat' dir='ltr'><strong>sint,</strong></span> <span class='ocrx_word' id='word_1_38' title='bbox 368 631 494 703; x_wconf 89' lang='lat' dir='ltr'><strong>qualiter</strong></span> <span class='ocrx_word' id='word_1_39' title='bbox 510 632 794 698; x_wconf 83' lang='lat' dir='ltr'><strong>Nabuchodonosor,</strong></span> <span class='ocrx_word' id='word_1_40' title='bbox 812 630 940 688; x_wconf 89' lang='lat' dir='ltr'><strong>Holoier·</strong></span> <span class='ocrx_word' id='word_1_41' title='bbox 991 627 1149 686; x_wconf 84' lang='lat' dir='ltr'><strong>hensibilie</strong></span> <span class='ocrx_word' id='word_1_42' title='bbox 1173 633 1201 684; x_wconf 89' lang='lat' dir='ltr'><strong>et</strong></span> <span class='ocrx_word' id='word_1_43' title='bbox 1226 627 1382 683; x_wconf 90' lang='lat' dir='ltr'><strong>invisibilis</strong></span> <span class='ocrx_word' id='word_1_44' title='bbox 1405 627 1470 698; x_wconf 90' lang='lat' dir='ltr'><strong>ejus</strong></span> <span class='ocrx_word' id='word_1_45' title='bbox 1493 624 1629 692; x_wconf 89' lang='lat' dir='ltr'><strong>intuitus,</strong></span> <span class='ocrx_word' id='word_1_46' title='bbox 1645 639 1704 696; x_wconf 88' lang='lat' dir='ltr'><strong>quo</strong></span> <span class='ocrx_word' id='word_1_47' title='bbox 1719 622 1823 680; x_wconf 84' lang='lat' dir='ltr'><strong>omnis</strong></span> 
     </span>
     <span class='ocr_line' id='line_1_5' title="bbox 115 713 1820 793; baseline -0.005 -15"><span class='ocrx_word' id='word_1_48' title='bbox 115 719 224 793; x_wconf 84' lang='lat' dir='ltr'><strong>nisque</strong></span> <span class='ocrx_word' id='word_1_49' title='bbox 247 720 386 792; x_wconf 89' lang='lat' dir='ltr'><strong>superbia</strong></span> <span class='ocrx_word' id='word_1_50' title='bbox 411 721 537 777; x_wconf 90' lang='lat' dir='ltr'><strong>contrita</strong></span> <span class='ocrx_word' id='word_1_51' title='bbox 562 720 611 790; x_wconf 89' lang='lat' dir='ltr'><strong>sit,</strong></span> <span class='ocrx_word' id='word_1_52' title='bbox 627 737 715 793; x_wconf 89' lang='lat' dir='ltr'><strong>quam</strong></span> <span class='ocrx_word' id='word_1_53' title='bbox 736 719 825 777; x_wconf 90' lang='lat' dir='ltr'><strong>variis</strong></span> <span class='ocrx_word' id='word_1_54' title='bbox 845 719 942 776; x_wconf 89' lang='lat' dir='ltr'><strong>modis</strong></span> <span class='ocrx_word' id='word_1_55' title='bbox 989 718 1153 792; x_wconf 72' lang='lat' dir='ltr'><strong>praeterita,</strong></span> <span class='ocrx_word' id='word_1_56' title='bbox 1169 716 1322 789; x_wconf 81' lang='lat' dir='ltr'><strong>prasentia</strong></span> <span class='ocrx_word' id='word_1_57' title='bbox 1346 720 1375 772; x_wconf 90' lang='lat' dir='ltr'><strong>et</strong></span> <span class='ocrx_word' id='word_1_58' title='bbox 1399 715 1497 771; x_wconf 83' lang='lat' dir='ltr'><strong>lutura</strong></span> <span class='ocrx_word' id='word_1_59' title='bbox 1512 728 1688 785; x_wconf 90' lang='lat' dir='ltr'><strong>omnemque</strong></span> <span class='ocrx_word' id='word_1_60' title='bbox 1703 713 1820 770; x_wconf 71' lang='lat' dir='ltr'><strong>creatu·</strong></span> 
     </span>
     <span class='ocr_line' id='line_1_6' title="bbox 113 801 1822 883; baseline -0.003 -17"><span class='ocrx_word' id='word_1_61' title='bbox 113 813 339 866; x_wconf 84' lang='lat' dir='ltr'><strong>murmurautes</strong></span> <span class='ocrx_word' id='word_1_62' title='bbox 354 808 405 864; x_wconf 86' lang='lat' dir='ltr'><strong>filii</strong></span> <span class='ocrx_word' id='word_1_63' title='bbox 423 809 512 866; x_wconf 91' lang='lat' dir='ltr'><strong>lsrael</strong></span> <span class='ocrx_word' id='word_1_64' title='bbox 526 809 628 867; x_wconf 87' lang='lat' dir='ltr'><strong>aiilioti</strong></span> <span class='ocrx_word' id='word_1_65' title='bbox 643 810 714 878; x_wconf 89' lang='lat' dir='ltr'><strong>sint,</strong></span> <span class='ocrx_word' id='word_1_66' title='bbox 730 810 801 883; x_wconf 90' lang='lat' dir='ltr'><strong>quid</strong></span> <span class='ocrx_word' id='word_1_67' title='bbox 816 809 879 866; x_wconf 87' lang='lat' dir='ltr'><strong>lieli</strong></span> <span class='ocrx_word' id='word_1_68' title='bbox 893 826 941 866; x_wconf 88' lang='lat' dir='ltr'><strong>sa·</strong></span> <span class='ocrx_word' id='word_1_69' title='bbox 990 823 1059 866; x_wconf 81' lang='lat' dir='ltr'><strong>ram</strong></span> <span class='ocrx_word' id='word_1_70' title='bbox 1074 806 1161 865; x_wconf 87' lang='lat' dir='ltr'><strong>simul</strong></span> <span class='ocrx_word' id='word_1_71' title='bbox 1178 806 1262 877; x_wconf 89' lang='lat' dir='ltr'><strong>quasi</strong></span> <span class='ocrx_word' id='word_1_72' title='bbox 1279 821 1338 860; x_wconf 91' lang='lat' dir='ltr'><strong>unc</strong></span> <span class='ocrx_word' id='word_1_73' title='bbox 1353 804 1412 862; x_wconf 92' lang='lat' dir='ltr'><strong>ictu</strong></span> <span class='ocrx_word' id='word_1_74' title='bbox 1429 803 1505 860; x_wconf 91' lang='lat' dir='ltr'><strong>oculi</strong></span> <span class='ocrx_word' id='word_1_75' title='bbox 1518 801 1748 874; x_wconf 83' lang='lat' dir='ltr'><strong>comprehendit,</strong></span> <span class='ocrx_word' id='word_1_76' title='bbox 1761 817 1822 876; x_wconf 89' lang='lat' dir='ltr'><strong>quo</strong></span> 
     </span>
     <span class='ocr_line' id='line_1_7' title="bbox 115 891 1823 973; baseline -0.003 -19"><span class='ocrx_word' id='word_1_77' title='bbox 115 897 244 954; x_wconf 73' lang='lat' dir='ltr'><strong>serdotis</strong></span> <span class='ocrx_word' id='word_1_78' title='bbox 259 897 312 953; x_wconf 86' lang='lat' dir='ltr'><strong>tilii</strong></span> <span class='ocrx_word' id='word_1_79' title='bbox 328 903 481 971; x_wconf 78' lang='lat' dir='ltr'><strong>peccantes</strong></span> <span class='ocrx_word' id='word_1_80' title='bbox 496 898 679 972; x_wconf 80' lang='lat' dir='ltr'><strong>pertulerint,</strong></span> <span class='ocrx_word' id='word_1_81' title='bbox 696 899 842 973; x_wconf 91' lang='lat' dir='ltr'><strong>quomodo</strong></span> <span class='ocrx_word' id='word_1_82' title='bbox 860 895 939 956; x_wconf 86' lang='lat' dir='ltr'><strong>Selo-</strong></span> <span class='ocrx_word' id='word_1_83' title='bbox 992 896 1084 953; x_wconf 80' lang='lat' dir='ltr'><strong>etiarn</strong></span> <span class='ocrx_word' id='word_1_84' title='bbox 1099 897 1212 964; x_wconf 76' lang='lat' dir='ltr'><strong>respicit</strong></span> <span class='ocrx_word' id='word_1_85' title='bbox 1225 910 1306 966; x_wconf 79' lang='lat' dir='ltr'><strong>super</strong></span> <span class='ocrx_word' id='word_1_86' title='bbox 1320 894 1396 966; x_wconf 74' lang='lat' dir='ltr'><strong>filios</strong></span> <span class='ocrx_word' id='word_1_87' title='bbox 1416 895 1559 950; x_wconf 76' lang='lat' dir='ltr'><strong>bominum</strong></span> <span class='ocrx_word' id='word_1_88' title='bbox 1582 900 1613 948; x_wconf 85' lang='lat' dir='ltr'><strong>ct</strong></span> <span class='ocrx_word' id='word_1_89' title='bbox 1631 891 1726 949; x_wconf 83' lang='lat' dir='ltr'><strong>videat</strong></span> <span class='ocrx_word' id='word_1_90' title='bbox 1739 894 1766 948; x_wconf 82' lang='lat' dir='ltr'><strong>si</strong></span> <span class='ocrx_word' id='word_1_91' title='bbox 1779 895 1823 949; x_wconf 82' lang='lat' dir='ltr'><strong>eet</strong></span> 
     </span>
     <span class='ocr_line' id='line_1_8' title="bbox 114 979 1823 1060; baseline -0.004 -18"><span class='ocrx_word' id='word_1_92' title='bbox 114 1001 189 1042; x_wconf 83' lang='lat' dir='ltr'><strong>mou</strong></span> <span class='ocrx_word' id='word_1_93' title='bbox 203 986 441 1059; x_wconf 86' lang='lat' dir='ltr'><strong>sapientissimus</strong></span> <span class='ocrx_word' id='word_1_94' title='bbox 456 987 601 1059; x_wconf 80' lang='lat' dir='ltr'><strong>ceciderit,</strong></span> <span class='ocrx_word' id='word_1_95' title='bbox 613 992 813 1060; x_wconf 88' lang='lat' dir='ltr'><strong>quantamque</strong></span> <span class='ocrx_word' id='word_1_96' title='bbox 824 988 941 1044; x_wconf 87' lang='lat' dir='ltr'><strong>ruinam</strong></span> <span class='ocrx_word' id='word_1_97' title='bbox 991 984 1159 1055; x_wconf 73' lang='lat' dir='ltr'><strong>intelligeres</strong></span> <span class='ocrx_word' id='word_1_98' title='bbox 1182 993 1231 1041; x_wconf 86' lang='lat' dir='ltr'><strong>cut</strong></span> <span class='ocrx_word' id='word_1_99' title='bbox 1255 987 1394 1056; x_wconf 85' lang='lat' dir='ltr'><strong>requirens</strong></span> <span class='ocrx_word' id='word_1_100' title='bbox 1416 988 1502 1040; x_wconf 82' lang='lat' dir='ltr'><strong>ticum</strong></span> <span class='ocrx_word' id='word_1_101' title='bbox 1526 979 1616 1053; x_wconf 76' lang='lat' dir='ltr'><strong>(Prot.</strong></span> <span class='ocrx_word' id='word_1_102' title='bbox 1632 998 1693 1053; x_wconf 86' lang='lat' dir='ltr'><strong>rur,</strong></span> <span class='ocrx_word' id='word_1_103' title='bbox 1707 982 1748 1049; x_wconf 77' lang='lat'><strong>2).</strong></span> <span class='ocrx_word' id='word_1_104' title='bbox 1764 979 1823 1047; x_wconf 83' lang='lat' dir='ltr'><strong>Qui</strong></span> 
     </span>
     <span class='ocr_line' id='line_1_9' title="bbox 117 1070 1824 1148; baseline -0.003 -16"><span class='ocrx_word' id='word_1_105' title='bbox 117 1074 246 1132; x_wconf 68' lang='lat' dir='ltr'><strong>nbsulon</strong></span> <span class='ocrx_word' id='word_1_106' title='bbox 261 1080 290 1132; x_wconf 89' lang='lat' dir='ltr'><strong>et</strong></span> <span class='ocrx_word' id='word_1_107' title='bbox 300 1076 485 1148; x_wconf 85' lang='lat' dir='ltr'><strong>duojudiees</strong></span> <span class='ocrx_word' id='word_1_108' title='bbox 500 1081 601 1134; x_wconf 90' lang='lat' dir='ltr'><strong>contra</strong></span> <span class='ocrx_word' id='word_1_109' title='bbox 608 1082 776 1134; x_wconf 84' lang='lat' dir='ltr'><strong>Susannam</strong></span> <span class='ocrx_word' id='word_1_110' title='bbox 786 1077 940 1134; x_wconf 88' lang='lat' dir='ltr'><strong>insanion-</strong></span> <span class='ocrx_word' id='word_1_111' title='bbox 995 1075 1107 1133; x_wconf 87' lang='lat' dir='ltr'><strong>seilicet</strong></span> <span class='ocrx_word' id='word_1_112' title='bbox 1121 1074 1259 1147; x_wconf 81' lang='lat' dir='ltr'><strong>splendor</strong></span> <span class='ocrx_word' id='word_1_113' title='bbox 1275 1091 1331 1131; x_wconf 92' lang='lat' dir='ltr'><strong>non</strong></span> <span class='ocrx_word' id='word_1_114' title='bbox 1348 1072 1404 1129; x_wconf 91' lang='lat' dir='ltr'><strong>nisi</strong></span> <span class='ocrx_word' id='word_1_115' title='bbox 1419 1077 1479 1129; x_wconf 92' lang='lat' dir='ltr'><strong>toto</strong></span> <span class='ocrx_word' id='word_1_116' title='bbox 1493 1071 1591 1128; x_wconf 87' lang='lat' dir='ltr'><strong>cordis</strong></span> <span class='ocrx_word' id='word_1_117' title='bbox 1612 1070 1718 1128; x_wconf 84' lang='lat' dir='ltr'><strong>ellectu</strong></span> <span class='ocrx_word' id='word_1_118' title='bbox 1741 1070 1824 1127; x_wconf 88' lang='lat' dir='ltr'><strong>credi</strong></span> 
     </span>
     <span class='ocr_line' id='line_1_10' title="bbox 113 1158 1822 1238; baseline -0.003 -16"><span class='ocrx_word' id='word_1_119' title='bbox 113 1168 163 1222; x_wconf 84' lang='lat' dir='ltr'><strong>tes</strong></span> <span class='ocrx_word' id='word_1_120' title='bbox 178 1165 347 1233; x_wconf 85' lang='lat' dir='ltr'><strong>meruerint,</strong></span> <span class='ocrx_word' id='word_1_121' title='bbox 365 1180 454 1238; x_wconf 87' lang='lat' dir='ltr'><strong>quarn</strong></span> <span class='ocrx_word' id='word_1_122' title='bbox 469 1167 579 1224; x_wconf 88' lang='lat' dir='ltr'><strong>irustra</strong></span> <span class='ocrx_word' id='word_1_123' title='bbox 593 1166 716 1224; x_wconf 86' lang='lat' dir='ltr'><strong>Herodis</strong></span> <span class='ocrx_word' id='word_1_124' title='bbox 731 1171 760 1223; x_wconf 91' lang='lat' dir='ltr'><strong>et</strong></span> <span class='ocrx_word' id='word_1_125' title='bbox 773 1166 942 1223; x_wconf 79' lang='lat' dir='ltr'><strong>iudeorum</strong></span> <span class='ocrx_word' id='word_1_126' title='bbox 995 1164 1041 1224; x_wconf 82' lang='lat' dir='ltr'><strong>rel</strong></span> <span class='ocrx_word' id='word_1_127' title='bbox 1056 1164 1175 1238; x_wconf 83' lang='lat' dir='ltr'><strong>agnosci</strong></span> <span class='ocrx_word' id='word_1_128' title='bbox 1191 1167 1296 1236; x_wconf 89' lang='lat' dir='ltr'><strong>potest,</strong></span> <span class='ocrx_word' id='word_1_129' title='bbox 1312 1164 1436 1235; x_wconf 85' lang='lat' dir='ltr'><strong>ejusque</strong></span> <span class='ocrx_word' id='word_1_130' title='bbox 1460 1172 1552 1234; x_wconf 79' lang='lat' dir='ltr'><strong>capax</strong></span> <span class='ocrx_word' id='word_1_131' title='bbox 1574 1158 1629 1216; x_wconf 89' lang='lat' dir='ltr'><strong>erit</strong></span> <span class='ocrx_word' id='word_1_132' title='bbox 1651 1164 1763 1232; x_wconf 88' lang='lat' dir='ltr'><strong>quanto</strong></span> <span class='ocrx_word' id='word_1_133' title='bbox 1789 1159 1822 1218; x_wconf 89' lang='lat' dir='ltr'><strong>in</strong></span> 
     </span>
     <span class='ocr_line' id='line_1_11' title="bbox 116 1248 1821 1329; baseline -0.002 -20"><span class='ocrx_word' id='word_1_134' title='bbox 116 1253 207 1310; x_wconf 85' lang='lat' dir='ltr'><strong>dolus</strong></span> <span class='ocrx_word' id='word_1_135' title='bbox 222 1256 252 1310; x_wconf 93' lang='lat' dir='ltr'><strong>iu</strong></span> <span class='ocrx_word' id='word_1_136' title='bbox 262 1254 411 1311; x_wconf 84' lang='lat' dir='ltr'><strong>Christum</strong></span> <span class='ocrx_word' id='word_1_137' title='bbox 421 1254 583 1323; x_wconf 89' lang='lat' dir='ltr'><strong>insanierit,</strong></span> <span class='ocrx_word' id='word_1_138' title='bbox 598 1261 707 1329; x_wconf 89' lang='lat' dir='ltr'><strong>quanta</strong></span> <span class='ocrx_word' id='word_1_139' title='bbox 719 1255 832 1312; x_wconf 89' lang='lat' dir='ltr'><strong>malitia</strong></span> <span class='ocrx_word' id='word_1_140' title='bbox 840 1255 942 1311; x_wconf 88' lang='lat' dir='ltr'><strong>Simon</strong></span> <span class='ocrx_word' id='word_1_141' title='bbox 992 1253 1054 1310; x_wconf 82' lang='lat' dir='ltr'><strong>tide</strong></span> <span class='ocrx_word' id='word_1_142' title='bbox 1068 1258 1097 1310; x_wconf 88' lang='lat' dir='ltr'><strong>et</strong></span> <span class='ocrx_word' id='word_1_143' title='bbox 1111 1252 1268 1310; x_wconf 83' lang='lat' dir='ltr'><strong>dilectione</strong></span> <span class='ocrx_word' id='word_1_144' title='bbox 1282 1252 1330 1308; x_wconf 87' lang='lat' dir='ltr'><strong>Dei</strong></span> <span class='ocrx_word' id='word_1_145' title='bbox 1349 1249 1511 1323; x_wconf 79' lang='lat' dir='ltr'><strong>profecerit,</strong></span> <span class='ocrx_word' id='word_1_146' title='bbox 1526 1249 1681 1322; x_wconf 89' lang='lat' dir='ltr'><strong>ipsiusque</strong></span> <span class='ocrx_word' id='word_1_147' title='bbox 1693 1248 1821 1320; x_wconf 76' lang='lat' dir='ltr'><strong>justitias</strong></span> 
     </span>
     <span class='ocr_line' id='line_1_12' title="bbox 120 1336 1823 1418; baseline -0.002 -20"><span class='ocrx_word' id='word_1_148' title='bbox 120 1343 223 1416; x_wconf 86' lang='lat' dir='ltr'><strong>Magus</strong></span> <span class='ocrx_word' id='word_1_149' title='bbox 249 1344 410 1400; x_wconf 83' lang='lat' dir='ltr'><strong>oboaeoatus</strong></span> <span class='ocrx_word' id='word_1_150' title='bbox 435 1345 561 1418; x_wconf 89' lang='lat' dir='ltr'><strong>perierit.</strong></span> <span class='ocrx_word' id='word_1_151' title='bbox 584 1345 658 1412; x_wconf 82' lang='lat' dir='ltr'><strong>Quid</strong></span> <span class='ocrx_word' id='word_1_152' title='bbox 681 1345 761 1402; x_wconf 90' lang='lat' dir='ltr'><strong>aliud</strong></span> <span class='ocrx_word' id='word_1_153' title='bbox 786 1360 838 1417; x_wconf 92' lang='lat' dir='ltr'><strong>per</strong></span> <span class='ocrx_word' id='word_1_154' title='bbox 860 1347 943 1399; x_wconf 88' lang='lat' dir='ltr'><strong>tanta</strong></span> <span class='ocrx_word' id='word_1_155' title='bbox 996 1341 1105 1399; x_wconf 89' lang='lat' dir='ltr'><strong>esuriet</strong></span> <span class='ocrx_word' id='word_1_156' title='bbox 1123 1346 1211 1415; x_wconf 89' lang='lat' dir='ltr'><strong>atque</strong></span> <span class='ocrx_word' id='word_1_157' title='bbox 1234 1340 1299 1399; x_wconf 89' lang='lat' dir='ltr'><strong>sitis</strong></span> <span class='ocrx_word' id='word_1_158' title='bbox 1322 1356 1389 1396; x_wconf 91' lang='lat' dir='ltr'><strong>eum</strong></span> <span class='ocrx_word' id='word_1_159' title='bbox 1415 1338 1590 1396; x_wconf 89' lang='lat' dir='ltr'><strong>accenderit.</strong></span> <span class='ocrx_word' id='word_1_160' title='bbox 1605 1337 1688 1395; x_wconf 85' lang='lat' dir='ltr'><strong>Unde</strong></span> <span class='ocrx_word' id='word_1_161' title='bbox 1714 1338 1751 1394; x_wconf 90' lang='lat' dir='ltr'><strong>de</strong></span> <span class='ocrx_word' id='word_1_162' title='bbox 1772 1336 1823 1394; x_wconf 84' lang='lat' dir='ltr'><strong>iris</strong></span> 
     </span>
     <span class='ocr_line' id='line_1_13' title="bbox 115 1428 1821 1504; baseline -0.002 -16"><span class='ocrx_word' id='word_1_163' title='bbox 115 1431 199 1488; x_wconf 86' lang='lat' dir='ltr'><strong>mala</strong></span> <span class='ocrx_word' id='word_1_164' title='bbox 209 1431 350 1500; x_wconf 85' lang='lat' dir='ltr'><strong>innuitur,</strong></span> <span class='ocrx_word' id='word_1_165' title='bbox 360 1432 416 1489; x_wconf 92' lang='lat' dir='ltr'><strong>nisi</strong></span> <span class='ocrx_word' id='word_1_166' title='bbox 429 1437 460 1488; x_wconf 88' lang='lat' dir='ltr'><strong>ut</strong></span> <span class='ocrx_word' id='word_1_167' title='bbox 472 1433 626 1491; x_wconf 87' lang='lat' dir='ltr'><strong>audientes</strong></span> <span class='ocrx_word' id='word_1_168' title='bbox 634 1435 758 1490; x_wconf 89' lang='lat' dir='ltr'><strong>timeant</strong></span> <span class='ocrx_word' id='word_1_169' title='bbox 767 1438 796 1490; x_wconf 89' lang='lat' dir='ltr'><strong>et</strong></span> <span class='ocrx_word' id='word_1_170' title='bbox 805 1433 942 1489; x_wconf 90' lang='lat' dir='ltr'><strong>timentes</strong></span> <span class='ocrx_word' id='word_1_171' title='bbox 993 1431 1092 1488; x_wconf 84' lang='lat' dir='ltr'><strong>tribue</strong></span> <span class='ocrx_word' id='word_1_172' title='bbox 1103 1431 1133 1487; x_wconf 90' lang='lat' dir='ltr'><strong>in</strong></span> <span class='ocrx_word' id='word_1_173' title='bbox 1144 1431 1300 1504; x_wconf 81' lang='lat' dir='ltr'><strong>Evangelio</strong></span> <span class='ocrx_word' id='word_1_174' title='bbox 1313 1430 1454 1488; x_wconf 82' lang='lat' dir='ltr'><strong>Dominus</strong></span> <span class='ocrx_word' id='word_1_175' title='bbox 1464 1430 1536 1486; x_wconf 90' lang='lat' dir='ltr'><strong>dicit</strong></span> <span class='ocrx_word' id='word_1_176' title='bbox 1547 1447 1553 1498; x_wconf 92' lang='lat'>;</span> <span class='ocrx_word' id='word_1_177' title='bbox 1565 1429 1601 1486; x_wconf 91' lang='lat' dir='ltr'><strong>de</strong></span> <span class='ocrx_word' id='word_1_178' title='bbox 1612 1428 1669 1485; x_wconf 87' lang='lat' dir='ltr'><strong>dds</strong></span> <span class='ocrx_word' id='word_1_179' title='bbox 1678 1428 1821 1501; x_wconf 89' lang='lat' dir='ltr'><strong>quidsin:</strong></span> 
     </span>
     <span class='ocr_line' id='line_1_14' title="bbox 116 1516 1821 1593; baseline -0.002 -16"><span class='ocrx_word' id='word_1_180' title='bbox 116 1524 243 1577; x_wconf 83' lang='lat' dir='ltr'><strong>caveant</strong></span> <span class='ocrx_word' id='word_1_181' title='bbox 253 1536 290 1576; x_wconf 92' lang='lat' dir='ltr'><strong>ne</strong></span> <span class='ocrx_word' id='word_1_182' title='bbox 299 1520 328 1577; x_wconf 92' lang='lat' dir='ltr'><strong>in</strong></span> <span class='ocrx_word' id='word_1_183' title='bbox 340 1520 448 1578; x_wconf 87' lang='lat' dir='ltr'><strong>similia</strong></span> <span class='ocrx_word' id='word_1_184' title='bbox 463 1522 590 1578; x_wconf 79' lang='lat' dir='ltr'><strong>cadant?</strong></span> <span class='ocrx_word' id='word_1_185' title='bbox 612 1521 736 1578; x_wconf 86' lang='lat' dir='ltr'><strong>Plurimi</strong></span> <span class='ocrx_word' id='word_1_186' title='bbox 748 1537 875 1593; x_wconf 89' lang='lat' dir='ltr'><strong>namque</strong></span> <span class='ocrx_word' id='word_1_187' title='bbox 885 1519 943 1576; x_wconf 88' lang='lat' dir='ltr'><strong>nisi</strong></span> <span class='ocrx_word' id='word_1_188' title='bbox 995 1522 1106 1591; x_wconf 76' lang='lat' dir='ltr'><strong>omnic,</strong></span> <span class='ocrx_word' id='word_1_189' title='bbox 1117 1520 1223 1592; x_wconf 91' lang='lat' dir='ltr'><strong>inquit,</strong></span> <span class='ocrx_word' id='word_1_190' title='bbox 1233 1520 1451 1592; x_wconf 82' lang='lat' dir='ltr'><strong>possibiticertnt</strong></span> <span class='ocrx_word' id='word_1_191' title='bbox 1461 1518 1582 1575; x_wconf 72' lang='lat' dir='ltr'><strong>credemi</strong></span> <span class='ocrx_word' id='word_1_192' title='bbox 1596 1516 1689 1590; x_wconf 84' lang='lat' dir='ltr'><strong>(licrc.</strong></span> <span class='ocrx_word' id='word_1_193' title='bbox 1698 1534 1741 1585; x_wconf 85' lang='lat' dir='ltr'><strong>rx,</strong></span> <span class='ocrx_word' id='word_1_194' title='bbox 1753 1516 1821 1589; x_wconf 80' lang='lat'>22);</span> 
     </span>
     <span class='ocr_line' id='line_1_15' title="bbox 118 1606 1824 1682; baseline -0.001 -18"><span class='ocrx_word' id='word_1_195' title='bbox 118 1607 224 1666; x_wconf 87' lang='lat' dir='ltr'><strong>timore</strong></span> <span class='ocrx_word' id='word_1_196' title='bbox 236 1608 489 1682; x_wconf 85' lang='lat' dir='ltr'><strong>compellerentur,</strong></span> <span class='ocrx_word' id='word_1_197' title='bbox 505 1610 683 1668; x_wconf 91' lang='lat' dir='ltr'><strong>nullomodo</strong></span> <span class='ocrx_word' id='word_1_198' title='bbox 696 1611 732 1666; x_wconf 91' lang='lat' dir='ltr'><strong>ad</strong></span> <span class='ocrx_word' id='word_1_199' title='bbox 749 1608 873 1667; x_wconf 89' lang='lat' dir='ltr'><strong>salutem</strong></span> <span class='ocrx_word' id='word_1_200' title='bbox 887 1614 943 1665; x_wconf 93' lang='lat' dir='ltr'><strong>tra·</strong></span> <span class='ocrx_word' id='word_1_201' title='bbox 994 1610 1034 1666; x_wconf 88' lang='lat' dir='ltr'><strong>de</strong></span> <span class='ocrx_word' id='word_1_202' title='bbox 1042 1609 1196 1666; x_wconf 89' lang='lat' dir='ltr'><strong>dilectione</strong></span> <span class='ocrx_word' id='word_1_203' title='bbox 1207 1613 1304 1666; x_wconf 89' lang='lat' dir='ltr'><strong>autem</strong></span> <span class='ocrx_word' id='word_1_204' title='bbox 1317 1626 1324 1665; x_wconf 75' lang='lat' dir='ltr'><strong><em>z</em></strong></span> <span class='ocrx_word' id='word_1_205' title='bbox 1340 1611 1393 1678; x_wconf 80' lang='lat' dir='ltr'><strong>Qui</strong></span> <span class='ocrx_word' id='word_1_206' title='bbox 1402 1609 1498 1681; x_wconf 81' lang='lat' dir='ltr'><strong>ciiiipit</strong></span> <span class='ocrx_word' id='word_1_207' title='bbox 1511 1607 1700 1681; x_wconf 78' lang='lat' dir='ltr'><strong>medils&#39;qstttr</strong></span> <span class='ocrx_word' id='word_1_208' title='bbox 1710 1606 1824 1663; x_wconf 79' lang='lat' dir='ltr'><strong>aPctrs</strong></span> 
     </span>
     <span class='ocr_line' id='line_1_16' title="bbox 120 1696 1823 1772; baseline -0.003 -16"><span class='ocrx_word' id='word_1_209' title='bbox 120 1696 270 1756; x_wconf 82' lang='lat' dir='ltr'><strong>herentur.</strong></span> <span class='ocrx_word' id='word_1_210' title='bbox 286 1702 367 1755; x_wconf 84' lang='lat' dir='ltr'><strong>Patet</strong></span> <span class='ocrx_word' id='word_1_211' title='bbox 380 1698 552 1771; x_wconf 77' lang='lat' dir='ltr'><strong>igiturquia</strong></span> <span class='ocrx_word' id='word_1_212' title='bbox 562 1702 622 1755; x_wconf 88' lang='lat' dir='ltr'><strong>tam</strong></span> <span class='ocrx_word' id='word_1_213' title='bbox 634 1715 686 1772; x_wconf 90' lang='lat' dir='ltr'><strong>per</strong></span> <span class='ocrx_word' id='word_1_214' title='bbox 696 1698 774 1755; x_wconf 86' lang='lat' dir='ltr'><strong>mela</strong></span> <span class='ocrx_word' id='word_1_215' title='bbox 787 1714 876 1771; x_wconf 91' lang='lat' dir='ltr'><strong>quam</strong></span> <span class='ocrx_word' id='word_1_216' title='bbox 891 1712 944 1771; x_wconf 92' lang='lat' dir='ltr'><strong>per</strong></span> <span class='ocrx_word' id='word_1_217' title='bbox 996 1715 1066 1766; x_wconf 74' lang='lat' dir='ltr'><strong>nico,</strong></span> <span class='ocrx_word' id='word_1_218' title='bbox 1082 1703 1109 1755; x_wconf 87' lang='lat' dir='ltr'><strong>et</strong></span> <span class='ocrx_word' id='word_1_219' title='bbox 1122 1714 1171 1771; x_wconf 79' lang='lat' dir='ltr'><strong>epo</strong></span> <span class='ocrx_word' id='word_1_220' title='bbox 1184 1700 1302 1771; x_wconf 79' lang='lat' dir='ltr'><strong>ditiqom</strong></span> <span class='ocrx_word' id='word_1_221' title='bbox 1321 1712 1383 1754; x_wconf 85' lang='lat' dir='ltr'><strong>eom</strong></span> <span class='ocrx_word' id='word_1_222' title='bbox 1405 1702 1431 1755; x_wconf 89' lang='lat' dir='ltr'><strong>ei</strong></span> <span class='ocrx_word' id='word_1_223' title='bbox 1454 1697 1635 1769; x_wconf 69' lang='lat' dir='ltr'><strong>manifestato</strong></span> <span class='ocrx_word' id='word_1_224' title='bbox 1658 1698 1685 1752; x_wconf 83' lang='lat' dir='ltr'><strong>e&#39;i</strong></span> <span class='ocrx_word' id='word_1_225' title='bbox 1710 1711 1754 1751; x_wconf 85' lang='lat' dir='ltr'><strong>me</strong></span> <span class='ocrx_word' id='word_1_226' title='bbox 1777 1696 1823 1767; x_wconf 79' lang='lat' dir='ltr'><strong>ip·</strong></span> 
     </span>
     <span class='ocr_line' id='line_1_17' title="bbox 119 1784 1824 1886; baseline -0.002 -42"><span class='ocrx_word' id='word_1_227' title='bbox 119 1785 197 1845; x_wconf 90' lang='lat' dir='ltr'><strong>bona</strong></span> <span class='ocrx_word' id='word_1_228' title='bbox 212 1786 348 1842; x_wconf 81' lang='lat' dir='ltr'><strong>edificari</strong></span> <span class='ocrx_word' id='word_1_229' title='bbox 363 1803 533 1859; x_wconf 88' lang='lat' dir='ltr'><strong>possumus,</strong></span> <span class='ocrx_word' id='word_1_230' title='bbox 549 1787 574 1845; x_wconf 89' lang='lat' dir='ltr'><strong>si</strong></span> <span class='ocrx_word' id='word_1_231' title='bbox 597 1802 631 1844; x_wconf 91' lang='lat' dir='ltr'><strong>ea</strong></span> <span class='ocrx_word' id='word_1_232' title='bbox 654 1788 696 1844; x_wconf 91' lang='lat' dir='ltr'><strong>ita</strong></span> <span class='ocrx_word' id='word_1_233' title='bbox 721 1793 754 1844; x_wconf 91' lang='lat' dir='ltr'><strong>ut</strong></span> <span class='ocrx_word' id='word_1_234' title='bbox 777 1804 795 1843; x_wconf 95' lang='lat' dir='ltr'><strong>a</strong></span> <span class='ocrx_word' id='word_1_235' title='bbox 820 1787 943 1842; x_wconf 85' lang='lat' dir='ltr'><strong>Domino</strong></span> <span class='ocrx_word' id='word_1_236' title='bbox 956 1820 982 1886; x_wconf 64' lang='lat' dir='ltr'>B</span> <span class='ocrx_word' id='word_1_237' title='bbox 996 1805 1059 1846; x_wconf 81' lang='lat' dir='ltr'><strong>sum</strong></span> <span class='ocrx_word' id='word_1_238' title='bbox 1082 1790 1171 1858; x_wconf 78' lang='lat' dir='ltr'><strong>(loon.</strong></span> <span class='ocrx_word' id='word_1_239' title='bbox 1186 1804 1246 1854; x_wconf 80' lang='lat' dir='ltr'><strong>xiv,</strong></span> <span class='ocrx_word' id='word_1_240' title='bbox 1261 1790 1326 1857; x_wconf 79' lang='lat'>21);</span> <span class='ocrx_word' id='word_1_241' title='bbox 1352 1787 1389 1844; x_wconf 89' lang='lat' dir='ltr'><strong>de</strong></span> <span class='ocrx_word' id='word_1_242' title='bbox 1403 1787 1500 1843; x_wconf 90' lang='lat' dir='ltr'><strong>esurie</strong></span> <span class='ocrx_word' id='word_1_243' title='bbox 1513 1801 1581 1842; x_wconf 89' lang='lat' dir='ltr'><strong>vero</strong></span> <span class='ocrx_word' id='word_1_244' title='bbox 1595 1801 1628 1842; x_wconf 88' lang='lat' dir='ltr'><strong>sc</strong></span> <span class='ocrx_word' id='word_1_245' title='bbox 1643 1784 1693 1841; x_wconf 90' lang='lat' dir='ltr'><strong>siti</strong></span> <span class='ocrx_word' id='word_1_246' title='bbox 1710 1801 1717 1842; x_wconf 75' lang='grc' dir='ltr'>ι</span> <span class='ocrx_word' id='word_1_247' title='bbox 1742 1784 1824 1841; x_wconf 84' lang='lat' dir='ltr'><strong>Bsutt</strong></span> 
     </span>
     <span class='ocr_line' id='line_1_18' title="bbox 120 1873 1824 1950; baseline -0.001 -20"><span class='ocrx_word' id='word_1_248' title='bbox 120 1873 295 1931; x_wconf 88' lang='lat' dir='ltr'><strong>ordinantur</strong></span> <span class='ocrx_word' id='word_1_249' title='bbox 309 1890 478 1947; x_wconf 85' lang='lat' dir='ltr'><strong>pensamus.</strong></span> <span class='ocrx_word' id='word_1_250' title='bbox 490 1876 563 1931; x_wconf 91' lang='lat' dir='ltr'><strong>Nam</strong></span> <span class='ocrx_word' id='word_1_251' title='bbox 577 1879 611 1931; x_wconf 92' lang='lat' dir='ltr'><strong>ut</strong></span> <span class='ocrx_word' id='word_1_252' title='bbox 626 1876 717 1932; x_wconf 90' lang='lat' dir='ltr'><strong>Deum</strong></span> <span class='ocrx_word' id='word_1_253' title='bbox 734 1890 878 1942; x_wconf 86' lang='lat' dir='ltr'><strong>amemus,</strong></span> <span class='ocrx_word' id='word_1_254' title='bbox 891 1890 944 1947; x_wconf 90' lang='lat' dir='ltr'><strong>per</strong></span> <span class='ocrx_word' id='word_1_255' title='bbox 995 1879 1045 1950; x_wconf 84' lang='lat' dir='ltr'><strong>qui</strong></span> <span class='ocrx_word' id='word_1_256' title='bbox 1054 1879 1180 1933; x_wconf 65' lang='lat' dir='ltr'><strong>manunt</strong></span> <span class='ocrx_word' id='word_1_257' title='bbox 1192 1881 1220 1933; x_wconf 87' lang='lat' dir='ltr'><strong>et</strong></span> <span class='ocrx_word' id='word_1_258' title='bbox 1232 1879 1332 1933; x_wconf 82' lang='lat' dir='ltr'><strong>eitiunt</strong></span> <span class='ocrx_word' id='word_1_259' title='bbox 1341 1877 1492 1949; x_wconf 81' lang='lat' dir='ltr'><strong>justitium,</strong></span> <span class='ocrx_word' id='word_1_260' title='bbox 1502 1875 1636 1948; x_wconf 77' lang='lat' dir='ltr'><strong>queniam</strong></span> <span class='ocrx_word' id='word_1_261' title='bbox 1648 1875 1704 1947; x_wconf 81' lang='lat' dir='ltr'><strong>ipsi</strong></span> <span class='ocrx_word' id='word_1_262' title='bbox 1712 1880 1824 1930; x_wconf 63' lang='lat' dir='ltr'><strong>ectum</strong></span> 
     </span>
     <span class='ocr_line' id='line_1_19' title="bbox 120 1961 1323 2038; baseline 0.002 -19"><span class='ocrx_word' id='word_1_263' title='bbox 120 1962 196 2019; x_wconf 84' lang='lat' dir='ltr'><strong>bona</strong></span> <span class='ocrx_word' id='word_1_264' title='bbox 209 1961 372 2031; x_wconf 78' lang='lat' dir='ltr'><strong>trahimur;</strong></span> <span class='ocrx_word' id='word_1_265' title='bbox 389 1963 441 2020; x_wconf 89' lang='lat' dir='ltr'><strong>sed</strong></span> <span class='ocrx_word' id='word_1_266' title='bbox 464 1969 497 2020; x_wconf 90' lang='lat' dir='ltr'><strong>ut</strong></span> <span class='ocrx_word' id='word_1_267' title='bbox 519 1980 587 2021; x_wconf 90' lang='lat' dir='ltr'><strong>eum</strong></span> <span class='ocrx_word' id='word_1_268' title='bbox 610 1965 779 2032; x_wconf 88' lang='lat' dir='ltr'><strong>timeamus,</strong></span> <span class='ocrx_word' id='word_1_269' title='bbox 795 1979 847 2038; x_wconf 91' lang='lat' dir='ltr'><strong>per</strong></span> <span class='ocrx_word' id='word_1_270' title='bbox 866 1963 944 2022; x_wconf 82' lang='lat' dir='ltr'><strong>mals</strong></span> <span class='ocrx_word' id='word_1_271' title='bbox 997 1968 1101 2023; x_wconf 80' lang='lat' dir='ltr'><strong>tentor</strong></span> <span class='ocrx_word' id='word_1_272' title='bbox 1121 1965 1226 2038; x_wconf 74' lang='lat' dir='ltr'><strong>(dodi.</strong></span> <span class='ocrx_word' id='word_1_273' title='bbox 1242 1983 1269 2034; x_wconf 94' lang='lat' dir='ltr'><strong>v,</strong></span> <span class='ocrx_word' id='word_1_274' title='bbox 1282 1966 1323 2036; x_wconf 89' lang='grc'><strong>6).</strong></span> 
     </span>
     <span class='ocr_line' id='line_1_20' title="bbox 120 2047 1823 2127; baseline 0.001 -21"><span class='ocrx_word' id='word_1_275' title='bbox 120 2047 221 2122; x_wconf 82' lang='lat' dir='ltr'><strong>aliqua</strong></span> <span class='ocrx_word' id='word_1_276' title='bbox 234 2050 449 2124; x_wconf 88' lang='lat' dir='ltr'><strong>compellimur.</strong></span> <span class='ocrx_word' id='word_1_277' title='bbox 466 2053 558 2124; x_wconf 91' lang='lat' dir='ltr'><strong>Unde,</strong></span> <span class='ocrx_word' id='word_1_278' title='bbox 574 2070 683 2127; x_wconf 74' lang='lat' dir='ltr'><strong>queso,</strong></span> <span class='ocrx_word' id='word_1_279' title='bbox 699 2058 733 2110; x_wconf 92' lang='lat' dir='ltr'><strong>ut</strong></span> <span class='ocrx_word' id='word_1_280' title='bbox 755 2068 867 2127; x_wconf 80' lang='lat' dir='ltr'><strong>sequte</strong></span> <span class='ocrx_word' id='word_1_281' title='bbox 883 2055 943 2125; x_wconf 81' lang='lat' dir='ltr'><strong>jam</strong></span> <span class='ocrx_word' id='word_1_282' title='bbox 1032 2054 1106 2111; x_wconf 90' lang='lat' dir='ltr'><strong>Huic</strong></span> <span class='ocrx_word' id='word_1_283' title='bbox 1121 2055 1209 2111; x_wconf 91' lang='lat' dir='ltr'><strong>etiam</strong></span> <span class='ocrx_word' id='word_1_284' title='bbox 1224 2053 1320 2112; x_wconf 88' lang='lat' dir='ltr'><strong>simile</strong></span> <span class='ocrx_word' id='word_1_285' title='bbox 1336 2052 1406 2126; x_wconf 92' lang='lat' dir='ltr'><strong>quid</strong></span> <span class='ocrx_word' id='word_1_286' title='bbox 1422 2052 1600 2126; x_wconf 84' lang='lat' dir='ltr'><strong>quotidianis</strong></span> <span class='ocrx_word' id='word_1_287' title='bbox 1612 2049 1823 2125; x_wconf 81' lang='lat' dir='ltr'><strong>experimentis</strong></span> 
     </span>
     <span class='ocr_line' id='line_1_21' title="bbox 121 2139 1822 2217; baseline 0.001 -21"><span class='ocrx_word' id='word_1_288' title='bbox 121 2139 242 2212; x_wconf 89' lang='lat' dir='ltr'><strong>protuli,</strong></span> <span class='ocrx_word' id='word_1_289' title='bbox 257 2143 286 2196; x_wconf 89' lang='lat' dir='ltr'><strong>et</strong></span> <span class='ocrx_word' id='word_1_290' title='bbox 309 2139 367 2197; x_wconf 83' lang='lat' dir='ltr'><strong>alia</strong></span> <span class='ocrx_word' id='word_1_291' title='bbox 389 2141 437 2199; x_wconf 89' lang='lat' dir='ltr'><strong>his</strong></span> <span class='ocrx_word' id='word_1_292' title='bbox 458 2141 568 2198; x_wconf 87' lang='lat' dir='ltr'><strong>similia</strong></span> <span class='ocrx_word' id='word_1_293' title='bbox 581 2143 612 2199; x_wconf 92' lang='lat' dir='ltr'><strong>in</strong></span> <span class='ocrx_word' id='word_1_294' title='bbox 628 2143 712 2200; x_wconf 91' lang='lat' dir='ltr'><strong>libris</strong></span> <span class='ocrx_word' id='word_1_295' title='bbox 727 2143 819 2201; x_wconf 90' lang='lat' dir='ltr'><strong>sacris</strong></span> <span class='ocrx_word' id='word_1_296' title='bbox 834 2142 944 2216; x_wconf 83' lang='lat' dir='ltr'><strong>scripta</strong></span> <span class='ocrx_word' id='word_1_297' title='bbox 997 2143 1133 2217; x_wconf 86' lang='lat' dir='ltr'><strong>colligere</strong></span> <span class='ocrx_word' id='word_1_298' title='bbox 1145 2144 1277 2215; x_wconf 82' lang='lat' dir='ltr'><strong>potestis.</strong></span> <span class='ocrx_word' id='word_1_299' title='bbox 1289 2142 1360 2207; x_wconf 84' lang='lat' dir='ltr'><strong>Quis</strong></span> <span class='ocrx_word' id='word_1_300' title='bbox 1374 2142 1452 2199; x_wconf 90' lang='lat' dir='ltr'><strong>enim</strong></span> <span class='ocrx_word' id='word_1_301' title='bbox 1468 2140 1595 2214; x_wconf 84' lang='lat' dir='ltr'><strong>agricola</strong></span> <span class='ocrx_word' id='word_1_302' title='bbox 1609 2139 1822 2214; x_wconf 73' lang='lat' dir='ltr'><strong>agricultorem</strong></span> 
     </span>
     <span class='ocr_line' id='line_1_22' title="bbox 121 2226 1822 2305; baseline -0.001 -18"><span class='ocrx_word' id='word_1_303' title='bbox 121 2227 282 2287; x_wconf 81' lang='lat' dir='ltr'><strong>intentione</strong></span> <span class='ocrx_word' id='word_1_304' title='bbox 305 2246 424 2287; x_wconf 89' lang='lat' dir='ltr'><strong>summa</strong></span> <span class='ocrx_word' id='word_1_305' title='bbox 450 2229 586 2305; x_wconf 89' lang='lat' dir='ltr'><strong>legantur</strong></span> <span class='ocrx_word' id='word_1_306' title='bbox 612 2237 641 2288; x_wconf 89' lang='lat' dir='ltr'><strong>et</strong></span> <span class='ocrx_word' id='word_1_307' title='bbox 668 2248 732 2304; x_wconf 82' lang='lat' dir='ltr'><strong>qus</strong></span> <span class='ocrx_word' id='word_1_308' title='bbox 760 2232 846 2289; x_wconf 90' lang='lat' dir='ltr'><strong>nohis</strong></span> <span class='ocrx_word' id='word_1_309' title='bbox 874 2236 945 2288; x_wconf 90' lang='lat' dir='ltr'><strong>sunt</strong></span> <span class='ocrx_word' id='word_1_310' title='bbox 997 2236 1137 2303; x_wconf 84' lang='lat' dir='ltr'><strong>exerceat,</strong></span> <span class='ocrx_word' id='word_1_311' title='bbox 1154 2231 1209 2289; x_wconf 92' lang='lat' dir='ltr'><strong>nisi</strong></span> <span class='ocrx_word' id='word_1_312' title='bbox 1234 2231 1421 2303; x_wconf 84' lang='lat' dir='ltr'><strong>aliquatenus</strong></span> <span class='ocrx_word' id='word_1_313' title='bbox 1435 2228 1653 2303; x_wconf 76' lang='lat' dir='ltr'><strong>profectuosum</strong></span> <span class='ocrx_word' id='word_1_314' title='bbox 1677 2228 1736 2285; x_wconf 91' lang='lat' dir='ltr'><strong>sibi</strong></span> <span class='ocrx_word' id='word_1_315' title='bbox 1761 2226 1822 2285; x_wconf 81' lang='lat' dir='ltr'><strong>fers</strong></span> 
     </span>
     <span class='ocr_line' id='line_1_23' title="bbox 120 2315 1821 2396; baseline 0 -23"><span class='ocrx_word' id='word_1_316' title='bbox 120 2316 255 2375; x_wconf 79' lang='lat' dir='ltr'><strong>iacienda</strong></span> <span class='ocrx_word' id='word_1_317' title='bbox 282 2335 317 2375; x_wconf 81' lang='lat' dir='ltr'><strong>ex</strong></span> <span class='ocrx_word' id='word_1_318' title='bbox 343 2335 445 2376; x_wconf 91' lang='lat' dir='ltr'><strong>eorum</strong></span> <span class='ocrx_word' id='word_1_319' title='bbox 474 2320 597 2378; x_wconf 87' lang='lat' dir='ltr'><strong>lectione</strong></span> <span class='ocrx_word' id='word_1_320' title='bbox 622 2320 820 2394; x_wconf 85' lang='lat' dir='ltr'><strong>aliquatemus</strong></span> <span class='ocrx_word' id='word_1_321' title='bbox 848 2320 943 2394; x_wconf 86' lang='lat' dir='ltr'><strong>iospi·</strong></span> <span class='ocrx_word' id='word_1_322' title='bbox 997 2326 1095 2396; x_wconf 87' lang='lat' dir='ltr'><strong>speret</strong></span> <span class='ocrx_word' id='word_1_323' title='bbox 1118 2323 1149 2378; x_wconf 88' lang='lat' dir='ltr'><strong>et</strong></span> <span class='ocrx_word' id='word_1_324' title='bbox 1170 2320 1292 2378; x_wconf 77' lang='lat' dir='ltr'><strong>eradat?</strong></span> <span class='ocrx_word' id='word_1_325' title='bbox 1311 2323 1363 2376; x_wconf 90' lang='lat' dir='ltr'><strong>aut</strong></span> <span class='ocrx_word' id='word_1_326' title='bbox 1384 2320 1531 2391; x_wconf 88' lang='lat' dir='ltr'><strong>quomodo</strong></span> <span class='ocrx_word' id='word_1_327' title='bbox 1553 2317 1671 2391; x_wconf 86' lang='lat' dir='ltr'><strong>aliquod</strong></span> <span class='ocrx_word' id='word_1_328' title='bbox 1687 2315 1821 2374; x_wconf 82' lang='lat' dir='ltr'><strong>studium</strong></span> 
     </span>
     <span class='ocr_line' id='line_1_24' title="bbox 121 2402 1823 2484; baseline 0.001 -22"><span class='ocrx_word' id='word_1_329' title='bbox 121 2406 247 2463; x_wconf 84' lang='lat' dir='ltr'><strong>cientur.</strong></span> <span class='ocrx_word' id='word_1_330' title='bbox 997 2413 1095 2484; x_wconf 89' lang='lat' dir='ltr'><strong>potest</strong></span> <span class='ocrx_word' id='word_1_331' title='bbox 1107 2409 1244 2476; x_wconf 81' lang='lat' dir='ltr'><strong>exerceri,</strong></span> <span class='ocrx_word' id='word_1_332' title='bbox 1260 2407 1316 2465; x_wconf 88' lang='lat' dir='ltr'><strong>nisi</strong></span> <span class='ocrx_word' id='word_1_333' title='bbox 1332 2407 1452 2481; x_wconf 74' lang='lat' dir='ltr'><strong>eruperit</strong></span> <span class='ocrx_word' id='word_1_334' title='bbox 1465 2407 1582 2464; x_wconf 81' lang='lat' dir='ltr'><strong>amari?</strong></span> <span class='ocrx_word' id='word_1_335' title='bbox 1607 2402 1659 2463; x_wconf 86' lang='lat' dir='ltr'><strong>aut</strong></span> <span class='ocrx_word' id='word_1_336' title='bbox 1672 2406 1742 2478; x_wconf 90' lang='lat' dir='ltr'><strong>qnis</strong></span> <span class='ocrx_word' id='word_1_337' title='bbox 1756 2405 1823 2463; x_wconf 87' lang='lat' dir='ltr'><strong>sine</strong></span> 
     </span>
     <span class='ocr_line' id='line_1_25' title="bbox 436 2494 1821 2570; baseline -0.001 -17"><span class='ocrx_word' id='word_1_338' title='bbox 436 2496 555 2554; x_wconf 72' lang='lat' dir='ltr'>CAPUT</span> <span class='ocrx_word' id='word_1_339' title='bbox 579 2498 625 2555; x_wconf 89' lang='lat' dir='ltr'><strong>Vl.</strong></span> <span class='ocrx_word' id='word_1_340' title='bbox 997 2498 1083 2556; x_wconf 70' lang='lat' dir='ltr'><strong>tudio</strong></span> <span class='ocrx_word' id='word_1_341' title='bbox 1098 2499 1197 2570; x_wconf 91' lang='lat' dir='ltr'><strong>ipsum</strong></span> <span class='ocrx_word' id='word_1_342' title='bbox 1210 2497 1320 2555; x_wconf 89' lang='lat' dir='ltr'><strong>victum</strong></span> <span class='ocrx_word' id='word_1_343' title='bbox 1333 2496 1512 2570; x_wconf 87' lang='lat' dir='ltr'><strong>corporalem</strong></span> <span class='ocrx_word' id='word_1_344' title='bbox 1526 2495 1641 2553; x_wconf 89' lang='lat' dir='ltr'><strong>cunctis</strong></span> <span class='ocrx_word' id='word_1_345' title='bbox 1653 2494 1821 2552; x_wconf 79' lang='lat' dir='ltr'><strong>viventibus</strong></span> 
     </span>
     <span class='ocr_line' id='line_1_26' title="bbox 120 2582 1822 2660; baseline 0.001 -20"><span class='ocrx_word' id='word_1_346' title='bbox 120 2582 255 2640; x_wconf 73' lang='lat' dir='ltr'><strong>Dicentur</strong></span> <span class='ocrx_word' id='word_1_347' title='bbox 269 2583 366 2640; x_wconf 80' lang='lat' dir='ltr'><strong>clerici</strong></span> <span class='ocrx_word' id='word_1_348' title='bbox 378 2599 438 2656; x_wconf 85' lang='lat' dir='ltr'><strong>quse</strong></span> <span class='ocrx_word' id='word_1_349' title='bbox 453 2585 532 2641; x_wconf 81' lang='lat' dir='ltr'><strong>laicis</strong></span> <span class='ocrx_word' id='word_1_350' title='bbox 548 2587 708 2659; x_wconf 72' lang='lat' dir='ltr'><strong>predicent,</strong></span> <span class='ocrx_word' id='word_1_351' title='bbox 723 2595 754 2644; x_wconf 87' lang='lat' dir='ltr'><strong>ut</strong></span> <span class='ocrx_word' id='word_1_352' title='bbox 773 2589 850 2660; x_wconf 73' lang='lat' dir='ltr'><strong>(rupi</strong></span> <span class='ocrx_word' id='word_1_353' title='bbox 871 2589 941 2644; x_wconf 83' lang='lat' dir='ltr'><strong>sint.</strong></span> <span class='ocrx_word' id='word_1_354' title='bbox 997 2585 1195 2643; x_wconf 89' lang='lat' dir='ltr'><strong>neceesarium</strong></span> <span class='ocrx_word' id='word_1_355' title='bbox 1211 2586 1359 2659; x_wconf 89' lang='lat' dir='ltr'><strong>percipere</strong></span> <span class='ocrx_word' id='word_1_356' title='bbox 1372 2583 1458 2656; x_wconf 89' lang='lat' dir='ltr'><strong>valet,</strong></span> <span class='ocrx_word' id='word_1_357' title='bbox 1473 2585 1532 2642; x_wconf 88' lang='lat' dir='ltr'><strong>nisi</strong></span> <span class='ocrx_word' id='word_1_358' title='bbox 1547 2583 1647 2658; x_wconf 91' lang='lat' dir='ltr'><strong>aliqua</strong></span> <span class='ocrx_word' id='word_1_359' title='bbox 1664 2582 1763 2642; x_wconf 90' lang='lat' dir='ltr'><strong>esurie</strong></span> <span class='ocrx_word' id='word_1_360' title='bbox 1786 2596 1822 2641; x_wconf 79' lang='lat' dir='ltr'><strong>ac</strong></span> 
     </span>
     <span class='ocr_line' id='line_1_27' title="bbox 156 2668 1822 2746; baseline 0.001 -19"><span class='ocrx_word' id='word_1_361' title='bbox 156 2670 266 2728; x_wconf 79' lang='lat' dir='ltr'><strong>Deinde</strong></span> <span class='ocrx_word' id='word_1_362' title='bbox 288 2671 446 2730; x_wconf 80' lang='lat' dir='ltr'><strong>exhortans</strong></span> <span class='ocrx_word' id='word_1_363' title='bbox 471 2677 501 2730; x_wconf 86' lang='lat' dir='ltr'><strong>et</strong></span> <span class='ocrx_word' id='word_1_364' title='bbox 523 2674 624 2746; x_wconf 74' lang='lat' dir='ltr'><strong>laicus,</strong></span> <span class='ocrx_word' id='word_1_365' title='bbox 647 2692 705 2732; x_wconf 90' lang='lat' dir='ltr'><strong>non</strong></span> <span class='ocrx_word' id='word_1_366' title='bbox 729 2692 779 2733; x_wconf 90' lang='lat' dir='ltr'><strong>eos</strong></span> <span class='ocrx_word' id='word_1_367' title='bbox 803 2677 839 2734; x_wconf 83' lang='lat' dir='ltr'><strong>ed</strong></span> <span class='ocrx_word' id='word_1_368' title='bbox 862 2676 943 2732; x_wconf 90' lang='lat' dir='ltr'><strong>illius</strong></span> <span class='ocrx_word' id='word_1_369' title='bbox 997 2676 1046 2733; x_wconf 88' lang='lat' dir='ltr'><strong>siti</strong></span> <span class='ocrx_word' id='word_1_370' title='bbox 1060 2675 1097 2731; x_wconf 89' lang='lat' dir='ltr'><strong>ad</strong></span> <span class='ocrx_word' id='word_1_371' title='bbox 1112 2674 1168 2730; x_wconf 90' lang='lat' dir='ltr'><strong>hoo</strong></span> <span class='ocrx_word' id='word_1_372' title='bbox 1181 2668 1669 2746; x_wconf 71' lang='lat' dir='ltr'><strong>incinerasednaoipsesomnus</strong></span> <span class='ocrx_word' id='word_1_373' title='bbox 1684 2671 1822 2730; x_wconf 86' lang='lat' dir='ltr'><strong>nisicum</strong></span> 
     </span>
     <span class='ocr_line' id='line_1_28' title="bbox 121 2759 1825 2838; baseline 0 -19"><span class='ocrx_word' id='word_1_374' title='bbox 121 2759 277 2833; x_wconf 76' lang='lat' dir='ltr'><strong>scripture</strong></span> <span class='ocrx_word' id='word_1_375' title='bbox 292 2760 458 2835; x_wconf 87' lang='lat' dir='ltr'><strong>lectionem,</strong></span> <span class='ocrx_word' id='word_1_376' title='bbox 474 2763 544 2836; x_wconf 87' lang='lat' dir='ltr'><strong>quia</strong></span> <span class='ocrx_word' id='word_1_377' title='bbox 559 2763 618 2821; x_wconf 91' lang='lat' dir='ltr'><strong>iliis</strong></span> <span class='ocrx_word' id='word_1_378' title='bbox 633 2764 733 2838; x_wconf 88' lang='lat' dir='ltr'><strong>ignota</strong></span> <span class='ocrx_word' id='word_1_379' title='bbox 747 2769 801 2834; x_wconf 90' lang='lat' dir='ltr'><strong>est,</strong></span> <span class='ocrx_word' id='word_1_380' title='bbox 817 2765 942 2835; x_wconf 88' lang='lat' dir='ltr'><strong>adduco,</strong></span> <span class='ocrx_word' id='word_1_381' title='bbox 997 2764 1209 2822; x_wconf 86' lang='lat' dir='ltr'><strong>delectamento</strong></span> <span class='ocrx_word' id='word_1_382' title='bbox 1223 2762 1322 2835; x_wconf 91' lang='lat' dir='ltr'><strong>aliquo</strong></span> <span class='ocrx_word' id='word_1_383' title='bbox 1337 2762 1507 2836; x_wconf 89' lang='lat' dir='ltr'><strong>percipitur.</strong></span> <span class='ocrx_word' id='word_1_384' title='bbox 1517 2764 1670 2836; x_wconf 82' lang='lat' dir='ltr'><strong>Camergo</strong></span> <span class='ocrx_word' id='word_1_385' title='bbox 1685 2762 1748 2819; x_wconf 82' lang='lat' dir='ltr'><strong>haee</strong></span> <span class='ocrx_word' id='word_1_386' title='bbox 1762 2776 1825 2819; x_wconf 86' lang='lat' dir='ltr'><strong>orn·</strong></span> 
     </span>
     <span class='ocr_line' id='line_1_29' title="bbox 123 2849 1825 2927; baseline 0 -19"><span class='ocrx_word' id='word_1_387' title='bbox 123 2851 174 2909; x_wconf 88' lang='lat' dir='ltr'><strong>sed</strong></span> <span class='ocrx_word' id='word_1_388' title='bbox 194 2854 227 2906; x_wconf 89' lang='lat' dir='ltr'><strong>nt</strong></span> <span class='ocrx_word' id='word_1_389' title='bbox 249 2867 267 2906; x_wconf 90' lang='lat' dir='ltr'><strong>a</strong></span> <span class='ocrx_word' id='word_1_390' title='bbox 289 2849 403 2907; x_wconf 89' lang='lat' dir='ltr'><strong>clericis</strong></span> <span class='ocrx_word' id='word_1_391' title='bbox 418 2853 553 2924; x_wconf 76' lang='lat' dir='ltr'><strong>quaedam</strong></span> <span class='ocrx_word' id='word_1_392' title='bbox 568 2870 621 2926; x_wconf 92' lang='lat' dir='ltr'><strong>pro</strong></span> <span class='ocrx_word' id='word_1_393' title='bbox 636 2854 815 2926; x_wconf 90' lang='lat' dir='ltr'><strong>quotidianis</strong></span> <span class='ocrx_word' id='word_1_394' title='bbox 830 2855 943 2927; x_wconf 84' lang='lat' dir='ltr'><strong>experi·</strong></span> <span class='ocrx_word' id='word_1_395' title='bbox 997 2853 1047 2909; x_wconf 84' lang='lat' dir='ltr'><strong>sia</strong></span> <span class='ocrx_word' id='word_1_396' title='bbox 1057 2853 1098 2909; x_wconf 90' lang='lat' dir='ltr'><strong>ita</strong></span> <span class='ocrx_word' id='word_1_397' title='bbox 1111 2851 1300 2925; x_wconf 86' lang='lat' dir='ltr'><strong>corporaliter</strong></span> <span class='ocrx_word' id='word_1_398' title='bbox 1311 2867 1377 2909; x_wconf 89' lang='lat' dir='ltr'><strong>esse</strong></span> <span class='ocrx_word' id='word_1_399' title='bbox 1392 2850 1502 2923; x_wconf 86' lang='lat' dir='ltr'><strong>sciatis,</strong></span> <span class='ocrx_word' id='word_1_400' title='bbox 1514 2851 1717 2924; x_wconf 80' lang='lat' dir='ltr'><strong>petiteintima</strong></span> <span class='ocrx_word' id='word_1_401' title='bbox 1727 2851 1825 2908; x_wconf 86' lang='lat' dir='ltr'><strong>inten-</strong></span> 
     </span>
     <span class='ocr_line' id='line_1_30' title="bbox 122 2937 1825 3015; baseline 0 -19"><span class='ocrx_word' id='word_1_402' title='bbox 122 2937 230 2997; x_wconf 80' lang='lat' dir='ltr'><strong>montis</strong></span> <span class='ocrx_word' id='word_1_403' title='bbox 246 2939 367 3012; x_wconf 68' lang='lat' dir='ltr'><strong>cognite</strong></span> <span class='ocrx_word' id='word_1_404' title='bbox 383 2939 592 2999; x_wconf 85' lang='lat' dir='ltr'><strong>similitudines</strong></span> <span class='ocrx_word' id='word_1_405' title='bbox 618 2943 788 3015; x_wconf 85' lang='lat' dir='ltr'><strong>aperiantur</strong></span> <span class='ocrx_word' id='word_1_406' title='bbox 811 2944 942 3001; x_wconf 89' lang='lat' dir='ltr'><strong>obsecro.</strong></span> <span class='ocrx_word' id='word_1_407' title='bbox 997 2942 1076 2999; x_wconf 88' lang='lat' dir='ltr'><strong>tione</strong></span> <span class='ocrx_word' id='word_1_408' title='bbox 1094 2956 1113 2998; x_wconf 90' lang='lat' dir='ltr'><strong>a</strong></span> <span class='ocrx_word' id='word_1_409' title='bbox 1127 2941 1251 2998; x_wconf 87' lang='lat' dir='ltr'><strong>Domino</strong></span> <span class='ocrx_word' id='word_1_410' title='bbox 1265 2946 1299 2997; x_wconf 90' lang='lat' dir='ltr'><strong>ut</strong></span> <span class='ocrx_word' id='word_1_411' title='bbox 1312 2957 1346 3000; x_wconf 87' lang='lat' dir='ltr'><strong>ea</strong></span> <span class='ocrx_word' id='word_1_412' title='bbox 1359 2939 1553 3014; x_wconf 74' lang='lat' dir='ltr'><strong>spiritualiter</strong></span> <span class='ocrx_word' id='word_1_413' title='bbox 1567 2939 1676 2997; x_wconf 81' lang='lat' dir='ltr'><strong>imitari</strong></span> <span class='ocrx_word' id='word_1_414' title='bbox 1689 2938 1825 2997; x_wconf 81' lang='lat' dir='ltr'><strong>valeatis.</strong></span> 
     </span>
     <span class='ocr_line' id='line_1_31' title="bbox 122 3028 1826 3104; baseline 0.001 -18"><span class='ocrx_word' id='word_1_415' title='bbox 122 3028 242 3087; x_wconf 87' lang='lat' dir='ltr'><strong>Dicatur</strong></span> <span class='ocrx_word' id='word_1_416' title='bbox 256 3028 355 3101; x_wconf 78' lang='lat' dir='ltr'><strong>itaq-uc</strong></span> <span class='ocrx_word' id='word_1_417' title='bbox 369 3028 412 3086; x_wconf 87' lang='lat' dir='ltr'><strong>eis</strong></span> <span class='ocrx_word' id='word_1_418' title='bbox 431 3045 468 3086; x_wconf 91' lang='lat' dir='ltr'><strong>ne</strong></span> <span class='ocrx_word' id='word_1_419' title='bbox 487 3047 541 3104; x_wconf 90' lang='lat' dir='ltr'><strong>pro</strong></span> <span class='ocrx_word' id='word_1_420' title='bbox 555 3046 589 3087; x_wconf 85' lang='lat' dir='ltr'><strong>eo</strong></span> <span class='ocrx_word' id='word_1_421' title='bbox 603 3032 683 3104; x_wconf 89' lang='lat' dir='ltr'><strong>quod</strong></span> <span class='ocrx_word' id='word_1_422' title='bbox 697 3031 810 3090; x_wconf 82' lang='lat' dir='ltr'><strong>litteras</strong></span> <span class='ocrx_word' id='word_1_423' title='bbox 825 3034 944 3091; x_wconf 86' lang='lat' dir='ltr'><strong>nescitis</strong></span> <span class='ocrx_word' id='word_1_424' title='bbox 997 3030 1230 3103; x_wconf 69' lang='lat' dir='ltr'><strong>primoquidem</strong></span> <span class='ocrx_word' id='word_1_425' title='bbox 1244 3035 1276 3086; x_wconf 88' lang='lat' dir='ltr'><strong>ut</strong></span> <span class='ocrx_word' id='word_1_426' title='bbox 1291 3030 1322 3086; x_wconf 93' lang='lat' dir='ltr'><strong>in</strong></span> <span class='ocrx_word' id='word_1_427' title='bbox 1336 3044 1404 3087; x_wconf 90' lang='lat' dir='ltr'><strong>eum</strong></span> <span class='ocrx_word' id='word_1_428' title='bbox 1419 3035 1497 3087; x_wconf 87' lang='lat' dir='ltr'><strong>recte</strong></span> <span class='ocrx_word' id='word_1_429' title='bbox 1509 3029 1655 3098; x_wconf 52' lang='lat' dir='ltr'><strong>endan„</strong></span> <span class='ocrx_word' id='word_1_430' title='bbox 1670 3028 1779 3087; x_wconf 69' lang='lat' dir='ltr'><strong>tunde</strong></span> <span class='ocrx_word' id='word_1_431' title='bbox 1793 3029 1826 3087; x_wconf 84' lang='lat' dir='ltr'><strong>ut</strong></span> 
     </span>
     <span class='ocr_line' id='line_1_32' title="bbox 122 3116 1826 3193; baseline 0 -18"><span class='ocrx_word' id='word_1_432' title='bbox 122 3117 340 3175; x_wconf 81' lang='lat' dir='ltr'><strong>excusationem</strong></span> <span class='ocrx_word' id='word_1_433' title='bbox 355 3117 484 3191; x_wconf 86' lang='lat' dir='ltr'><strong>aliquam</strong></span> <span class='ocrx_word' id='word_1_434' title='bbox 505 3135 603 3176; x_wconf 88' lang='lat' dir='ltr'><strong>eoram</strong></span> <span class='ocrx_word' id='word_1_435' title='bbox 618 3120 676 3177; x_wconf 85' lang='lat' dir='ltr'><strong>lieo</strong></span> <span class='ocrx_word' id='word_1_436' title='bbox 690 3137 743 3181; x_wconf 89' lang='lat' dir='ltr'><strong>vos</strong></span> <span class='ocrx_word' id='word_1_437' title='bbox 757 3123 864 3180; x_wconf 88' lang='lat' dir='ltr'><strong>habers</strong></span> <span class='ocrx_word' id='word_1_438' title='bbox 875 3136 943 3180; x_wconf 80' lang='lat' dir='ltr'><strong>cre·</strong></span> <span class='ocrx_word' id='word_1_439' title='bbox 998 3135 1066 3177; x_wconf 88' lang='lat' dir='ltr'><strong>eum</strong></span> <span class='ocrx_word' id='word_1_440' title='bbox 1082 3123 1143 3176; x_wconf 89' lang='lat' dir='ltr'><strong>tota</strong></span> <span class='ocrx_word' id='word_1_441' title='bbox 1156 3118 1264 3175; x_wconf 83' lang='lat' dir='ltr'><strong>virtute</strong></span> <span class='ocrx_word' id='word_1_442' title='bbox 1275 3122 1336 3176; x_wconf 88' lang='lat' dir='ltr'><strong>tota</strong></span> <span class='ocrx_word' id='word_1_443' title='bbox 1351 3123 1448 3176; x_wconf 87' lang='lat' dir='ltr'><strong>mente</strong></span> <span class='ocrx_word' id='word_1_444' title='bbox 1462 3119 1590 3193; x_wconf 83' lang='lat' dir='ltr'><strong>diligatis</strong></span> <span class='ocrx_word' id='word_1_445' title='bbox 1603 3136 1611 3188; x_wconf 67' lang='grc' dir='ltr'>ς</span> <span class='ocrx_word' id='word_1_446' title='bbox 1625 3122 1777 3192; x_wconf 80' lang='lat' dir='ltr'><strong>postremo</strong></span> <span class='ocrx_word' id='word_1_447' title='bbox 1792 3116 1826 3175; x_wconf 76' lang='lat' dir='ltr'><strong>ui</strong></span> 
     </span>
     <span class='ocr_line' id='line_1_33' title="bbox 122 3184 1825 3284; baseline 0.001 -21"><span class='ocrx_word' id='word_1_448' title='bbox 122 3203 210 3274; x_wconf 89' lang='lat' dir='ltr'><strong>datis,</strong></span> <span class='ocrx_word' id='word_1_449' title='bbox 220 3205 393 3262; x_wconf 87' lang='lat' dir='ltr'><strong>intimamus</strong></span> <span class='ocrx_word' id='word_1_450' title='bbox 407 3207 489 3264; x_wconf 88' lang='lat' dir='ltr'><strong>vobis</strong></span> <span class='ocrx_word' id='word_1_451' title='bbox 499 3209 645 3280; x_wconf 81' lang='lat' dir='ltr'><strong>quadem,</strong></span> <span class='ocrx_word' id='word_1_452' title='bbox 656 3209 687 3266; x_wconf 91' lang='lat' dir='ltr'><strong>in</strong></span> <span class='ocrx_word' id='word_1_453' title='bbox 701 3211 812 3284; x_wconf 82' lang='lat' dir='ltr'><strong>quibus</strong></span> <span class='ocrx_word' id='word_1_454' title='bbox 823 3212 944 3271; x_wconf 85' lang='lat' dir='ltr'><strong>velutin</strong></span> <span class='ocrx_word' id='word_1_455' title='bbox 958 3184 982 3253; x_wconf 63' lang='grc' dir='ltr'><strong>(ἶ</strong></span> <span class='ocrx_word' id='word_1_456' title='bbox 996 3209 1108 3283; x_wconf 83' lang='lat' dir='ltr'><strong>jugiter</strong></span> <span class='ocrx_word' id='word_1_457' title='bbox 1120 3209 1246 3265; x_wconf 68' lang='lat' dir='ltr'><strong>maeatis</strong></span> <span class='ocrx_word' id='word_1_458' title='bbox 1259 3209 1388 3265; x_wconf 87' lang='lat' dir='ltr'><strong>esuriem</strong></span> <span class='ocrx_word' id='word_1_459' title='bbox 1401 3211 1432 3264; x_wconf 89' lang='lat' dir='ltr'><strong>et</strong></span> <span class='ocrx_word' id='word_1_460' title='bbox 1444 3208 1526 3264; x_wconf 91' lang='lat' dir='ltr'><strong>sitim</strong></span> <span class='ocrx_word' id='word_1_461' title='bbox 1541 3206 1825 3276; x_wconf 66' lang='lat' dir='ltr'><strong>dissolverentur</strong></span> 
     </span>
     <span class='ocr_line' id='line_1_34' title="bbox 121 3292 1824 3376; baseline 0.002 -27"><span class='ocrx_word' id='word_1_462' title='bbox 121 3292 205 3350; x_wconf 89' lang='lat' dir='ltr'><strong>libris</strong></span> <span class='ocrx_word' id='word_1_463' title='bbox 230 3293 363 3366; x_wconf 88' lang='lat' dir='ltr'><strong>quotidie</strong></span> <span class='ocrx_word' id='word_1_464' title='bbox 388 3293 511 3368; x_wconf 88' lang='lat' dir='ltr'><strong>legendo</strong></span> <span class='ocrx_word' id='word_1_465' title='bbox 534 3314 692 3371; x_wconf 87' lang='lat' dir='ltr'><strong>agnoscere</strong></span> <span class='ocrx_word' id='word_1_466' title='bbox 715 3301 848 3373; x_wconf 85' lang='lat' dir='ltr'><strong>potestis,</strong></span> <span class='ocrx_word' id='word_1_467' title='bbox 871 3301 943 3376; x_wconf 87' lang='lat' dir='ltr'><strong>quid</strong></span> <span class='ocrx_word' id='word_1_468' title='bbox 998 3310 1056 3371; x_wconf 81' lang='lat' dir='ltr'><strong>qua</strong></span> <span class='ocrx_word' id='word_1_469' title='bbox 1066 3311 1152 3354; x_wconf 87' lang='lat' dir='ltr'><strong>nemo</strong></span> <span class='ocrx_word' id='word_1_470' title='bbox 1163 3294 1254 3353; x_wconf 90' lang='lat' dir='ltr'><strong>ullam</strong></span> <span class='ocrx_word' id='word_1_471' title='bbox 1261 3296 1410 3370; x_wconf 88' lang='lat' dir='ltr'><strong>justitiam</strong></span> <span class='ocrx_word' id='word_1_472' title='bbox 1419 3295 1517 3370; x_wconf 86' lang='lat' dir='ltr'><strong>potest</strong></span> <span class='ocrx_word' id='word_1_473' title='bbox 1527 3302 1644 3365; x_wconf 67' lang='lat' dir='ltr'><strong>emeret</strong></span> <span class='ocrx_word' id='word_1_474' title='bbox 1660 3295 1713 3368; x_wconf 89' lang='lat' dir='ltr'><strong>qui</strong></span> <span class='ocrx_word' id='word_1_475' title='bbox 1722 3295 1824 3353; x_wconf 74' lang='lat' dir='ltr'><strong>butant</strong></span> 
     </span>
     <span class='ocr_line' id='line_1_35' title="bbox 122 3380 1822 3460; baseline 0 -19"><span class='ocrx_word' id='word_1_476' title='bbox 122 3394 208 3456; x_wconf 82' lang='lat' dir='ltr'><strong>egere</strong></span> <span class='ocrx_word' id='word_1_477' title='bbox 228 3383 369 3440; x_wconf 87' lang='lat' dir='ltr'><strong>debeatis.</strong></span> <span class='ocrx_word' id='word_1_478' title='bbox 386 3384 469 3441; x_wconf 89' lang='lat' dir='ltr'><strong>Sicut</strong></span> <span class='ocrx_word' id='word_1_479' title='bbox 493 3386 583 3459; x_wconf 91' lang='lat' dir='ltr'><strong>igitur</strong></span> <span class='ocrx_word' id='word_1_480' title='bbox 597 3404 667 3460; x_wconf 86' lang='lat' dir='ltr'><strong>apes</strong></span> <span class='ocrx_word' id='word_1_481' title='bbox 681 3388 712 3445; x_wconf 91' lang='lat' dir='ltr'><strong>in</strong></span> <span class='ocrx_word' id='word_1_482' title='bbox 727 3380 814 3447; x_wconf 80' lang='lat' dir='ltr'><strong>variis</strong></span> <span class='ocrx_word' id='word_1_483' title='bbox 828 3389 902 3447; x_wconf 89' lang='lat' dir='ltr'><strong>locis</strong></span> <span class='ocrx_word' id='word_1_484' title='bbox 916 3394 944 3447; x_wconf 88' lang='lat' dir='ltr'><strong>et</strong></span> <span class='ocrx_word' id='word_1_485' title='bbox 998 3403 1056 3444; x_wconf 91' lang='lat' dir='ltr'><strong>non</strong></span> <span class='ocrx_word' id='word_1_486' title='bbox 1072 3389 1152 3442; x_wconf 88' lang='lat' dir='ltr'><strong>amat</strong></span> <span class='ocrx_word' id='word_1_487' title='bbox 1162 3386 1311 3458; x_wconf 79' lang='lat' dir='ltr'><strong>justitiam</strong></span> <span class='ocrx_word' id='word_1_488' title='bbox 1326 3385 1431 3442; x_wconf 81' lang='lat' dir='ltr'><strong>enimn</strong></span> <span class='ocrx_word' id='word_1_489' title='bbox 1446 3385 1528 3443; x_wconf 86' lang='lat' dir='ltr'><strong>illius</strong></span> <span class='ocrx_word' id='word_1_490' title='bbox 1543 3385 1624 3443; x_wconf 80' lang='lat' dir='ltr'><strong>silus</strong></span> <span class='ocrx_word' id='word_1_491' title='bbox 1636 3385 1822 3458; x_wconf 67' lang='lat' dir='ltr'><strong>despectius,</strong></span> 
     </span>
     <span class='ocr_line' id='line_1_36' title="bbox 121 3470 1824 3552; baseline 0.002 -23"><span class='ocrx_word' id='word_1_492' title='bbox 121 3470 151 3529; x_wconf 92' lang='lat' dir='ltr'><strong>in</strong></span> <span class='ocrx_word' id='word_1_493' title='bbox 171 3472 260 3529; x_wconf 86' lang='lat' dir='ltr'><strong>variis</strong></span> <span class='ocrx_word' id='word_1_494' title='bbox 281 3473 405 3531; x_wconf 80' lang='lat' dir='ltr'><strong>floribus</strong></span> <span class='ocrx_word' id='word_1_495' title='bbox 419 3473 515 3531; x_wconf 91' lang='lat' dir='ltr'><strong>mellis</strong></span> <span class='ocrx_word' id='word_1_496' title='bbox 529 3474 674 3548; x_wconf 89' lang='lat' dir='ltr'><strong>liquorem</strong></span> <span class='ocrx_word' id='word_1_497' title='bbox 690 3477 825 3551; x_wconf 77' lang='lat' dir='ltr'><strong>colligere</strong></span> <span class='ocrx_word' id='word_1_498' title='bbox 839 3479 943 3552; x_wconf 87' lang='lat' dir='ltr'><strong>solent,</strong></span> <span class='ocrx_word' id='word_1_499' title='bbox 998 3475 1076 3533; x_wconf 86' lang='lat' dir='ltr'><strong>siout</strong></span> <span class='ocrx_word' id='word_1_500' title='bbox 1091 3474 1179 3531; x_wconf 79' lang='lat' dir='ltr'><strong>edam</strong></span> <span class='ocrx_word' id='word_1_501' title='bbox 1194 3475 1324 3547; x_wconf 90' lang='lat' dir='ltr'><strong>corporis</strong></span> <span class='ocrx_word' id='word_1_502' title='bbox 1344 3476 1409 3547; x_wconf 88' lang='lat' dir='ltr'><strong>ejus</strong></span> <span class='ocrx_word' id='word_1_503' title='bbox 1432 3473 1515 3532; x_wconf 87' lang='lat' dir='ltr'><strong>salus</strong></span> <span class='ocrx_word' id='word_1_504' title='bbox 1538 3474 1588 3548; x_wconf 86' lang='lat' dir='ltr'><strong>qai</strong></span> <span class='ocrx_word' id='word_1_505' title='bbox 1612 3473 1670 3531; x_wconf 87' lang='lat' dir='ltr'><strong>cibi</strong></span> <span class='ocrx_word' id='word_1_506' title='bbox 1692 3472 1824 3533; x_wconf 60' lang='lat' dir='ltr'><strong>&#39;mediiis</strong></span> 
     </span>
     <span class='ocr_line' id='line_1_37' title="bbox 121 3560 1823 3637; baseline 0.001 -19"><span class='ocrx_word' id='word_1_507' title='bbox 121 3562 163 3618; x_wconf 77' lang='lat' dir='ltr'><strong>ite</strong></span> <span class='ocrx_word' id='word_1_508' title='bbox 176 3565 206 3618; x_wconf 88' lang='lat' dir='ltr'><strong>et</strong></span> <span class='ocrx_word' id='word_1_509' title='bbox 217 3577 267 3619; x_wconf 90' lang='lat' dir='ltr'><strong>vos</strong></span> <span class='ocrx_word' id='word_1_510' title='bbox 276 3560 412 3634; x_wconf 86' lang='lat' dir='ltr'><strong>colligere</strong></span> <span class='ocrx_word' id='word_1_511' title='bbox 424 3563 536 3620; x_wconf 86' lang='lat' dir='ltr'><strong>debetis</strong></span> <span class='ocrx_word' id='word_1_512' title='bbox 546 3565 704 3634; x_wconf 88' lang='lat' dir='ltr'><strong>cujuslibet</strong></span> <span class='ocrx_word' id='word_1_513' title='bbox 718 3566 945 3624; x_wconf 91' lang='lat' dir='ltr'><strong>virtutisdulce·</strong></span> <span class='ocrx_word' id='word_1_514' title='bbox 998 3564 1150 3621; x_wconf 87' lang='lat' dir='ltr'><strong>iastidium</strong></span> <span class='ocrx_word' id='word_1_515' title='bbox 1164 3564 1284 3636; x_wconf 86' lang='lat' dir='ltr'><strong>patitur.</strong></span> <span class='ocrx_word' id='word_1_516' title='bbox 1302 3564 1376 3620; x_wconf 87' lang='lat' dir='ltr'><strong>Nem</strong></span> <span class='ocrx_word' id='word_1_517' title='bbox 1391 3564 1428 3620; x_wconf 91' lang='lat' dir='ltr'><strong>de</strong></span> <span class='ocrx_word' id='word_1_518' title='bbox 1442 3568 1568 3637; x_wconf 72' lang='lat' dir='ltr'><strong>utroque</strong></span> <span class='ocrx_word' id='word_1_519' title='bbox 1580 3560 1731 3637; x_wconf 73' lang='lat' dir='ltr'><strong>splsitritli</strong></span> <span class='ocrx_word' id='word_1_520' title='bbox 1744 3562 1823 3621; x_wconf 73' lang='lat' dir='ltr'><strong>vtis</strong></span> 
     </span>
     <span class='ocr_line' id='line_1_38' title="bbox 123 3646 1825 3731; baseline 0.001 -26"><span class='ocrx_word' id='word_1_521' title='bbox 123 3649 232 3706; x_wconf 87' lang='lat' dir='ltr'><strong>dinem.</strong></span> <span class='ocrx_word' id='word_1_522' title='bbox 248 3650 293 3706; x_wconf 79' lang='lat' dir='ltr'><strong>Ab</strong></span> <span class='ocrx_word' id='word_1_523' title='bbox 317 3646 374 3706; x_wconf 87' lang='lat' dir='ltr'><strong>alio</strong></span> <span class='ocrx_word' id='word_1_524' title='bbox 397 3649 476 3708; x_wconf 85' lang='lat' dir='ltr'><strong>enirn</strong></span> <span class='ocrx_word' id='word_1_525' title='bbox 492 3649 656 3724; x_wconf 90' lang='lat' dir='ltr'><strong>colligenda</strong></span> <span class='ocrx_word' id='word_1_526' title='bbox 669 3655 714 3709; x_wconf 90' lang='lat' dir='ltr'><strong>est</strong></span> <span class='ocrx_word' id='word_1_527' title='bbox 730 3653 892 3726; x_wconf 86' lang='lat' dir='ltr'><strong>humilitas,</strong></span> <span class='ocrx_word' id='word_1_528' title='bbox 906 3655 944 3711; x_wconf 83' lang='lat' dir='ltr'><strong>sb</strong></span> <span class='ocrx_word' id='word_1_529' title='bbox 998 3652 1067 3709; x_wconf 89' lang='lat' dir='ltr'><strong>licet</strong></span> <span class='ocrx_word' id='word_1_530' title='bbox 1088 3656 1116 3708; x_wconf 88' lang='lat' dir='ltr'><strong>et</strong></span> <span class='ocrx_word' id='word_1_531' title='bbox 1130 3651 1274 3725; x_wconf 82' lang='lat' dir='ltr'><strong>corporali</strong></span> <span class='ocrx_word' id='word_1_532' title='bbox 1290 3651 1354 3708; x_wconf 89' lang='lat' dir='ltr'><strong>cibo</strong></span> <span class='ocrx_word' id='word_1_533' title='bbox 1367 3651 1511 3709; x_wconf 81' lang='lat' dir='ltr'><strong>Dominus</strong></span> <span class='ocrx_word' id='word_1_534' title='bbox 1526 3652 1598 3709; x_wconf 86' lang='lat' dir='ltr'><strong>dieii</strong></span> <span class='ocrx_word' id='word_1_535' title='bbox 1613 3669 1620 3709; x_wconf 91' lang='lat'><strong>:</strong></span> <span class='ocrx_word' id='word_1_536' title='bbox 1643 3651 1703 3708; x_wconf 80' lang='lat' dir='ltr'><strong>nvn</strong></span> <span class='ocrx_word' id='word_1_537' title='bbox 1718 3653 1752 3707; x_wconf 83' lang='lat' dir='ltr'><strong>s&#39;ts</strong></span> <span class='ocrx_word' id='word_1_538' title='bbox 1766 3650 1825 3731; x_wconf 77' lang='lat' dir='ltr'><strong>teti</strong></span> 
     </span>
     <span class='ocr_line' id='line_1_39' title="bbox 123 3737 1826 3816; baseline 0.001 -20"><span class='ocrx_word' id='word_1_539' title='bbox 123 3737 180 3796; x_wconf 84' lang='lat' dir='ltr'><strong>sliu</strong></span> <span class='ocrx_word' id='word_1_540' title='bbox 193 3738 334 3807; x_wconf 86' lang='lat' dir='ltr'><strong>charitas,</strong></span> <span class='ocrx_word' id='word_1_541' title='bbox 344 3738 381 3795; x_wconf 91' lang='lat' dir='ltr'><strong>ab</strong></span> <span class='ocrx_word' id='word_1_542' title='bbox 392 3737 450 3797; x_wconf 79' lang='lat' dir='ltr'><strong>ulio</strong></span> <span class='ocrx_word' id='word_1_543' title='bbox 459 3740 544 3807; x_wconf 84' lang='lat' dir='ltr'><strong>tides,</strong></span> <span class='ocrx_word' id='word_1_544' title='bbox 556 3740 592 3796; x_wconf 83' lang='lat' dir='ltr'><strong>ab</strong></span> <span class='ocrx_word' id='word_1_545' title='bbox 604 3739 661 3797; x_wconf 91' lang='lat' dir='ltr'><strong>alio</strong></span> <span class='ocrx_word' id='word_1_546' title='bbox 676 3741 826 3815; x_wconf 87' lang='lat' dir='ltr'><strong>patientia,</strong></span> <span class='ocrx_word' id='word_1_547' title='bbox 838 3743 875 3799; x_wconf 86' lang='lat' dir='ltr'><strong>ab</strong></span> <span class='ocrx_word' id='word_1_548' title='bbox 887 3744 945 3802; x_wconf 91' lang='lat' dir='ltr'><strong>alio</strong></span> <span class='ocrx_word' id='word_1_549' title='bbox 996 3757 1070 3816; x_wconf 80' lang='lat' dir='ltr'><strong>parte</strong></span> <span class='ocrx_word' id='word_1_550' title='bbox 1083 3742 1152 3797; x_wconf 82' lang='lat' dir='ltr'><strong>uiuit</strong></span> <span class='ocrx_word' id='word_1_551' title='bbox 1165 3741 1255 3810; x_wconf 65' lang='lat' dir='ltr'><strong>mmo,</strong></span> <span class='ocrx_word' id='word_1_552' title='bbox 1270 3741 1317 3798; x_wconf 84' lang='lat' dir='ltr'><strong>sed</strong></span> <span class='ocrx_word' id='word_1_553' title='bbox 1331 3743 1362 3798; x_wconf 79' lang='lat' dir='ltr'><strong>io</strong></span> <span class='ocrx_word' id='word_1_554' title='bbox 1376 3743 1454 3798; x_wconf 74' lang='lat' dir='ltr'><strong>cuce</strong></span> <span class='ocrx_word' id='word_1_555' title='bbox 1465 3741 1557 3813; x_wconf 71' lang='grc' dir='ltr'><strong><em>υσνόο,</em></strong></span> <span class='ocrx_word' id='word_1_556' title='bbox 1573 3740 1643 3814; x_wconf 82' lang='lat' dir='ltr'><strong>qued</strong></span> <span class='ocrx_word' id='word_1_557' title='bbox 1654 3741 1779 3814; x_wconf 58' lang='lat' dir='ltr'><strong>mii</strong></span> <span class='ocrx_word' id='word_1_558' title='bbox 1791 3738 1826 3798; x_wconf 81' lang='lat' dir='ltr'><strong>is</strong></span> 
     </span>
     <span class='ocr_line' id='line_1_40' title="bbox 123 3825 1824 3904; baseline 0.003 -22"><span class='ocrx_word' id='word_1_559' title='bbox 123 3825 255 3901; x_wconf 85' lang='lat' dir='ltr'><strong>largitas,</strong></span> <span class='ocrx_word' id='word_1_560' title='bbox 272 3827 308 3884; x_wconf 90' lang='lat' dir='ltr'><strong>ab</strong></span> <span class='ocrx_word' id='word_1_561' title='bbox 332 3826 389 3883; x_wconf 77' lang='lat' dir='ltr'><strong>ulio</strong></span> <span class='ocrx_word' id='word_1_562' title='bbox 404 3826 535 3899; x_wconf 87' lang='lat' dir='ltr'><strong>castitas,</strong></span> <span class='ocrx_word' id='word_1_563' title='bbox 551 3828 588 3884; x_wconf 87' lang='lat' dir='ltr'><strong>ab</strong></span> <span class='ocrx_word' id='word_1_564' title='bbox 602 3828 660 3886; x_wconf 85' lang='lat' dir='ltr'><strong>ulio</strong></span> <span class='ocrx_word' id='word_1_565' title='bbox 674 3829 820 3901; x_wconf 90' lang='lat' dir='ltr'><strong>discretio,</strong></span> <span class='ocrx_word' id='word_1_566' title='bbox 836 3832 873 3888; x_wconf 91' lang='lat' dir='ltr'><strong>ab</strong></span> <span class='ocrx_word' id='word_1_567' title='bbox 888 3829 945 3890; x_wconf 91' lang='lat' dir='ltr'><strong>alio</strong></span> <span class='ocrx_word' id='word_1_568' title='bbox 999 3845 1046 3888; x_wconf 82' lang='lat' dir='ltr'><strong>tre</strong></span> <span class='ocrx_word' id='word_1_569' title='bbox 1068 3831 1118 3887; x_wconf 79' lang='lat' dir='ltr'><strong>bct</strong></span> <span class='ocrx_word' id='word_1_570' title='bbox 1139 3830 1247 3900; x_wconf 79' lang='lat' dir='ltr'><strong>(sect.</strong></span> <span class='ocrx_word' id='word_1_571' title='bbox 1264 3847 1302 3900; x_wconf 86' lang='lat' dir='ltr'><strong>rv,</strong></span> <span class='ocrx_word' id='word_1_572' title='bbox 1319 3831 1357 3903; x_wconf 86' lang='lat' dir='ltr'><strong>t).</strong></span> <span class='ocrx_word' id='word_1_573' title='bbox 1382 3829 1413 3887; x_wconf 84' lang='lat' dir='ltr'><strong>si</strong></span> <span class='ocrx_word' id='word_1_574' title='bbox 1427 3829 1680 3904; x_wconf 79' lang='lat' dir='ltr'><strong>tgtturininntas</strong></span> <span class='ocrx_word' id='word_1_575' title='bbox 1693 3829 1824 3887; x_wconf 70' lang='lat' dir='ltr'><strong>musteus</strong></span> 
     </span>
     <span class='ocr_line' id='line_1_41' title="bbox 123 3913 1825 3992; baseline 0.002 -19"><span class='ocrx_word' id='word_1_576' title='bbox 123 3913 375 3989; x_wconf 78' lang='lat' dir='ltr'><strong>eleemosynarum</strong></span> <span class='ocrx_word' id='word_1_577' title='bbox 391 3915 490 3974; x_wconf 90' lang='lat' dir='ltr'><strong>studia</strong></span> <span class='ocrx_word' id='word_1_578' title='bbox 504 3931 727 3990; x_wconf 86' lang='lat' dir='ltr'><strong>pauperumque</strong></span> <span class='ocrx_word' id='word_1_579' title='bbox 741 3935 821 3989; x_wconf 89' lang='lat' dir='ltr'><strong>oure,</strong></span> <span class='ocrx_word' id='word_1_580' title='bbox 837 3920 874 3977; x_wconf 84' lang='lat' dir='ltr'><strong>ab</strong></span> <span class='ocrx_word' id='word_1_581' title='bbox 887 3920 945 3978; x_wconf 89' lang='lat' dir='ltr'><strong>alio</strong></span> <span class='ocrx_word' id='word_1_582' title='bbox 1000 3919 1139 3991; x_wconf 89' lang='lat' dir='ltr'><strong>sitimque</strong></span> <span class='ocrx_word' id='word_1_583' title='bbox 1154 3918 1343 3992; x_wconf 88' lang='lat' dir='ltr'><strong>corporalem,</strong></span> <span class='ocrx_word' id='word_1_584' title='bbox 1359 3918 1542 3992; x_wconf 80' lang='lat' dir='ltr'><strong>spiritualem</strong></span> <span class='ocrx_word' id='word_1_585' title='bbox 1554 3926 1675 3991; x_wconf 73' lang='lat' dir='ltr'><strong>quoque</strong></span> <span class='ocrx_word' id='word_1_586' title='bbox 1686 3916 1825 3976; x_wconf 69' lang='lat' dir='ltr'><strong>ominus</strong></span> 
     </span>
     <span class='ocr_line' id='line_1_42' title="bbox 124 4002 1822 4080; baseline 0.003 -20"><span class='ocrx_word' id='word_1_587' title='bbox 124 4003 182 4060; x_wconf 85' lang='lat' dir='ltr'><strong>alis</strong></span> <span class='ocrx_word' id='word_1_588' title='bbox 196 4002 334 4075; x_wconf 83' lang='lat' dir='ltr'><strong>quelibet</strong></span> <span class='ocrx_word' id='word_1_589' title='bbox 346 4003 449 4061; x_wconf 83' lang='lat' dir='ltr'><strong>virtus.</strong></span> <span class='ocrx_word' id='word_1_590' title='bbox 463 4006 533 4071; x_wconf 81' lang='lat' dir='ltr'><strong>Quae</strong></span> <span class='ocrx_word' id='word_1_591' title='bbox 547 4005 657 4064; x_wconf 86' lang='lat' dir='ltr'><strong>scilicet</strong></span> <span class='ocrx_word' id='word_1_592' title='bbox 671 4007 803 4080; x_wconf 84' lang='lat' dir='ltr'><strong>virtutes,</strong></span> <span class='ocrx_word' id='word_1_593' title='bbox 816 4009 888 4066; x_wconf 89' lang='lat' dir='ltr'><strong>dum</strong></span> <span class='ocrx_word' id='word_1_594' title='bbox 903 4011 946 4068; x_wconf 91' lang='lat' dir='ltr'><strong>sio</strong></span> <span class='ocrx_word' id='word_1_595' title='bbox 999 4008 1075 4078; x_wconf 88' lang='lat' dir='ltr'><strong>ritis,</strong></span> <span class='ocrx_word' id='word_1_596' title='bbox 1092 4022 1243 4080; x_wconf 90' lang='lat' dir='ltr'><strong>nunquam</strong></span> <span class='ocrx_word' id='word_1_597' title='bbox 1268 4024 1285 4063; x_wconf 90' lang='lat' dir='ltr'><strong>a</strong></span> <span class='ocrx_word' id='word_1_598' title='bbox 1307 4007 1384 4064; x_wconf 91' lang='lat' dir='ltr'><strong>bona</strong></span> <span class='ocrx_word' id='word_1_599' title='bbox 1407 4008 1556 4064; x_wconf 88' lang='lat' dir='ltr'><strong>voluntate</strong></span> <span class='ocrx_word' id='word_1_600' title='bbox 1569 4007 1724 4075; x_wconf 86' lang='lat' dir='ltr'><strong>vocabitis,</strong></span> <span class='ocrx_word' id='word_1_601' title='bbox 1739 4006 1822 4065; x_wconf 89' lang='lat' dir='ltr'><strong>oolli-</strong></span> 
     </span>
     <span class='ocr_line' id='line_1_43' title="bbox 124 4089 1825 4172; baseline 0.004 -25"><span class='ocrx_word' id='word_1_602' title='bbox 124 4089 250 4149; x_wconf 80' lang='lat' dir='ltr'><strong>collecte</strong></span> <span class='ocrx_word' id='word_1_603' title='bbox 273 4092 302 4148; x_wconf 92' lang='lat' dir='ltr'><strong>in</strong></span> <span class='ocrx_word' id='word_1_604' title='bbox 322 4091 411 4149; x_wconf 90' lang='lat' dir='ltr'><strong>unius</strong></span> <span class='ocrx_word' id='word_1_605' title='bbox 425 4092 555 4151; x_wconf 90' lang='lat' dir='ltr'><strong>hominis</strong></span> <span class='ocrx_word' id='word_1_606' title='bbox 570 4099 699 4153; x_wconf 87' lang='lat' dir='ltr'><strong>mentem</strong></span> <span class='ocrx_word' id='word_1_607' title='bbox 714 4096 845 4168; x_wconf 90' lang='lat' dir='ltr'><strong>veniunt,</strong></span> <span class='ocrx_word' id='word_1_608' title='bbox 860 4099 946 4172; x_wconf 86' lang='lat' dir='ltr'><strong>quasi</strong></span> <span class='ocrx_word' id='word_1_609' title='bbox 999 4099 1101 4170; x_wconf 86' lang='lat' dir='ltr'><strong>gentes</strong></span> <span class='ocrx_word' id='word_1_610' title='bbox 1126 4096 1219 4151; x_wconf 87' lang='lat' dir='ltr'><strong>instar</strong></span> <span class='ocrx_word' id='word_1_611' title='bbox 1243 4095 1343 4169; x_wconf 89' lang='lat' dir='ltr'><strong>apium</strong></span> <span class='ocrx_word' id='word_1_612' title='bbox 1367 4096 1498 4168; x_wconf 86' lang='lat' dir='ltr'><strong>undique</strong></span> <span class='ocrx_word' id='word_1_613' title='bbox 1523 4094 1648 4169; x_wconf 86' lang='lat' dir='ltr'><strong>alicujus</strong></span> <span class='ocrx_word' id='word_1_614' title='bbox 1661 4095 1782 4154; x_wconf 85' lang='lat' dir='ltr'><strong>virtutis</strong></span> <span class='ocrx_word' id='word_1_615' title='bbox 1795 4099 1825 4154; x_wconf 88' lang='lat' dir='ltr'><strong>st</strong></span> 
     </span>
     <span class='ocr_line' id='line_1_44' title="bbox 123 4178 1823 4260; baseline 0.004 -23"><span class='ocrx_word' id='word_1_616' title='bbox 123 4178 154 4237; x_wconf 90' lang='lat' dir='ltr'><strong>in</strong></span> <span class='ocrx_word' id='word_1_617' title='bbox 165 4196 257 4239; x_wconf 86' lang='lat' dir='ltr'><strong>unum</strong></span> <span class='ocrx_word' id='word_1_618' title='bbox 268 4178 427 4239; x_wconf 85' lang='lat' dir='ltr'><strong>alvearium</strong></span> <span class='ocrx_word' id='word_1_619' title='bbox 437 4182 569 4240; x_wconf 80' lang='lat' dir='ltr'><strong>saveriis</strong></span> <span class='ocrx_word' id='word_1_620' title='bbox 579 4183 702 4244; x_wconf 84' lang='lat' dir='ltr'><strong>floribus</strong></span> <span class='ocrx_word' id='word_1_621' title='bbox 711 4190 848 4260; x_wconf 74' lang='lat' dir='ltr'><strong>excerpts</strong></span> <span class='ocrx_word' id='word_1_622' title='bbox 856 4188 947 4247; x_wconf 85' lang='lat' dir='ltr'><strong>mella</strong></span> <span class='ocrx_word' id='word_1_623' title='bbox 1000 4186 1149 4260; x_wconf 82' lang='lat' dir='ltr'><strong>sapientia</strong></span> <span class='ocrx_word' id='word_1_624' title='bbox 1160 4184 1217 4242; x_wconf 90' lang='lat' dir='ltr'><strong>mel</strong></span> <span class='ocrx_word' id='word_1_625' title='bbox 1229 4185 1307 4243; x_wconf 91' lang='lat' dir='ltr'><strong>sicut</strong></span> <span class='ocrx_word' id='word_1_626' title='bbox 1318 4189 1347 4242; x_wconf 91' lang='lat' dir='ltr'><strong>et</strong></span> <span class='ocrx_word' id='word_1_627' title='bbox 1359 4185 1396 4243; x_wconf 89' lang='lat' dir='ltr'><strong>de</strong></span> <span class='ocrx_word' id='word_1_628' title='bbox 1410 4186 1554 4243; x_wconf 88' lang='lat' dir='ltr'><strong>immenso</strong></span> <span class='ocrx_word' id='word_1_629' title='bbox 1569 4185 1641 4244; x_wconf 90' lang='lat' dir='ltr'><strong>solis</strong></span> <span class='ocrx_word' id='word_1_630' title='bbox 1654 4184 1823 4260; x_wconf 85' lang='lat' dir='ltr'><strong>splendore,</strong></span> 
     </span>
     <span class='ocr_line' id='line_1_45' title="bbox 124 4270 1827 4350; baseline 0.006 -26"><span class='ocrx_word' id='word_1_631' title='bbox 124 4274 331 4343; x_wconf 89' lang='lat' dir='ltr'><strong>congeruntur.</strong></span> <span class='ocrx_word' id='word_1_632' title='bbox 1000 4275 1036 4333; x_wconf 90' lang='lat' dir='ltr'><strong>de</strong></span> <span class='ocrx_word' id='word_1_633' title='bbox 1059 4291 1117 4348; x_wconf 93' lang='lat' dir='ltr'><strong>quo</strong></span> <span class='ocrx_word' id='word_1_634' title='bbox 1141 4274 1260 4332; x_wconf 90' lang='lat' dir='ltr'><strong>interim</strong></span> <span class='ocrx_word' id='word_1_635' title='bbox 1275 4274 1460 4348; x_wconf 84' lang='lat' dir='ltr'><strong>disputantes</strong></span> <span class='ocrx_word' id='word_1_636' title='bbox 1475 4274 1579 4332; x_wconf 82' lang='lat' dir='ltr'><strong>divine</strong></span> <span class='ocrx_word' id='word_1_637' title='bbox 1593 4270 1757 4350; x_wconf 70' lang='lat' dir='ltr'><strong>prasentia</strong></span> <span class='ocrx_word' id='word_1_638' title='bbox 1770 4270 1827 4335; x_wconf 83' lang='lat' dir='ltr'><strong>im·</strong></span> 
     </span>
     <span class='ocr_line' id='line_1_46' title="bbox 161 4359 1827 4441; baseline 0.003 -24"><span class='ocrx_word' id='word_1_639' title='bbox 161 4359 225 4417; x_wconf 88' lang='lat' dir='ltr'><strong>Non</strong></span> <span class='ocrx_word' id='word_1_640' title='bbox 243 4359 340 4419; x_wconf 90' lang='lat' dir='ltr'><strong>solum</strong></span> <span class='ocrx_word' id='word_1_641' title='bbox 362 4365 461 4419; x_wconf 89' lang='lat' dir='ltr'><strong>autem</strong></span> <span class='ocrx_word' id='word_1_642' title='bbox 486 4379 522 4420; x_wconf 75' lang='lat' dir='ltr'><strong>ss</strong></span> <span class='ocrx_word' id='word_1_643' title='bbox 539 4361 723 4434; x_wconf 87' lang='lat' dir='ltr'><strong>bominibus,</strong></span> <span class='ocrx_word' id='word_1_644' title='bbox 738 4364 791 4422; x_wconf 90' lang='lat' dir='ltr'><strong>ssd</strong></span> <span class='ocrx_word' id='word_1_645' title='bbox 814 4365 904 4422; x_wconf 84' lang='lat' dir='ltr'><strong>etium</strong></span> <span class='ocrx_word' id='word_1_646' title='bbox 930 4383 948 4425; x_wconf 91' lang='lat' dir='ltr'><strong>a</strong></span> <span class='ocrx_word' id='word_1_647' title='bbox 1000 4364 1188 4426; x_wconf 89' lang='lat' dir='ltr'><strong>mansitatem</strong></span> <span class='ocrx_word' id='word_1_648' title='bbox 1203 4362 1398 4438; x_wconf 87' lang='lat' dir='ltr'><strong>colligendam</strong></span> <span class='ocrx_word' id='word_1_649' title='bbox 1413 4381 1478 4424; x_wconf 88' lang='lat' dir='ltr'><strong>esse</strong></span> <span class='ocrx_word' id='word_1_650' title='bbox 1495 4363 1636 4423; x_wconf 72' lang='lat' dir='ltr'><strong>immun</strong></span> <span class='ocrx_word' id='word_1_651' title='bbox 1650 4363 1728 4439; x_wconf 64' lang='lat' dir='ltr'><strong>&amp;gs</strong></span> <span class='ocrx_word' id='word_1_652' title='bbox 1751 4380 1827 4441; x_wconf 74' lang='lat' dir='ltr'><strong>que·</strong></span> 
     </span>
     <span class='ocr_line' id='line_1_47' title="bbox 125 4450 1827 4527; baseline 0.002 -19"><span class='ocrx_word' id='word_1_653' title='bbox 125 4450 306 4525; x_wconf 86' lang='lat' dir='ltr'><strong>quibuslibet</strong></span> <span class='ocrx_word' id='word_1_654' title='bbox 320 4452 473 4521; x_wconf 86' lang='lat' dir='ltr'><strong>creaturis,</strong></span> <span class='ocrx_word' id='word_1_655' title='bbox 488 4469 563 4525; x_wconf 84' lang='lat' dir='ltr'><strong>quas</strong></span> <span class='ocrx_word' id='word_1_656' title='bbox 578 4451 709 4525; x_wconf 87' lang='lat' dir='ltr'><strong>quotidie</strong></span> <span class='ocrx_word' id='word_1_657' title='bbox 723 4452 768 4511; x_wconf 92' lang='lat' dir='ltr'><strong>vel</strong></span> <span class='ocrx_word' id='word_1_658' title='bbox 782 4453 887 4514; x_wconf 88' lang='lat' dir='ltr'><strong>videtis</strong></span> <span class='ocrx_word' id='word_1_659' title='bbox 900 4454 946 4514; x_wconf 82' lang='lat' dir='ltr'><strong>rel</strong></span> <span class='ocrx_word' id='word_1_660' title='bbox 999 4452 1320 4526; x_wconf 85' lang='lat' dir='ltr'><strong>tiescunquscumdem</strong></span> <span class='ocrx_word' id='word_1_661' title='bbox 1335 4453 1405 4511; x_wconf 90' lang='lat' dir='ltr'><strong>solis</strong></span> <span class='ocrx_word' id='word_1_662' title='bbox 1420 4453 1605 4527; x_wconf 90' lang='lat' dir='ltr'><strong>splendorem</strong></span> <span class='ocrx_word' id='word_1_663' title='bbox 1620 4457 1684 4512; x_wconf 86' lang='lat' dir='ltr'><strong>tam</strong></span> <span class='ocrx_word' id='word_1_664' title='bbox 1698 4453 1827 4512; x_wconf 83' lang='lat' dir='ltr'><strong>immen-</strong></span> 
     </span>
     <span class='ocr_line' id='line_1_48' title="bbox 125 4539 1830 4621; baseline 0.002 -24"><span class='ocrx_word' id='word_1_665' title='bbox 125 4539 246 4610; x_wconf 88' lang='lat' dir='ltr'><strong>auditis,</strong></span> <span class='ocrx_word' id='word_1_666' title='bbox 254 4545 284 4598; x_wconf 91' lang='lat' dir='ltr'><strong>et</strong></span> <span class='ocrx_word' id='word_1_667' title='bbox 294 4542 331 4598; x_wconf 91' lang='lat' dir='ltr'><strong>de</strong></span> <span class='ocrx_word' id='word_1_668' title='bbox 340 4540 513 4614; x_wconf 78' lang='lat' dir='ltr'><strong>rebusquas</strong></span> <span class='ocrx_word' id='word_1_669' title='bbox 524 4540 622 4614; x_wconf 85' lang='lat' dir='ltr'><strong>aliquo</strong></span> <span class='ocrx_word' id='word_1_670' title='bbox 635 4541 722 4600; x_wconf 93' lang='lat' dir='ltr'><strong>modo</strong></span> <span class='ocrx_word' id='word_1_671' title='bbox 731 4543 848 4600; x_wconf 79' lang='lat' dir='ltr'><strong>sentifis</strong></span> <span class='ocrx_word' id='word_1_672' title='bbox 860 4543 986 4621; x_wconf 71' lang='lat' dir='ltr'><strong>mellan</strong></span> <span class='ocrx_word' id='word_1_673' title='bbox 1002 4557 1068 4600; x_wconf 90' lang='lat' dir='ltr'><strong>sum</strong></span> <span class='ocrx_word' id='word_1_674' title='bbox 1083 4541 1281 4615; x_wconf 83' lang='lat' dir='ltr'><strong>inspexeritis,</strong></span> <span class='ocrx_word' id='word_1_675' title='bbox 1297 4553 1365 4598; x_wconf 81' lang='lat' dir='ltr'><strong>mos</strong></span> <span class='ocrx_word' id='word_1_676' title='bbox 1378 4543 1602 4601; x_wconf 82' lang='lat' dir='ltr'><strong>reminiscentes</strong></span> <span class='ocrx_word' id='word_1_677' title='bbox 1621 4541 1726 4600; x_wconf 81' lang='lat' dir='ltr'><strong>divinti</strong></span> <span class='ocrx_word' id='word_1_678' title='bbox 1749 4540 1830 4617; x_wconf 65' lang='lat' dir='ltr'><strong>pib-</strong></span> 
     </span>
     <span class='ocr_line' id='line_1_49' title="bbox 124 4629 1830 4705; baseline 0.004 -20"><span class='ocrx_word' id='word_1_679' title='bbox 124 4629 268 4688; x_wconf 89' lang='lat' dir='ltr'><strong>virtutum</strong></span> <span class='ocrx_word' id='word_1_680' title='bbox 283 4631 418 4704; x_wconf 89' lang='lat' dir='ltr'><strong>colligere</strong></span> <span class='ocrx_word' id='word_1_681' title='bbox 432 4630 640 4689; x_wconf 78' lang='lat' dir='ltr'><strong>debetisltem</strong></span> <span class='ocrx_word' id='word_1_682' title='bbox 657 4630 832 4705; x_wconf 69' lang='lat' dir='ltr'><strong>iidemque</strong></span> <span class='ocrx_word' id='word_1_683' title='bbox 846 4633 948 4691; x_wconf 83' lang='lat' dir='ltr'><strong>tunda-</strong></span> <span class='ocrx_word' id='word_1_684' title='bbox 1003 4631 1102 4690; x_wconf 83' lang='lat' dir='ltr'><strong>sentia</strong></span> <span class='ocrx_word' id='word_1_685' title='bbox 1128 4636 1157 4690; x_wconf 89' lang='lat' dir='ltr'><strong>et</strong></span> <span class='ocrx_word' id='word_1_686' title='bbox 1183 4630 1310 4689; x_wconf 80' lang='lat' dir='ltr'><strong>scientie</strong></span> <span class='ocrx_word' id='word_1_687' title='bbox 1334 4634 1395 4688; x_wconf 90' lang='lat' dir='ltr'><strong>toto</strong></span> <span class='ocrx_word' id='word_1_688' title='bbox 1424 4631 1532 4690; x_wconf 87' lang='lat' dir='ltr'><strong>mentis</strong></span> <span class='ocrx_word' id='word_1_689' title='bbox 1559 4631 1664 4689; x_wconf 77' lang='lat' dir='ltr'><strong>affectu</strong></span> <span class='ocrx_word' id='word_1_690' title='bbox 1692 4630 1830 4691; x_wconf 61' lang='lat' dir='ltr'><strong>intem</strong></span> 
     </span>
     <span class='ocr_line' id='line_1_50' title="bbox 124 4712 1830 4803; baseline 0 -25"><span class='ocrx_word' id='word_1_691' title='bbox 124 4723 258 4778; x_wconf 83' lang='lat' dir='ltr'><strong>mentum</strong></span> <span class='ocrx_word' id='word_1_692' title='bbox 281 4724 326 4778; x_wconf 88' lang='lat' dir='ltr'><strong>est</strong></span> <span class='ocrx_word' id='word_1_693' title='bbox 339 4721 481 4778; x_wconf 87' lang='lat' dir='ltr'><strong>virtutum</strong></span> <span class='ocrx_word' id='word_1_694' title='bbox 498 4720 642 4789; x_wconf 88' lang='lat' dir='ltr'><strong>omnium,</strong></span> <span class='ocrx_word' id='word_1_695' title='bbox 657 4719 753 4795; x_wconf 90' lang='lat' dir='ltr'><strong>primo</strong></span> <span class='ocrx_word' id='word_1_696' title='bbox 768 4721 905 4796; x_wconf 87' lang='lat' dir='ltr'><strong>colligere</strong></span> <span class='ocrx_word' id='word_1_697' title='bbox 918 4728 949 4781; x_wconf 90' lang='lat' dir='ltr'><strong>et</strong></span> <span class='ocrx_word' id='word_1_698' title='bbox 1001 4720 1170 4788; x_wconf 84' lang='lat' dir='ltr'><strong>Dominum,</strong></span> <span class='ocrx_word' id='word_1_699' title='bbox 1181 4724 1215 4778; x_wconf 91' lang='lat' dir='ltr'><strong>ut</strong></span> <span class='ocrx_word' id='word_1_700' title='bbox 1224 4721 1342 4795; x_wconf 91' lang='lat' dir='ltr'><strong>aliquod</strong></span> <span class='ocrx_word' id='word_1_701' title='bbox 1351 4720 1452 4779; x_wconf 89' lang='lat' dir='ltr'><strong>lumen</strong></span> <span class='ocrx_word' id='word_1_702' title='bbox 1462 4712 1599 4779; x_wconf 77' lang='lat' dir='ltr'><strong>cordibae</strong></span> <span class='ocrx_word' id='word_1_703' title='bbox 1611 4719 1718 4779; x_wconf 71' lang='lat' dir='ltr'><strong>vestffl</strong></span> <span class='ocrx_word' id='word_1_704' title='bbox 1727 4718 1830 4803; x_wconf 72' lang='lat' dir='ltr'><strong>idian-</strong></span> 
     </span>
     <span class='ocr_line' id='line_1_51' title="bbox 123 4806 1830 4885; baseline 0.002 -19"><span class='ocrx_word' id='word_1_705' title='bbox 123 4809 355 4882; x_wconf 87' lang='lat' dir='ltr'><strong>poncrsdshetis</strong></span> <span class='ocrx_word' id='word_1_706' title='bbox 367 4810 396 4866; x_wconf 91' lang='lat' dir='ltr'><strong>in</strong></span> <span class='ocrx_word' id='word_1_707' title='bbox 407 4809 567 4868; x_wconf 84' lang='lat' dir='ltr'><strong>alvearium</strong></span> <span class='ocrx_word' id='word_1_708' title='bbox 579 4810 786 4880; x_wconf 90' lang='lat' dir='ltr'><strong>cordisvestri,</strong></span> <span class='ocrx_word' id='word_1_709' title='bbox 797 4812 949 4871; x_wconf 84' lang='lat' dir='ltr'><strong>credentes</strong></span> <span class='ocrx_word' id='word_1_710' title='bbox 1002 4811 1070 4867; x_wconf 89' lang='lat' dir='ltr'><strong>dere</strong></span> <span class='ocrx_word' id='word_1_711' title='bbox 1085 4809 1232 4884; x_wconf 88' lang='lat' dir='ltr'><strong>dignetur.</strong></span> <span class='ocrx_word' id='word_1_712' title='bbox 1248 4809 1300 4868; x_wconf 85' lang='lat' dir='ltr'><strong>liis</strong></span> <span class='ocrx_word' id='word_1_713' title='bbox 1318 4810 1410 4885; x_wconf 87' lang='lat' dir='ltr'><strong>igitur</strong></span> <span class='ocrx_word' id='word_1_714' title='bbox 1431 4810 1517 4867; x_wconf 89' lang='lat' dir='ltr'><strong>dictis</strong></span> <span class='ocrx_word' id='word_1_715' title='bbox 1541 4811 1577 4867; x_wconf 90' lang='lat' dir='ltr'><strong>de</strong></span> <span class='ocrx_word' id='word_1_716' title='bbox 1601 4808 1672 4879; x_wconf 83' lang='lat' dir='ltr'><strong>sole,</strong></span> <span class='ocrx_word' id='word_1_717' title='bbox 1690 4808 1744 4884; x_wconf 86' lang='lat' dir='ltr'><strong>qui</strong></span> <span class='ocrx_word' id='word_1_718' title='bbox 1759 4806 1830 4869; x_wconf 87' lang='lat' dir='ltr'><strong>ttcst</strong></span> 
     </span>
     <span class='ocr_line' id='line_1_52' title="bbox 124 4894 1830 4973; baseline 0.002 -19"><span class='ocrx_word' id='word_1_719' title='bbox 124 4896 236 4954; x_wconf 89' lang='lat' dir='ltr'><strong>seilicet</strong></span> <span class='ocrx_word' id='word_1_720' title='bbox 242 4901 333 4954; x_wconf 86' lang='lat' dir='ltr'><strong>Deum</strong></span> <span class='ocrx_word' id='word_1_721' title='bbox 341 4898 571 4971; x_wconf 85' lang='lat' dir='ltr'><strong>omnipotentem</strong></span> <span class='ocrx_word' id='word_1_722' title='bbox 581 4900 763 4973; x_wconf 89' lang='lat' dir='ltr'><strong>ubiqueesse</strong></span> <span class='ocrx_word' id='word_1_723' title='bbox 774 4904 948 4973; x_wconf 74' lang='lat' dir='ltr'><strong>presentem</strong></span> <span class='ocrx_word' id='word_1_724' title='bbox 1002 4915 1080 4957; x_wconf 88' lang='lat' dir='ltr'><strong>unus</strong></span> <span class='ocrx_word' id='word_1_725' title='bbox 1090 4901 1144 4957; x_wconf 85' lang='lat' dir='ltr'><strong>ilos</strong></span> <span class='ocrx_word' id='word_1_726' title='bbox 1157 4900 1300 4970; x_wconf 89' lang='lat' dir='ltr'><strong>videatur,</strong></span> <span class='ocrx_word' id='word_1_727' title='bbox 1311 4901 1459 4959; x_wconf 88' lang='lat' dir='ltr'><strong>variarum</strong></span> <span class='ocrx_word' id='word_1_728' title='bbox 1470 4903 1569 4958; x_wconf 86' lang='lat' dir='ltr'><strong>tamen</strong></span> <span class='ocrx_word' id='word_1_729' title='bbox 1578 4900 1720 4958; x_wconf 87' lang='lat' dir='ltr'><strong>virtutum</strong></span> <span class='ocrx_word' id='word_1_730' title='bbox 1737 4894 1830 4958; x_wconf 78' lang='lat' dir='ltr'><strong>snells</strong></span> 
     </span>
     <span class='ocr_line' id='line_1_53' title="bbox 124 4985 1827 5066; baseline 0.002 -23"><span class='ocrx_word' id='word_1_731' title='bbox 124 4987 155 5043; x_wconf 90' lang='lat' dir='ltr'><strong>st</strong></span> <span class='ocrx_word' id='word_1_732' title='bbox 168 4985 313 5057; x_wconf 89' lang='lat' dir='ltr'><strong>omnium,</strong></span> <span class='ocrx_word' id='word_1_733' title='bbox 328 5003 393 5058; x_wconf 79' lang='lat' dir='ltr'><strong>qun</strong></span> <span class='ocrx_word' id='word_1_734' title='bbox 414 5002 432 5041; x_wconf 85' lang='lat' dir='ltr'><strong>u</strong></span> <span class='ocrx_word' id='word_1_735' title='bbox 451 4988 537 5045; x_wconf 89' lang='lat' dir='ltr'><strong>nobis</strong></span> <span class='ocrx_word' id='word_1_736' title='bbox 551 4992 693 5061; x_wconf 90' lang='lat' dir='ltr'><strong>geruntur</strong></span> <span class='ocrx_word' id='word_1_737' title='bbox 706 4988 751 5046; x_wconf 87' lang='lat' dir='ltr'><strong>vel</strong></span> <span class='ocrx_word' id='word_1_738' title='bbox 767 4991 855 5047; x_wconf 83' lang='lat' dir='ltr'><strong>etism</strong></span> <span class='ocrx_word' id='word_1_739' title='bbox 870 4990 947 5066; x_wconf 86' lang='lat' dir='ltr'><strong>cogi-</strong></span> <span class='ocrx_word' id='word_1_740' title='bbox 1001 4989 1070 5045; x_wconf 89' lang='lat' dir='ltr'><strong>inde</strong></span> <span class='ocrx_word' id='word_1_741' title='bbox 1086 4988 1250 5062; x_wconf 88' lang='lat' dir='ltr'><strong>colligenda</strong></span> <span class='ocrx_word' id='word_1_742' title='bbox 1273 5005 1337 5047; x_wconf 88' lang='lat' dir='ltr'><strong>esse</strong></span> <span class='ocrx_word' id='word_1_743' title='bbox 1360 4991 1421 5062; x_wconf 82' lang='lat' dir='ltr'><strong>iam</strong></span> <span class='ocrx_word' id='word_1_744' title='bbox 1444 4989 1579 5048; x_wconf 86' lang='lat' dir='ltr'><strong>audistis.</strong></span> <span class='ocrx_word' id='word_1_745' title='bbox 1595 4986 1701 5047; x_wconf 76' lang='lat' dir='ltr'><strong>Audite</strong></span> <span class='ocrx_word' id='word_1_746' title='bbox 1721 4988 1827 5058; x_wconf 62' lang='lat' dir='ltr'><strong>etism</strong></span> 
     </span>
     <span class='ocr_line' id='line_1_54' title="bbox 123 5074 1828 5151; baseline 0.002 -18"><span class='ocrx_word' id='word_1_747' title='bbox 123 5079 236 5144; x_wconf 63' lang='lat' dir='ltr'><strong>untur,</strong></span> <span class='ocrx_word' id='word_1_748' title='bbox 250 5074 455 5148; x_wconf 87' lang='lat' dir='ltr'><strong>inspectorem.</strong></span> <span class='ocrx_word' id='word_1_749' title='bbox 471 5076 552 5133; x_wconf 88' lang='lat' dir='ltr'><strong>Hauc</strong></span> <span class='ocrx_word' id='word_1_750' title='bbox 567 5083 667 5134; x_wconf 84' lang='lat' dir='ltr'><strong>autem</strong></span> <span class='ocrx_word' id='word_1_751' title='bbox 682 5078 770 5135; x_wconf 83' lang='lat' dir='ltr'><strong>iidem</strong></span> <span class='ocrx_word' id='word_1_752' title='bbox 790 5079 846 5137; x_wconf 92' lang='lat' dir='ltr'><strong>hoe</strong></span> <span class='ocrx_word' id='word_1_753' title='bbox 860 5080 948 5138; x_wconf 90' lang='lat' dir='ltr'><strong>modo</strong></span> <span class='ocrx_word' id='word_1_754' title='bbox 1002 5077 1127 5151; x_wconf 85' lang='lat' dir='ltr'><strong>qualiter</strong></span> <span class='ocrx_word' id='word_1_755' title='bbox 1149 5078 1267 5135; x_wconf 89' lang='lat' dir='ltr'><strong>aliunde</strong></span> <span class='ocrx_word' id='word_1_756' title='bbox 1290 5080 1393 5137; x_wconf 86' lang='lat' dir='ltr'><strong>eadem</strong></span> <span class='ocrx_word' id='word_1_757' title='bbox 1413 5079 1502 5137; x_wconf 85' lang='lat' dir='ltr'><strong>mella</strong></span> <span class='ocrx_word' id='word_1_758' title='bbox 1515 5078 1658 5137; x_wconf 78' lang='lat' dir='ltr'><strong>dodorus</strong></span> <span class='ocrx_word' id='word_1_759' title='bbox 1672 5076 1828 5149; x_wconf 69' lang='lat' dir='ltr'><strong>debentist</strong></span> 
     </span>
     <span class='ocr_line' id='line_1_55' title="bbox 124 5163 1831 5243; baseline 0.003 -21"><span class='ocrx_word' id='word_1_760' title='bbox 124 5164 261 5239; x_wconf 73' lang='lat' dir='ltr'><strong>colligere</strong></span> <span class='ocrx_word' id='word_1_761' title='bbox 284 5163 420 5221; x_wconf 89' lang='lat' dir='ltr'><strong>debetis:</strong></span> <span class='ocrx_word' id='word_1_762' title='bbox 446 5165 586 5222; x_wconf 83' lang='lat' dir='ltr'><strong>sitandite</strong></span> <span class='ocrx_word' id='word_1_763' title='bbox 608 5165 699 5238; x_wconf 88' lang='lat' dir='ltr'><strong>igitur</strong></span> <span class='ocrx_word' id='word_1_764' title='bbox 722 5167 752 5222; x_wconf 89' lang='lat' dir='ltr'><strong>in</strong></span> <span class='ocrx_word' id='word_1_765' title='bbox 777 5168 880 5236; x_wconf 88' lang='lat' dir='ltr'><strong>solam,</strong></span> <span class='ocrx_word' id='word_1_766' title='bbox 896 5168 948 5243; x_wconf 90' lang='lat' dir='ltr'><strong>qui</strong></span> <span class='ocrx_word' id='word_1_767' title='bbox 1001 5181 1097 5240; x_wconf 86' lang='lat' dir='ltr'><strong>neque</strong></span> <span class='ocrx_word' id='word_1_768' title='bbox 1111 5167 1189 5224; x_wconf 92' lang='lat' dir='ltr'><strong>euim</strong></span> <span class='ocrx_word' id='word_1_769' title='bbox 1203 5183 1335 5240; x_wconf 91' lang='lat' dir='ltr'><strong>unquam</strong></span> <span class='ocrx_word' id='word_1_770' title='bbox 1358 5169 1465 5226; x_wconf 89' lang='lat' dir='ltr'><strong>dosunt</strong></span> <span class='ocrx_word' id='word_1_771' title='bbox 1486 5168 1538 5227; x_wconf 79' lang='lat' dir='ltr'><strong>ills</strong></span> <span class='ocrx_word' id='word_1_772' title='bbox 1561 5172 1654 5243; x_wconf 84' lang='lat' dir='ltr'><strong>prata,</strong></span> <span class='ocrx_word' id='word_1_773' title='bbox 1670 5166 1714 5225; x_wconf 88' lang='lat' dir='ltr'><strong>illi</strong></span> <span class='ocrx_word' id='word_1_774' title='bbox 1729 5166 1831 5239; x_wconf 66' lang='lat' dir='ltr'><strong>ssent,</strong></span> 
     </span>
     <span class='ocr_line' id='line_1_56' title="bbox 124 5252 1832 5332; baseline 0.002 -21"><span class='ocrx_word' id='word_1_775' title='bbox 124 5269 192 5311; x_wconf 88' lang='lat' dir='ltr'><strong>cum</strong></span> <span class='ocrx_word' id='word_1_776' title='bbox 203 5253 371 5311; x_wconf 92' lang='lat' dir='ltr'><strong>universum</strong></span> <span class='ocrx_word' id='word_1_777' title='bbox 381 5253 525 5310; x_wconf 91' lang='lat' dir='ltr'><strong>mundum</strong></span> <span class='ocrx_word' id='word_1_778' title='bbox 536 5252 690 5330; x_wconf 83' lang='lat' dir='ltr'><strong>splendore</strong></span> <span class='ocrx_word' id='word_1_779' title='bbox 698 5271 752 5312; x_wconf 92' lang='lat' dir='ltr'><strong>suo</strong></span> <span class='ocrx_word' id='word_1_780' title='bbox 761 5255 947 5316; x_wconf 90' lang='lat' dir='ltr'><strong>circumdans</strong></span> <span class='ocrx_word' id='word_1_781' title='bbox 1001 5257 1080 5314; x_wconf 90' lang='lat' dir='ltr'><strong>unde</strong></span> <span class='ocrx_word' id='word_1_782' title='bbox 1094 5256 1208 5330; x_wconf 90' lang='lat' dir='ltr'><strong>possint</strong></span> <span class='ocrx_word' id='word_1_783' title='bbox 1223 5257 1320 5332; x_wconf 86' lang='lat' dir='ltr'><strong>colligi</strong></span> <span class='ocrx_word' id='word_1_784' title='bbox 1334 5258 1506 5332; x_wconf 78' lang='lat' dir='ltr'><strong>hujusmodi</strong></span> <span class='ocrx_word' id='word_1_785' title='bbox 1530 5258 1629 5329; x_wconf 85' lang='lat' dir='ltr'><strong>mella,</strong></span> <span class='ocrx_word' id='word_1_786' title='bbox 1644 5258 1671 5315; x_wconf 92' lang='lat' dir='ltr'><strong>si</strong></span> <span class='ocrx_word' id='word_1_787' title='bbox 1694 5259 1832 5317; x_wconf 67' lang='lat' dir='ltr'><strong>hatum·</strong></span> 
     </span>
     <span class='ocr_line' id='line_1_57' title="bbox 124 5338 1574 5423; baseline 0.006 -25"><span class='ocrx_word' id='word_1_788' title='bbox 124 5341 261 5411; x_wconf 86' lang='lat' dir='ltr'><strong>illustret,</strong></span> <span class='ocrx_word' id='word_1_789' title='bbox 273 5343 598 5418; x_wconf 87' lang='lat' dir='ltr'><strong>tamanuiacrcatura</strong></span> <span class='ocrx_word' id='word_1_790' title='bbox 609 5347 693 5402; x_wconf 86' lang='lat' dir='ltr'><strong>estet</strong></span> <span class='ocrx_word' id='word_1_791' title='bbox 703 5344 800 5402; x_wconf 85' lang='lat' dir='ltr'><strong>omnis</strong></span> <span class='ocrx_word' id='word_1_792' title='bbox 814 5350 948 5405; x_wconf 81' lang='lat' dir='ltr'><strong>creature</strong></span> <span class='ocrx_word' id='word_1_793' title='bbox 1001 5346 1089 5405; x_wconf 90' lang='lat' dir='ltr'><strong>modo</strong></span> <span class='ocrx_word' id='word_1_794' title='bbox 1103 5346 1165 5406; x_wconf 89' lang='lat' dir='ltr'><strong>siut</strong></span> <span class='ocrx_word' id='word_1_795' title='bbox 1178 5347 1230 5421; x_wconf 90' lang='lat' dir='ltr'><strong>qui</strong></span> <span class='ocrx_word' id='word_1_796' title='bbox 1247 5347 1397 5423; x_wconf 87' lang='lat' dir='ltr'><strong>colligant.</strong></span> <span class='ocrx_word' id='word_1_797' title='bbox 1567 5338 1574 5351; x_wconf 88' lang='lat'>&#39;</span> 
     </span>
     <span class='ocr_line' id='line_1_58' title="bbox 126 5429 948 5503; baseline 0.01 -17"><span class='ocrx_word' id='word_1_798' title='bbox 126 5429 216 5488; x_wconf 91' lang='lat' dir='ltr'><strong>nimis</strong></span> <span class='ocrx_word' id='word_1_799' title='bbox 230 5431 351 5490; x_wconf 83' lang='lat' dir='ltr'><strong>interior</strong></span> <span class='ocrx_word' id='word_1_800' title='bbox 373 5438 417 5490; x_wconf 89' lang='lat' dir='ltr'><strong>est</strong></span> <span class='ocrx_word' id='word_1_801' title='bbox 437 5438 576 5503; x_wconf 85' lang='lat' dir='ltr'><strong>creatore,</strong></span> <span class='ocrx_word' id='word_1_802' title='bbox 591 5433 696 5492; x_wconf 74' lang='lat' dir='ltr'><strong>exinde</strong></span> <span class='ocrx_word' id='word_1_803' title='bbox 709 5433 848 5493; x_wconf 84' lang='lat' dir='ltr'><strong>instructi</strong></span> <span class='ocrx_word' id='word_1_804' title='bbox 862 5435 948 5494; x_wconf 85' lang='lat' dir='ltr'><strong>iscile</strong></span> 
     </span>
     <span class='ocr_line' id='line_1_59' title="bbox 125 5520 945 5599; baseline 0.009 -23"><span class='ocrx_word' id='word_1_805' title='bbox 125 5520 373 5595; x_wconf 87' lang='lat' dir='ltr'><strong>potestiscreders</strong></span> <span class='ocrx_word' id='word_1_806' title='bbox 385 5522 478 5582; x_wconf 89' lang='lat' dir='ltr'><strong>solem</strong></span> <span class='ocrx_word' id='word_1_807' title='bbox 489 5523 576 5599; x_wconf 88' lang='lat' dir='ltr'><strong>longe</strong></span> <span class='ocrx_word' id='word_1_808' title='bbox 588 5522 687 5580; x_wconf 90' lang='lat' dir='ltr'><strong>minus</strong></span> <span class='ocrx_word' id='word_1_809' title='bbox 695 5522 945 5599; x_wconf 86' lang='lat' dir='ltr'><strong>splendorequsm</strong></span> 
     </span>
     <span class='ocr_line' id='line_1_60' title="bbox 125 5611 947 5690; baseline 0.001 -18"><span class='ocrx_word' id='word_1_810' title='bbox 125 5613 297 5672; x_wconf 74' lang='lat' dir='ltr'><strong>mustacem.</strong></span> <span class='ocrx_word' id='word_1_811' title='bbox 307 5611 382 5670; x_wconf 80' lang='lat' dir='ltr'><strong>Nem</strong></span> <span class='ocrx_word' id='word_1_812' title='bbox 391 5613 436 5672; x_wconf 91' lang='lat' dir='ltr'><strong>soi</strong></span> <span class='ocrx_word' id='word_1_813' title='bbox 449 5612 593 5673; x_wconf 72' lang='lat' dir='ltr'><strong>dastmat&#39;</strong></span> <span class='ocrx_word' id='word_1_814' title='bbox 604 5616 721 5675; x_wconf 67' lang='lat' dir='ltr'><strong>nutum</strong></span> <span class='ocrx_word' id='word_1_815' title='bbox 735 5615 833 5689; x_wconf 84' lang='lat' dir='ltr'><strong>potest</strong></span> <span class='ocrx_word' id='word_1_816' title='bbox 846 5614 947 5690; x_wconf 82' lang='lat' dir='ltr'><strong>spten-</strong></span> 
     </span>
    </p>
   </div>
   <div class='ocr_carea' id='block_1_3' title="bbox 0 0 1960 6096">
    <p class='ocr_par' dir='ltr' id='par_1_3' title="bbox 0 0 1960 6096">
     <span class='ocr_line' id='line_1_61' title="bbox 0 0 1960 6096; baseline 0 0"><span class='ocrx_word' id='word_1_817' title='bbox 0 0 1960 6096; x_wconf 95' lang='lat' dir='ltr'><strong> </strong></span> 
     </span>
    </p>
   </div>
  </div>
 </body>
</html>
