3892 6096
73 318 153 382 teet
704 321 899 385 leuatus.
915 354 955 368 -
969 322 1034 386 stt.
1058 323 1150 386 tote.
1698 322 1777 387 teto

69 457 136 511 rant
143 469 200 510 non
207 454 295 511 modo
301 454 445 524 animum,
456 456 507 514 sad
514 473 621 530 corpus
630 458 936 532 quoquesnum¹⁸⁸tA
950 458 1145 516 constantiam
1159 463 1189 516 et
1203 458 1347 516 invictum
1362 457 1516 515 adversum
1534 473 1635 514 omnes
1650 457 1777 515 nefarios

69 544 105 600 de
121 543 240 600 entonis
255 545 284 599 in
299 544 437 619 sigeberg
451 546 687 602 transferendum
698 548 822 615 cenauit,
839 548 894 603 ibi·
951 564 1020 604 suos
1035 553 1158 605 conatus
1173 549 1321 622 spiritum,
1335 547 1469 604 consulto
1479 552 1578 603 tamen
1593 548 1619 603 ei
1631 564 1779 604 successo·

71 649 129 705 que
142 633 259 706 sepeliri
282 635 329 671 ¹⁶⁰²
344 651 375 691 se
390 635 469 690 omni
485 636 572 691 modo
591 637 636 672 ¹⁶⁸⁸
649 637 789 692 delinivit.
806 638 896 694 Cum·
950 653 1011 693 rem
1028 639 1156 694 ordinari
1172 639 1332 712 satagebat,
1349 640 1436 708 cujus
1461 635 1601 692 facilitate
1617 637 1653 693 ad
1678 637 1777 694 omnia

70 738 141 795 qua,
156 723 409 796 appropinquante
432 725 479 780 die
494 725 653 782 vocationis
676 742 747 793 sure,
771 724 895 782 Colonia
950 743 1014 799 qua
1029 727 1115 784 vellet
1128 744 1180 800 pro
1196 728 1278 784 libito
1289 745 1342 784 suo
1353 726 1433 783 abuti
1449 729 1557 797 posset.
1573 725 1775 797 Cumque,diu

68 816 233 884 egrotaret,
256 813 376 884 jamque
390 812 419 867 in
443 817 573 868 extremo
597 814 702 886 spiritu
718 814 895 874 constitutus
950 816 1136 889 multumque
1150 816 1375 882 conatus,nufla
1388 815 1500 872 ratione
1515 820 1547 870 ut
1562 813 1775 888 eligereturob·

69 901 316 956 animadverteret
337 900 478 972 populum
494 901 693 959 coloniensem
709 904 835 976 graviter
850 904 894 959 ni·
949 904 1041 962 tinere
1057 907 1209 979 potuisset,
1221 907 1409 963 Colonienses
1420 903 1527 960 infecto
1539 903 1660 976 negocio
1676 903 1705 958 in
1721 920 1776 959 sua

69 989 127 1044 mis
144 989 216 1044 terre
232 989 310 1060 quod
325 992 385 1043 tam
414 989 600 1046 desiderabili
626 990 763 1049 thesauro
778 993 894 1049 defrau·
949 996 1073 1063 remisit,
1090 995 1256 1068 iterumque
1272 992 1604 1065 mediaquadragesima
1619 992 1738 1059 rectius,
1749 992 1774 1048 si

68 1076 185 1134 dandus
200 1082 296 1134 esset:
310 1077 465 1150 paululum
481 1085 632 1152 resumpto
642 1082 759 1154 spiritu,
774 1081 804 1137 in
820 1082 893 1139 lecto
949 1084 1010 1140 fleri
1028 1090 1135 1156 posset,
1152 1085 1301 1141 consultos
1317 1087 1421 1156 praesto
1445 1098 1510 1138 esse
1535 1081 1688 1154 pracepit;
1705 1097 1775 1137 oon·

67 1167 209 1233 consedit,
226 1174 403 1240 acceptaque
426 1168 501 1224 stola
527 1169 698 1241 pontificali,
715 1177 748 1227 ut
763 1170 894 1227 videlicet
948 1177 1072 1230 testatus
1087 1190 1176 1244 quam
1192 1179 1300 1241 sancte,
1324 1189 1355 1228 se
1375 1172 1439 1227 vivo
1455 1175 1506 1227 aut
1522 1169 1636 1226 nullum
1660 1186 1710 1226 eos
1725 1173 1776 1226 aut

43 1272 46 1277 ·
65 1255 163 1312 verbis
179 1255 245 1328 plus
260 1257 369 1312 inesset
379 1257 571 1326 auctoritatis,
583 1259 743 1316 familiares
757 1276 827 1316 suos
838 1259 892 1315 sub
948 1261 1026 1320 buno
1041 1261 1193 1319 babituros
1208 1279 1273 1319 esse
1288 1262 1468 1334 pontificem.

65 1345 273 1401 testificatione
287 1345 417 1401 nominis
427 1346 518 1403 divini
533 1348 680 1418 adjuravit
695 1365 731 1404 ne
746 1348 814 1404 alibi
825 1364 892 1404 eum
984 1352 1068 1424 (ten.)
1091 1353 1219 1408 Aderant
1247 1355 1386 1424 praterea
1413 1347 1604 1405 Hitdabrandi
1622 1349 1668 1384 ¹⁶⁹⁹
1691 1365 1772 1421 papas

64 1449 157 1506 quam
171 1434 200 1489 iu
221 1434 360 1506 sigeberg
384 1434 454 1507 poni
479 1435 525 1472 ¹⁸²⁸
553 1437 694 1494 sitierant.
712 1438 894 1494 factumest
947 1439 1034 1512 legati
1044 1441 1129 1513 (429),
1147 1442 1358 1496 denunciantes
1374 1438 1434 1512 rogi
1449 1443 1482 1495 ut
1501 1437 1632 1494 secunda
1643 1436 1714 1493 feria
1729 1454 1774 1494 se-

62 1538 135 1594 ergo
147 1523 223 1595 quod
235 1523 377 1593 jusserat.
393 1525 552 1582 Defunctus
566 1527 643 1583 euim
655 1530 721 1601 post
732 1526 895 1599 modicum,¹
946 1529 1049 1584 eunde
1064 1529 1233 1586 ebdomade
1248 1530 1277 1585 in
1301 1527 1529 1603 quadragesima
1550 1527 1626 1598 (430)
1642 1526 1678 1582 ad
1693 1526 1773 1582 sino·

62 1609 160 1685 gloria
174 1612 296 1682 ingenti,
313 1629 419 1684 magno
428 1613 496 1670 cleri
506 1620 535 1671 et
551 1615 644 1689 plebis
659 1616 892 1683 studio,summo
947 1617 1017 1673 dum
1034 1618 1301 1675 Romeocourreret
1315 1618 1352 1673 de
1362 1617 1535 1673 criminibus
1547 1615 1775 1689 qusobjioeren·

63 1703 268 1756 matronarum
283 1699 501 1758 coloniensium
517 1702 608 1770 luctu,
618 1705 648 1759 in
662 1705 802 1778 Sigeberg
815 1703 892 1761 dela·
946 1711 1124 1763 turrensem
1140 1707 1289 1775 dicturus;
1305 1706 1437 1778 alioquin
1453 1706 1581 1762 sciretse
1592 1704 1704 1778 absque
1714 1720 1776 1761 om·

63 1790 126 1855 tiss,
142 1792 230 1860 atque
244 1787 274 1843 in
285 1788 381 1845 medio
396 1789 523 1846 eeclesia
538 1792 673 1863 sepultus
683 1798 728 1849 est
739 1794 825 1865 (428).
837 1794 891 1851 Ubi
906 1824 932 1891 B
947 1795 976 1849 ni
993 1794 1255 1867 procrastinatione
1279 1795 1380 1851 eadem
1406 1795 1453 1850 die
1470 1794 1506 1849 de
1531 1809 1651 1866 corpore
1667 1797 1774 1849 sancte

62 1876 186 1934 cottidie
197 1878 319 1950 perejus
329 1877 525 1936 interventum
536 1879 662 1936 fideliter
673 1882 893 1954 postulantibus
947 1881 1076 1940 ecclesiae
1091 1883 1249 1956 apostolico
1262 1883 1450 1939 anathemate
1470 1883 1683 1938 abscidendum
1698 1897 1773 1938 esse.

63 1965 161 2023 multa
172 1970 348 2039 prestantur
362 1966 467 2024 divinas
476 1968 677 2040 opitulationis
691 1970 842 2028 beneficia.
948 1975 1017 2040 Qua
1031 1971 1136 2047 legatio
1149 1989 1246 2046 regem
1262 1972 1448 2029 vehementer
1472 1970 1615 2043 permovit
1627 1988 1634 2040 ;
1659 1970 1776 2026 statim·

405 2056 553 2115 Mtxxvt.
948 2078 1006 2134 que
1021 2062 1142 2134 abjectis
1156 2077 1223 2117 cum
1239 2060 1318 2135 gravi
1344 2060 1522 2117 contumelia
1537 2058 1652 2132 legatis,
1673 2073 1775 2115 omnes

51 2208 54 2212 ,
102 2148 162 2201 ltex
196 2145 378 2201 nativitatem
418 2145 534 2202 Domini
561 2145 699 2204 Goslaris
727 2148 893 2208 celebravit.
949 2151 999 2222 qui
1020 2151 1065 2187 ¹¹⁰⁰
1080 2152 1109 2206 in
1125 2166 1214 2222 ragno
1229 2166 1283 2206 suo
1297 2153 1397 2204 essent
1425 2149 1577 2221 episcopos
1591 2151 1620 2203 et
1643 2146 1774 2216 abbates,

63 2236 199 2307 Cumque
212 2250 246 2290 eo
257 2235 415 2292 ¹⁸'lomnee
431 2235 512 2308 regni
528 2236 674 2309 principes
689 2243 846 2306 evocasset,
863 2243 895 2295 ut
948 2239 1121 2295 Wormaots
1135 2237 1282 2295 dominica
1296 2236 1518 2309 septuagesimas
1533 2234 1686 2291 convenire
1702 2252 1774 2306 prs·

64 2323 104 2380 de
119 2323 303 2397 principibus
317 2325 461 2397 Saxonis,
476 2326 528 2397 qui
544 2325 573 2381 iu
599 2326 792 2384 dediotionem
806 2344 894 2384 vene·
948 2327 1035 2400 oepit,
1051 2333 1176 2384 tractare
1190 2343 1257 2384 oum
1273 2327 1316 2382 eis
1326 2325 1435 2392 volens,
1449 2326 1483 2381 ad
1499 2324 1704 2397 deponendum
1721 2323 1775 2379 Ro·

64 2416 142 2484 rant,
153 2413 665 2486 communioonsiliodeliberaretur‚
678 2417 894 2488 preterducem
949 2433 1071 2473 manum
1095 2416 1261 2488 pontificem
1291 2416 1391 2488 siqua
1419 2413 1475 2471 sibi
1504 2413 1601 2480 via,si
1628 2413 1774 2486 queratio

64 2501 327 2574 Boemicumpauoi
334 2502 494 2558 admodum
501 2508 653 2559 venerunt.
663 2505 786 2578 abipsis
796 2515 894 2562 tamen
950 2512 1080 2580 pateret;
1098 2505 1127 2561 in
1142 2505 1198 2561 boo
1212 2503 1330 2560 cardine
1345 2508 1437 2559 totam
1449 2502 1521 2558 verti
1537 2508 1619 2558 ratus
1634 2502 1677 2538 ¹⁷⁰¹
1694 2500 1774 2558 salu-

64 2592 118 2665 qui
133 2596 274 2647 venerant
286 2592 496 2664 jusjurandum
510 2592 604 2665 exegit
612 2597 641 2649 et
657 2593 777 2667 accepit,
790 2598 822 2650 ut
836 2611 894 2651 non
948 2600 1009 2650 tem
1025 2611 1109 2650 suam
1138 2597 1168 2650 et
1195 2592 1277 2666 regni
1301 2591 1503 2662 stabilitatem,
1519 2591 1543 2647 si
1568 2589 1594 2648 is
1622 2593 1775 2646 sonasset

64 2679 159 2737 alium
175 2683 241 2752 post
254 2697 322 2736 eum
338 2696 428 2752 quam
444 2680 537 2737 fllium
553 2681 628 2753 ejus,
652 2685 786 2738 tenerum
798 2683 895 2741 adhuc
949 2684 1114 2757 episcopus.

64 2768 255 2833 infantulum,
289 2784 388 2842 regem
411 2769 467 2825 sibi
491 2769 642 2845 eligerent.
669 2771 709 2827 lbi
735 2771 821 2844 Otto„
836 2774 896 2829 dux
986 2779 1053 2846 Ipso
1067 2777 1199 2844 tempore
1222 2769 1345 2844 contigit
1361 2787 1467 2842 papam
1491 2786 1543 2841 per
1558 2768 1773 2826 immissionem

64 2859 214 2933 quondam
230 2857 380 2928 ltajoarie,
397 2859 474 2914 datis
489 2875 541 2932 pro
557 2876 588 2915 se
610 2860 727 2917 duobus
749 2861 817 2917 filiis
832 2863 895 2919 suis
949 2861 1243 2935 Satanaegravissima
1255 2858 1365 2932 pulsari
1373 2857 1773 2924 adversitateouidamurbis

64 2947 235 3016 obsidibus,
251 2948 403 3004 dedicione
416 2947 570 3004 absolutus
583 2953 651 3019 est;
676 2966 729 3005 nec
744 2950 839 3007 solum
864 2952 895 3008 in
950 2952 1104 3025 prefectus
1119 2950 1266 3013 Romane,
1292 2947 1428 3014 Quintius
1454 2948 1583 3015 nomine,
1606 2952 1636 3003 et
1658 2947 1774 3020 generis

63 3038 204 3112 gratiam,
222 3038 273 3093 sed
295 3036 452 3093 intentam
469 3053 585 3110 quoque
606 3037 835 3096 familiaritatem
851 3057 894 3097 re·
950 3041 1082 3096 claritate
1097 3045 1125 3095 ct
1139 3055 1228 3111 opum
1243 3037 1335 3110 gloria
1350 3037 1494 3109 eminens,
1508 3037 1592 3093 valde
1604 3035 1635 3092 in
1645 3040 1708 3092 tota
1722 3035 1777 3091 lta·

63 3131 171 3200 ceptus
186 3131 231 3183 ast
246 3144 263 3183 a
277 3141 355 3201 rege,
369 3130 403 3182 ut
418 3124 518 3182 omnia
527 3126 665 3200 deinceps
679 3127 811 3194 consilia,
831 3134 892 3185 tam
950 3128 990 3184 lia
1000 3127 1094 3184 multa
1104 3127 1134 3183 in
1145 3127 1381 3200 possessionibus
1391 3125 1778 3200 Romaueecclesioeprster
1805 3152 1810 3165 ·

65 3216 104 3273 de
119 3215 234 3288 privata
248 3231 336 3285 quam
352 3216 388 3271 de
399 3231 429 3270 re
444 3215 572 3288 publiea,
583 3217 697 3273 caeteris
708 3216 893 3276 auriculariis
907 3190 930 3262 0
950 3218 1028 3290 teges
1044 3217 1178 3273 faciebat.
1196 3214 1310 3271 l‘erlata
1325 3215 1360 3270 ad
1377 3231 1483 3287 papam
1500 3214 1694 3287 querimonia,
1710 3229 1777 3269 cum

62 3303 244 3362 familiarius
254 3320 365 3361 cumco
375 3305 615 3362 communicaret.
625 3308 852 3379 ceterorumqui
863 3323 895 3365 sa
949 3324 1018 3364 eum
1034 3305 1142 3379 sapius
1157 3304 1287 3360 modeste
1302 3303 1530 3374 corriperet,ner,
1540 3302 1699 3374 quicquam
1716 3316 1779 3373 pro·

62 3393 238 3451 dediderant
253 3408 307 3449 nec
323 3392 434 3449 mentio
447 3392 549 3449 habita
564 3397 618 3451 est.
950 3397 1050 3453 ficeret
1060 3400 1172 3452 secreta
1186 3392 1342 3466 correptio,
1366 3390 1485 3447 tandem
1514 3389 1779 3447 excommunicavit

101 3483 283 3540 coloniensis
298 3481 664 3556 etiamclerusetpopulns
680 3485 716 3540 ad
728 3483 894 3558 eligendum
950 3503 1029 3554 sum,
1055 3483 1217 3542 arbitratus
1246 3483 1299 3538 boc
1327 3480 1430 3537 saltem
1449 3481 1536 3536 modo
1560 3478 1778 3551 improbitatem

61 3569 122 3629 sibi
139 3570 301 3628 antistitem
328 3572 466 3645 frequens
489 3572 679 3628 confluxerat.
708 3572 821 3639 Quibus
847 3591 896 3631 rex
951 3577 1015 3648 aJ'us
1030 3573 1219 3630 coercendam
1234 3572 1305 3627 fore.
1316 3570 1388 3626 ilinc
1401 3568 1560 3641 illemsjori
1571 3568 1617 3604 ¹²⁰¹
1633 3566 1781 3624 dementia

60 3659 227 3719 Hildolfum
266 3661 427 3734 quendam,
455 3659 671 3718 Gestariensem
709 3664 894 3731 canonicum,
950 3661 1277 3733 efferatus,ipsanocte
1303 3656 1409 3714 natalis
1434 3657 1548 3713 Domini
1573 3672 1640 3713 cum
1657 3655 1780 3712 armatis

61 3749 216 3816 offerebat,
227 3752 315 3823 atque
328 3753 360 3805 ut
370 3749 511 3822 eligerent
522 3748 621 3805 dedita
631 3767 720 3822 opera
730 3751 894 3809 insistebat.
950 3753 1102 3826 inopinato
1118 3750 1206 3805 irruit
1220 3749 1249 3804 in
1277 3746 1442 3812 ecclesiam,
1463 3747 1493 3801 in
1509 3762 1567 3818 qna
1592 3762 1679 3818 papa,
1692 3743 1779 3801 vesti-

60 3837 112 3896 llli
127 3842 230 3893 eontra
245 3854 363 3893 summa
377 3853 431 3908 ope
447 3837 627 3906 nitebantur,
639 3839 896 3912 objicientesquod
951 3841 1059 3898 mentis
1074 3837 1292 3912 pontificalibus
1308 3837 1441 3904 indutus,
1458 3851 1541 3892 sacro
1562 3834 1646 3890 altari
1663 3833 1780 3890 astabat

61 3928 157 3985 bomo
170 3932 282 3983 statura
293 3926 573 3999 pusillus¹⁶⁹⁶‚vultu
585 3928 782 4000 despicabilis,
791 3946 897 4003 genera
952 3931 1112 3987 missarum
1127 3926 1272 3984 solemnia
1287 3924 1449 3996 celebrans,
1469 3924 1637 3996 injectaque
1650 3951 1686 3965 -·
1701 3922 1779 3996 quod

62 4017 223 4086 obscurus,
239 4032 293 4072 nec
307 4014 398 4071 animi
419 4031 473 4071 nac
496 4016 627 4088 corporis
641 4017 801 4074 virtutibus
816 4020 896 4089 quio·
951 4021 1030 4078 dictu
1047 4034 1164 4092 quoque
1179 4016 1261 4072 nefas
1285 4018 1330 4071 est
1355 4045 1389 4056 -
1414 4013 1445 4068 in
1460 4011 1582 4086 capillos
1597 4013 1661 4084 ejus
1677 4027 1779 4082 manu,
1833 4050 1838 4059 .

61 4122 158 4180 quam
175 4108 256 4162 tanto
280 4105 442 4162 sacerdotio
458 4102 582 4178 dignum
599 4107 799 4176 pretenderet.
815 4107 897 4167 Unde
952 4098 1055 4166 multis
1071 4104 1259 4165 contumeliis
1274 4104 1411 4160 affectum
1436 4102 1472 4158 de
1487 4100 1610 4158 ecelesia
1625 4099 1778 4173 protraxit,

64 4193 244 4268 indignitate
259 4192 300 4249 rei
315 4193 434 4249 tantais
449 4209 517 4249 eum
529 4193 673 4249 concitata
684 4195 896 4252 suntomnium
951 4204 980 4256 et
995 4199 1179 4272 priusquam,
1194 4194 1310 4267 vulgato
1327 4209 1378 4265 per
1391 4191 1537 4248 civitatem
1552 4206 1678 4256 rumore,
1688 4205 1781 4262 popu-

64 4282 118 4358 qni
133 4282 163 4338 in
178 4287 261 4339 curte
274 4280 355 4357 regis
371 4285 456 4338 erant
470 4280 546 4349 odia,
562 4285 604 4344 ut,
624 4281 718 4337 sicubi
733 4282 762 4338 in
779 4283 897 4355 publico
950 4287 998 4344 lua
1014 4287 1149 4358 frequens
1165 4283 1272 4339 auxilio
1287 4285 1482 4347 concurreret,
1498 4280 1527 4335 in
1552 4280 1672 4335 domum
1688 4294 1781 4351 quau·

63 4370 264 4444 apparuisset,
279 4386 382 4427 omnes
397 4386 465 4426 eum
480 4374 622 4441 tanquam
632 4368 748 4442 aliquod
762 4372 806 4407 ¹⁶⁸³
821 4373 896 4428 anti·
952 4376 1019 4431 dam
1032 4373 1262 4430 munitissimam
1271 4371 1410 4443 abripuit.
1423 4369 1511 4425 Fama
1521 4372 1581 4423 tam
1595 4367 1702 4424 atrocis
1713 4365 1782 4422 taotl

64 4459 192 4535 quitatis
206 4464 371 4517 monstrum
380 4459 539 4516 inconditis
550 4458 765 4516 clamoribuset
774 4461 897 4517 cantiris
950 4467 1043 4521 totam
1058 4461 1137 4518 illico
1150 4459 1271 4532 replevit
1283 4459 1397 4514 urbem.
1414 4457 1548 4528 Undique
1563 4457 1599 4512 ad
1615 4470 1698 4511 arma
1712 4470 1782 4509 con·

62 4553 270 4624 perurgerent,
295 4547 468 4622 lapidesque
492 4548 523 4604 in
541 4562 610 4604 eum
637 4551 666 4604 et
689 4548 837 4620 pulverem
851 4549 895 4607 vel
912 4552 1104 4627 Delamatur.
1122 4550 1266 4605 Divitsset
1281 4562 1437 4620 pauperes,
1454 4542 1567 4601 nobiles
1582 4547 1610 4599 et
1624 4541 1780 4614 ignobiles,

65 4638 280 4712 quodcumque
304 4637 382 4694 aliud
398 4636 565 4694 furentibus
578 4652 665 4694 casus
679 4637 903 4711 obtulissetjac,
957 4657 1016 4698 nno
1032 4655 1134 4696 omnes
1150 4637 1248 4693 animo
1263 4639 1429 4699 accurrunt,
1450 4636 1538 4705 atque
1556 4632 1586 4687 in
1601 4636 1665 4704 ipso
1680 4628 1781 4686 statim

64 4731 178 4785 tarent.
192 4727 247 4784 Sed
259 4743 310 4784 rex
325 4728 456 4783 recolens
474 4726 608 4783 lunonis
627 4727 673 4762 ¹⁶⁰⁸
688 4727 913 4804 archiepiscopi.
957 4729 1079 4790 edentis
1092 4726 1147 4784 diei
1163 4724 1336 4798 crepusculo
1346 4723 1467 4779 domum
1483 4719 1593 4787 Quintii
1612 4732 1783 4792 oppugnare

747 4886 870 4946 VARlAE
888 4888 1099 4951 usertottus.

104 5010 280 5073 “estmoe
318 5010 489 5083 ¹⁸⁰²sosep.
505 5011 534 5067 3.
572 5010 792 5068 10ὀιιιιιίιιοὸ.
832 5015 878 5057 ¹⁸0⁶
892 5030 930 5075 na
950 5031 977 5073 a.
993 5033 1022 5089 q.
1038 5014 1069 5070 in
1085 5013 1117 5070 S.
1132 5009 1311 5082 eumpsl.
1350 5005 1510 5087 ¹⁸⁸⁸eos·5.
1550 5003 1597 5041 ’Μ
1610 5001 1781 5076 pusillosla.

65 5084 114 5127 ’Μ
129 5082 286 5157 aliquidl.
326 5081 373 5121 ¹⁸⁸⁸
388 5081 563 5141 simoniae.
602 5081 647 5124 ¹⁶⁰⁰
661 5083 846 5143 Hildibrandi
860 5087 889 5145 3.
927 5085 1098 5160 *¹⁸⁰quial,
1139 5082 1184 5121 ¹²⁰¹
1199 5079 1273 5139 deest
1287 5080 1314 5136 4.
1353 5077 1400 5115 ¹⁷⁰²
1416 5075 1563 5148 majore5.

861 5237 979 5297 Nous.

103 5359 179 5432 (l28)
195 5360 260 5418 Hac
275 5361 305 5417 in
321 5360 408 5418 tertio
422 5360 498 5417 libro
512 5358 585 5415 Vite
598 5362 627 5415 S.
653 5359 787 5416 annonis
802 5359 898 5419 fusius
953 5361 1033 5419 1070.
1049 5358 1116 5415 Vid.
1133 5355 1258 5415 Stenzal.
1283 5357 1306 5423 l,
1333 5371 1362 5427 p.
1378 5354 1441 5421 379,
1468 5359 1529 5410 not.
1546 5352 1590 5419 18,
1606 5356 1643 5426 ΙΙ,
1659 5369 1688 5425 p.
1704 5350 1778 5419 2053

63 5437 238 5490 narrentur·
951 5433 1078 5490 llasoov.
1097 5429 1116 5486 l.
1133 5446 1171 5498 o.,
1187 5446 1217 5501 p.
1237 5429 1282 5493 56,
1299 5442 1357 5498 sq.,
1374 5433 1433 5481 not.
1451 5427 1487 5494 33
1512 5424 1643 5482 Usserm.
1659 5424 1695 5480 ad
1712 5424 1778 5480 Ber-

103 5503 180 5576 ttae)
200 5503 373 5561 lambertus
395 5503 449 5560 boo
479 5503 586 5559 reterre
613 5500 727 5557 videtur
742 5502 777 5557 ad
801 5501 896 5558 Nativ.
952 5504 1059 5571 thold,
1073 5502 1185 5567 Conse,
1202 5518 1231 5572 p.
1247 5500 1291 5568 40,
1308 5503 1368 5553 not.
1384 5500 1411 5552 2.

63 5574 136 5658 (tier.
148 5591 182 5658 p.
191 5576 268 5660 .¹.⁰⁷5
285 5578 338 5704 §es
361 5579 463 5633 nestra
489 5572 682 5647 computandi
696 5572 830 5645 ratione),
845 5574 897 5631 sed
988 5575 1064 5647 (430)
1078 5574 1099 5630 i.
1112 5589 1138 5630 a.
1153 5573 1201 5630 die
1215 5572 1261 5675 2,
1276 5569 1358 5626 tebr.

62 5646 269 5716 verisimilius,
297 5651 395 5704 actum
420 5662 484 5705 esse
504 5650 627 5704 exeunte
651 5645 896 5705 mauselanum.
