3892 6096
76 330 83 339 .
120 285 165 349 ,i'i
612 278 768 345 blesus.
793 280 844 341 bu
866 279 1010 342 TRIBUS
1034 280 1345 352 QUAESTIONIBUS·
1790 290 1835 359 ,78

127 415 171 470 est
184 410 314 469 humiles
335 427 400 469 esse
414 411 545 482 student,
560 411 639 484 quod
664 414 711 467 est
734 409 865 483 pueritia
878 425 952 466 verre
967 412 994 478 A
1009 410 1141 481 instruit,
1154 415 1186 466 ut
1200 410 1241 467 nil
1253 406 1432 485 nieljustum
1442 413 1576 472 videatur
1590 415 1733 489 quidquid
1743 417 1780 473 ab
1790 417 1834 476 eis

126 500 281 573 iudicium,
304 501 405 558 divine
426 500 521 574 gratia
545 500 711 557 eilloiantur
735 498 827 573 digni,
854 498 898 556 rel
923 499 954 555 in
1009 498 1110 571 iniqua
1125 499 1285 558 intentione
1296 502 1451 574 protertur,
1462 521 1520 561 non
1535 504 1753 563 attendentibus
1768 506 1833 567 ideo

111 606 207 679 rpece,
220 589 268 647 vel
285 589 421 664 martyrii
443 588 543 662 palma
558 588 667 647 ooelesti
690 605 778 661 regno
803 587 953 645 associari.
1009 604 1039 643 se
1056 587 1110 645 buc
1127 588 1254 646 salsitate
1265 590 1452 663 deludi,quia
1466 593 1686 666 nequamillum
1701 597 1833 664 oculum,

114 679 200 745 'Quia
214 694 285 752 ergo
299 679 329 735 in
344 678 391 735 bis
406 678 569 735 infantibus
594 693 696 736 omnes
710 677 738 735 in
756 692 788 734 se
802 677 954 735 credentes
1009 677 1044 732 de
1058 692 1117 748 quo
1131 677 1275 735 Dominus
1290 678 1320 734 in
1335 679 1491 753 Evangelio
1505 682 1576 739 dicit
1592 699 1599 739 :
1616 682 1647 739 Si
1661 684 1834 741 ocaturtuur

126 768 282 844 piissimus
298 767 414 824 Arbiter
428 767 526 835 ita,ut
541 767 719 839 dictumest,
736 766 880 822 consolari
896 782 955 822 cre·
1007 781 1126 838 nequam
1148 767 1248 840 suerit,
1265 772 1352 824 totum
1364 770 1471 842 {corpus
1496 775 1573 828 tuum
1593 773 1765 831 tenebrosum
1778 776 1835 831 erit

117 857 396 926 dimensionum
411 854 530 927 aliquod
552 856 583 912 in
598 872 659 929 quo
683 854 876 911 nibilominus
891 869 954 910 om·
1008 855 1116 926 (ldotttc
1131 855 1182 927 vr),
1199 857 1338 913 retinent.

110 962 180 1005 ¹raes
192 945 323 1020 pertidum
336 960 460 1017 arguere
474 943 619 1001 videatur.
1044 944 1175 1016 Nequam
1190 945 1316 1017 prolecto
1330 949 1376 1004 est
1395 948 1497 1005 oculus
1521 947 1573 1006 illa
1587 965 1675 1023 prere
1698 951 1832 1025 intentio,

159 1035 219 1095 Seri
229 1032 489 1106 uuidepertiused
502 1032 556 1090 hoc
569 1033 695 1106 reperire
705 1031 954 1103 valeamusquam
1009 1048 1068 1104 qua
1081 1031 1206 1106 quilibet
1232 1033 1327 1090 aliena
1350 1039 1492 1108 appetens
1516 1037 1597 1094 omni
1612 1029 1705 1097 modo'
1721 1038 1835 1098 laboret

126 1123 259 1198 qued3de
272 1122 385 1181 Herode
398 1138 489 1195 super
510 1120 625 1178 Christo
641 1121 843 1185 fraudulenter
857 1119 954 1192 inqui·
1008 1125 1068 1203 tarn
1097 1122 1214 1195 scriptis
1242 1140 1330 1196 quam
1355 1124 1527 1199 vulgaribus
1546 1127 1679 1199 judiciis,
1708 1127 1837 1201 qualiter

119 1217 255 1271 ‚renteet
268 1210 383 1268 ledeia
391 1209 638 1283 respondentibus
653 1209 802 1282 legimus?
815 1208 859 1265 llli
874 1223 955 1265 nam·
1008 1228 1152 1284 pauperes
1167 1217 1196 1268 et
1206 1211 1355 1285 simplices
1366 1214 1571 1286 supplantans,
1583 1216 1706 1291 antique
1716 1221 1834 1275 saucto-
1940 1232 1944 1241 ·

130 1318 201 1375 que,
215 1301 284 1374 quie
296 1299 397 1356 dolose
411 1299 562 1357 Christum
578 1299 755 1372 investigare
766 1298 953 1366 studuerunt,
1008 1316 1075 1356 rum
1090 1305 1210 1357 Petrum
1222 1302 1337 1358 decreta
1349 1302 1499 1376 dissipans
1511 1304 1678 1362 desiderata
1690 1305 1832 1377 obtineat,

117 1408 191 1449 -uon
204 1389 299 1451 solum
317 1405 387 1445 eum
402 1388 525 1445 minime
547 1389 730 1459 invenerunt,
746 1388 797 1445 sed
813 1385 901 1443 etiarn
917 1385 954 1441 ad
1009 1406 1066 1445 non
1082 1390 1239 1446 attendens
1250 1391 1327 1462 quod
1342 1391 1485 1449 Dominus
1500 1410 1553 1466 per
1567 1394 1741 1467 prophetem
1754 1410 1834 1452 com·

114 1478 405 1552 ·tantem,·periidia
429 1494 490 1533 sura
518 1494 617 1549 causa,
634 1474 796 1549 nequitiam
821 1473 954 1547 perducti
1008 1479 1149 1543 minetur,
1179 1478 1280 1535 dicens
1306 1498 1313 1536 τ
1342 1481 1386 1538 Vae
1404 1484 1454 1553 qui
1482 1482 1602 1540 crudum
1635 1486 1705 1555 repe
1723 1484 1835 1556 iniquos

126 1573 198 1626 sunt
212 1573 247 1625 ut
262 1571 292 1624 et
305 1568 369 1640 ipse
382 1567 523 1634 Herodes,
536 1583 586 1638 pro
602 1565 716 1623 Christo
732 1564 896 1638 plectendo,
912 1563 954 1619 iu·
1009 1566 1085 1638 (leot.
1101 1569 1141 1635 x).
1158 1567 1192 1621 ilt
1204 1566 1309 1624 iterum
1327 1585 1334 1624 :
1352 1569 1398 1625 l'ae
1411 1571 1463 1642 qui
1484 1570 1582 1627 dicuat
1600 1571 1702 1628 bouum
1715 1574 1833 1642 motum,

112 1657 255 1717 dantium
265 1656 479 1731 ,predictorum
492 1653 721 1712 innumerabilia
735 1653 854 1727 agmina
868 1667 953 1709 neee-
1008 1658 1033 1712 et
1046 1656 1153 1711 muium
1173 1657 1284 1727 mcum,
1304 1665 1434 1728 ponentes
1457 1661 1583 1716 tenebras
1595 1661 1626 1715 iu
1650 1661 1739 1717 lucem
1750 1668 1778 1717 et
1791 1660 1834 1716 tu·

125 1752 182 1816 ret,
198 1750 228 1803 et
241 1746 335 1804 iudei
350 1744 381 1801 in
396 1744 504 1802 Christi
529 1745 706 1817 quaudoque
721 1758 822 1827 uocem
838 1740 953 1813 oonspi·
1007 1760 1066 1800 cem
1079 1746 1248 1801 intenebrat
1271 1746 1351 1809 (leci.
1367 1746 1407 1817 v).
1424 1747 1531 1803 Lucem
1555 1747 1586 1802 in
1601 1748 1737 1807 tenebras
1750 1748 1835 1822 ponit

124 1839 236 1895 urent.
249 1837 320 1902 Quo·
328 1850 399 1891 saue
413 1838 480 1891 actu
494 1849 609 1904 omnes,
616 1833 667 1906 qui
677 1831 827 1889 Christum
842 1829 954 1903 duplici
1010 1832 1061 1904 qui
1076 1849 1164 1889 sacra
1190 1832 1346 1906 Scriptura
1360 1834 1449 1891 verba
1471 1851 1604 1908 perverse
1622 1836 1789 1910 intelligens
1802 1836 1834 1895 in

123 1925 215 1984 caede
224 1928 405 1997 sequuntur,
420 1922 565 1994 increpari
578 1922 725 1979 videntur.
1009 1921 1117 1979 erroris
1141 1923 1187 1978 sui
1211 1923 1451 1996 supplementum
1476 1926 1577 1992 sumit,
1608 1925 1685 1983 sicut
1705 1925 1835 1985 heretici

161 2013 395 2081 witaredum
411 2011 624 2093 tentationibus
648 2008 803 2068 diabolicis
818 2007 955 2066 resistere
1010 2010 1097 2067 multi
1112 2010 1216 2069 iecisse
1230 2012 1379 2085 leguntur.

117 2097 955 2172 ,debeamusulbrietusnosedocetquitentatori,quam-
1046 2100 1111 2156 Huc
1130 2105 1227 2158 eutem
1254 2101 1319 2157 ideo
1344 2102 1454 2175 aliquid
1469 2102 1556 2160 solito
1580 2103 1721 2176 prolixius
1744 2103 1834 2177 edidi,

112 2193 173 2251 --rie
187 2191 361 2259 eibitomnia
375 2191 455 2248 nuda
465 2195 496 2247 et
509 2193 610 2263 aperta
623 2192 723 2247 essent
737 2188 831 2260 (liobr.
847 2186 896 2257 rvi,
911 2190 956 2242 te·
1011 2189 1090 2261 quia,
1102 2206 1152 2260 pro
1165 2190 1247 2246 dolor
1258 2190 1264 2245 i
1277 2206 1403 2263 agnosco
1414 2208 1493 2247 nunc
1503 2208 1578 2265 pene
1586 2208 1690 2253 omnes
1697 2198 1834 2264 rectores,

126 2280 378 2349 mantuanis
395 2297 483 2337 secra
494 2279 651 2352 Scriptura
666 2276 956 2349 verbis,respondere
1010 2282 1071 2334 tem
1087 2277 1208 2335 clericos
1223 2295 1313 2350 quam
1327 2278 1428 2347 laicos,
1446 2279 1487 2336 nil
1503 2281 1598 2354 magis
1613 2282 1731 2339 studere
1744 2298 1835 2356 quem

118 2370 223 2429 ,uoluit
234 2370 338 2429 dicens
352 2369 513 2442 :Scriptum
527 2377 568 2425 est
583 2386 593 2422 .·
606 2372 671 2426 Nou
686 2368 716 2423 iu
730 2367 786 2424 ecto
798 2381 873 2438 puae
887 2366 957 2421 uiuet
1010 2367 1107 2424 aliena
1119 2383 1233 2441 rapere.
1253 2367 1461 2426 Verumtamen
1477 2369 1599 2427 elericos
1613 2372 1651 2427 ab
1664 2370 1836 2443 hujusmodi

130 2460 220 2530 mmo,
233 2459 281 2516 sed
304 2461 337 2516 iu
359 2431 437 2516 emili
458 2459 537 2515 uerbo
561 2457 632 2531 quod
650 2456 772 2529 procedit
794 2454 827 2511 de
846 2470 892 2510 ore
906 2454 957 2510 ber·
1011 2457 1114 2512 morbo
1129 2457 1212 2513 nulle
1227 2473 1297 2514 cura
1313 2456 1484 2530 plusquam
1501 2458 1659 2530 Scriptura
1673 2476 1763 2517 sacra
1776 2458 1836 2519 lec·

112 2549 234 2621 witti.
250 2549 301 2621 ru).
323 2549 358 2605 llt
372 2548 480 2605 iterum
495 2565 503 2605 t
520 2547 658 2620 Scriptum
682 2549 719 2603 est
736 2546 816 2601 :Neu
838 2544 957 2600 tentabis
1011 2546 1053 2603 tio
1068 2552 1196 2612 suaerat,
1213 2546 1317 2603 sicam
1341 2546 1439 2604 studio
1452 2550 1568 2603 tantum
1584 2547 1774 2620 agnoscende
1789 2562 1837 2611 ve·

127 2639 282 2697 Dominum
299 2638 387 2695 Deum
408 2638 498 2694 tuum.
513 2635 549 2693 ut
573 2651 692 2691 rursum
711 2651 718 2689 :
735 2632 878 2702 Scriptum
893 2633 933 2687 eet
946 2647 957 2685 .·
1011 2633 1108 2690 ritatis
1124 2650 1243 2707 suaque
1258 2634 1478 2692 emendationis
1498 2651 1591 2693 eausa
1604 2651 1724 2693 summa
1737 2636 1837 2695 humi·

118 2728 278 2787 dioma'rrum
302 2725 391 2783 Deum
415 2729 494 2781 tuum
515 2723 642 2781 odoratis
665 2727 693 2778 et
718 2722 763 2778 itti
785 2722 839 2777 reti
857 2720 958 2777 seruies
1013 2723 1093 2780 litate
1118 2724 1347 2796 frequentarent,
1363 2729 1455 2781 Deum
1475 2723 1589 2798 jugiter
1610 2741 1665 2798 pro
1687 2723 1836 2783 intellectu

127 2815 240 2891 (trid).-
250 2815 365 2882 Ouibus
378 2814 476 2870 verbis
485 2829 587 2869 omnes
598 2810 700 2869 ildeles
714 2811 911 2880 instruuntur,
925 2811 958 2864 ut
1011 2828 1085 2885 puro
1099 2817 1261 2870 exorantes.
1275 2813 1348 2869 Nam
1364 2812 1414 2885 qui
1429 2812 1488 2869 alia
1501 2813 1663 2870 intentione
1675 2814 1771 2888 legera
1785 2831 1838 2873 so·

119 2907 163 2965 in
178 2904 341 2962 mutatione
352 2902 440 2976 positi
455 2918 570 2961 sacram
585 2916 702 2973 semper
715 2900 853 2973 pagiuam
867 2896 958 2970 inspi·
1012 2900 1073 2958 lent
1088 2899 1201 2956 nullam
1212 2900 1431 2958 edificationem
1447 2901 1551 2958 exinde
1561 2901 1709 2975 percipere
1723 2918 1839 2961 meren·

127 2995 220 3060 daut,
246 3008 336 3051 morer
361 2990 519 3064 Scriptura
543 2991 631 3046 uerba
654 3004 771 3062 semper
792 2987 956 3046 attendant.
1012 2994 1070 3062 tur,
1082 2991 1133 3047 sed
1150 2991 1183 3045 iit
1198 2990 1227 3046 in
1243 2991 1285 3047 cis
1300 2991 1378 3063 quod
1391 2990 1534 3063 ecrIptum
1548 2990 1713 3050 naucerus
1724 2992 1838 3061 tutent,

115 3077 686 3141 'flammauevitettsmnobisuominuo
696 3076 727 3133 in
736 3093 790 3133 sua
799 3075 959 3133 tentatione
1012 3086 1038 3137 et
1050 3094 1105 3135 uon
1119 3079 1276 3149 uidebuut,·
1290 3095 1371 3137 aures
1384 3078 1496 3152 bobert,
1511 3080 1537 3137 cl
1550 3097 1609 3136 nou
1622 3080 1738 3138 curtim
1750 3081 1837 3154 (Prot.

130 3175 246 3245 quanta
261 3168 422 3229 calliditate
436 3167 570 3225 dirbolus
597 3182 711 3224 sacram
727 3165 908 3238 Scripturam
922 3163 957 3220 ed
974 3152 996 3221 C
1014 3166 1110 3239 curuli

131 3259 286 3333 prauitatis
300 3268 361 3317 sua
385 3256 576 3315 intentionenr
600 3256 714 3312 flectere
738 3258 868 3311 conetur.
885 3251 958 3309 Cum
1050 3257 1156 3313 lisdem
1187 3273 1254 3314 vero
1279 3259 1405 3326 cacitas,
1436 3274 1500 3329 qua
1535 3259 1649 3316 clericis
1670 3275 1705 3315 ex
1727 3257 1840 3317 libralis

131 3347 272 3409 euim-illi
286 3364 377 3421 supra
387 3345 578 3420 pinnaculum
589 3345 691 3418 templi
704 3346 813 3400 statuto
822 3357 958 3415 suggere·
1014 3345 1067 3416 [sic
1081 3353 1195 3417 uterque
1207 3344 1288 3407 cod.,·
1311 3347 1381 3415 sorte
1395 3348 1446 3416 lep.
1462 3343 1605 3417 liberalis]
1628 3346 1758 3402 scientia
1772 3360 1840 3417 ese·

112 3438 304 3505 ·.ret‚dieeuo
316 3453 325 3493 :
337 3436 412 3493 uiue
426 3436 590 3493 tedeorsum
600 3434 706 3507 (ibid),
720 3429 958 3488 moxPsalrnista
1016 3435 1061 3489 nit
1075 3432 1228 3504 abusione,
1244 3431 1327 3489 laicis
1352 3434 1482 3490 nascitur
1496 3449 1531 3489 ex
1545 3432 1694 3491 secularis
1720 3433 1839 3507 supien-

96 3578 99 3584 .
119 3523 484 3598 ·dteu,quutouidquod
495 3522 672 3597 suggerebat
686 3521 755 3578 olim
764 3518 960 3592 pronuntiata
1015 3521 1061 3576 tia
1076 3519 1313 3593 presumptione.
1329 3522 1401 3575 Com
1423 3520 1502 3577 enim
1516 3524 1630 3577 tantam
1646 3520 1779 3594 peritiam
1795 3519 1840 3577 di·

119 3614 271 3680 tuimur,
294 3612 447 3685 subjunxit
469 3629 476 3668 :
501 3614 639 3684 Scriptum
662 3618 710 3679 est,
726 3609 874 3681 inquiens,
895 3609 961 3680 quio
1016 3609 1098 3667 cendi
1125 3607 1262 3682 qualibet
1282 3612 1311 3665 et
1335 3608 1510 3667 defendendi
1536 3609 1673 3677 habeant,
1691 3614 1724 3666 ut
1746 3609 1776 3665 iu
1798 3608 1841 3667 eie

116 3705 241 3777 ,metio
252 3702 468 3763 suiemondouit
481 3702 514 3758 de
527 3709 554 3758 to
567 3703 598 3756 ut
621 3702 652 3756 iu
665 3702 795 3756 mumius
810 3698 909 3756 tollunt
922 3705 960 3765 te,
1016 3699 1114 3772 ipsum
1129 3696 1260 3753 Tullium
1277 3699 1476 3771 disputantem
1492 3703 1622 3771 putares,
1632 3702 1779 3772 tantaque
1792 3714 1841 3756 sa·

119 3809 170 3851 me
182 3809 308 3866 unquam
322 3790 445 3864 otimdoe
458 3790 495 3847 ud
517 3789 638 3862 lapidem
649 3788 746 3862 pedem
762 3791 841 3843 tuum
855 3785 959 3858 (tum).
1017 3787 1132 3861 pientia
1147 3789 1290 3844 talentum
1314 3802 1350 3843 ex
1365 3788 1421 3844 lieo
1445 3787 1611 3860 acciperent
1629 3805 1719 3845 eausa
1743 3787 1842 3845 deien-

103 3881 313 3955 „suumomni
321 3877 892 3954 igiturdiebnlicaversutianequaquem
903 3891 962 3931 cre·
1017 3877 1105 3933 dandi
1120 3874 1270 3949 simplices
1285 3880 1314 3932 et
1333 3891 1487 3950 pauperes,
1504 3876 1546 3932 illi
1562 3881 1690 3945 econtra,
1706 3894 1722 3933 o
1737 3875 1839 3934 neiasl

120 3972 234 4031 -·denda
257 3975 304 4028 est
327 3970 438 4027 trustra
460 3968 583 4042 prolate,
605 3967 656 4025 sed
680 3966 783 4024 exindo
808 3966 964 4022 edocemur
1017 3965 1145 4024 avaritia
1161 3964 1274 4021 facibus
1288 3965 1475 4035 inflammati,
1491 3971 1520 4022 et
1534 3967 1571 4022 ob
1586 3965 1640 4023 hoc
1654 3983 1775 4039 prorsus
1789 3967 1842 4024 ob·

139 4065 249 4134 quante
262 4075 334 4116 cura
344 4057 430 4115 nobis
440 4057 481 4114 sit
492 4060 599 4115 contra
608 4056 741 4113 eamdem
750 4054 909 4111 versutiam
924 4051 966 4108 vi·
1019 4053 1127 4123 cecati,
1150 4070 1336 4125 quorumque
1356 4055 1433 4110 bona
1460 4059 1584 4127 possunt
1607 4056 1759 4125 devorant,
1772 4072 1842 4113 ven·

107 4190 110 4195 -
125 4145 523 4223 .gileudum.·1tgitenimin
538 4144 624 4202 nobis
637 4143 857 4216 quotidieque
874 4139 964 4199 semel
1019 4147 1095 4198 trem
1109 4158 1161 4213 pro
1184 4145 1252 4213 Deo,
1269 4141 1442 4214 temporalia
1466 4140 1550 4198 lucre
1566 4158 1615 4215 pro
1630 4146 1738 4199 aterna
1752 4141 1843 4199 solici-
1867 4182 1870 4186 ι

139 4238 171 4297 in
183 4237 308 4296 Domum
322 4235 513 4309 presumpsit
525 4249 622 4308 agore,
632 4237 750 4290 tentans
764 4231 898 4289 videlicet
911 4247 966 4287 nos
1020 4235 1080 4287 tute
1095 4233 1238 4287 amantes.

130 4326 327 4385 -iraudulenta
350 4341 438 4385 seme
451 4323 617 4398 Scriptura
640 4321 770 4380 illatione
791 4320 822 4377 in
837 4336 965 4378 errorem

137 4413 267 4489 ,ἥψω
281 4415 431 4473 induem,
1335 4390 1451 4447 CAPUT
1470 4390 1528 4447 XV.

980 4520 1004 4587 D
1056 4499 1164 4554 Divina
1175 4497 1288 4570 pietatis
1298 4505 1336 4554 eet
1348 4499 1484 4553 virtutum
1497 4502 1523 4553 et
1537 4498 1668 4555 vitiorum
1677 4499 1809 4572 coemptis

447 4563 562 4621 CAPUT
581 4560 655 4618 XlV.
1336 4576 1408 4625 rectu
1421 4568 1524 4625 docere.

123 4674 372 4747 -tmrroumvom
385 4671 492 4729 diuiuae
504 4670 656 4742 Scripturae
671 4668 933 4737 interpretationem,
942 4674 968 4724 et

257 4745 413 4805 mmm
425 4744 659 4816 modiumque
672 4739 844 4796 clericorum·
1056 4713 1128 4768 ltem
1142 4728 1178 4767 ne
1192 4711 1228 4767 de
1243 4708 1488 4784 promissionibus
1515 4709 1578 4768 suis
1592 4726 1725 4783 unquam
1740 4710 1845 4787 despe-

1020 4816 1130 4867 remus,
1146 4798 1287 4871 exemplis
1306 4798 1483 4870 quibusdam
1511 4799 1611 4856 docuit
1624 4815 1678 4857 nos
1693 4801 1844 4861 Dominus.

174 4897 234 4955 Neo
248 4894 404 4965 mirumst
418 4895 541 4951 Satanas
551 4907 666 4949 serrem
680 4890 862 4963 Scripturam
874 4889 967 4946 simu·
1022 4889 1159 4946 Promisit
1173 4887 1301 4959 denique
1315 4887 1468 4959 discipulis
1490 4887 1553 4945 suis
1568 4889 1716 4962 simulque
1731 4890 1845 4947 eunctis

140 4985 201 5044 lete
215 4984 347 5060 quelibet
357 4985 442 5056 justa
452 4982 564 5040 ratione
579 4981 615 5036 ed
626 4997 711 5036 suem
728 4978 889 5050 nequitiam
904 4995 968 5035 ver·
1020 4978 1051 5034 in
1076 4995 1108 5034 se
1131 4976 1321 5045 credentibus,
1348 4977 1449 5034 dicens
1466 4995 1472 5034 :
1490 4978 1540 5036 llln
1553 4980 1619 5035 runt
1640 4979 1704 5047 duo,
1730 4982 1771 5036 uei
1792 4984 1846 5037 trec

140 5080 202 5133 tere
211 5073 371 5147 veleet,qui
385 5089 417 5130 se
431 5071 460 5129 in
473 5070 611 5144 angelum
622 5067 967 5141 lucistranailguratSad
1021 5067 1180 5138 couprepoti
1195 5068 1226 5121 iu
1249 5066 1443 5133 uominemeo,
1464 5067 1506 5124 ibi
1518 5083 1580 5123 sum
1595 5070 1626 5123 iu
1648 5068 1736 5125 audio
1750 5085 1847 5125 eorum

139 5166 253 5237 quanto
267 5161 372 5234 majori
399 5160 559 5218 ealliditate
582 5175 667 5216 suam
684 5156 845 5229 nequitiam
870 5160 970 5214 coute-
1022 5155 1334 5229 (detraxerimus
1360 5159 1430 5227 quia
1454 5171 1571 5228 semper
1594 5156 1715 5229 impleat
1729 5156 1847 5230 spirite·

140 5268 211 5326 gere
234 5250 424 5318 novit,tanto
449 5246 721 5321 plusprrecavenda
743 5249 788 5302 est
812 5262 829 5301 a
855 5245 969 5302 cunctis
1022 5246 1089 5301 liter
1117 5244 1274 5318 aliquando
1303 5242 1395 5300 voluit
1416 5245 1630 5300 demonstrare
1658 5245 1849 5317 corporaliter

140 5340 289 5408 fidelibus,
305 5337 434 5395 maxime
449 5354 467 5405 a
481 5335 579 5393 saculi
589 5334 741 5407 judicibus
752 5338 781 5391 et
796 5334 968 5391 rectoribus.
1023 5335 1096 5391 Nam
1112 5350 1178 5390 cum
1204 5332 1357 5406 discipulis
1381 5332 1444 5389 suis
1459 5333 1496 5388 ad
1522 5333 1674 5390 castellum
1698 5335 1847 5407 quoddam

140 5423 970 5502 sslosdeniquesieramtiasolnmmodocorruperit,tantis
1023 5423 1163 5480 euntibus
1178 5427 1206 5480 et
1220 5423 1255 5478 de
1266 5438 1297 5479 se
1311 5421 1557 5493 colloquentibus,
1568 5420 1631 5495 ipse
1647 5421 1792 5497 Christus,
1803 5439 1848 5481 re·

140 5517 293 5576 ret-secret
304 5516 463 5591 scriptura
472 5512 658 5579 testimoniis,
670 5510 716 5569 vel
728 5511 860 5568 eaeculori
873 5513 971 5569 secun·
1024 5515 1110 5585 pente
1125 5527 1280 5584 apperens,
1294 5511 1355 5566 ibat
1369 5526 1437 5566 corn
1452 5509 1530 5579 illis;
1548 5511 1649 5585 sicque
1663 5529 1764 5570 eorum
1780 5529 1849 5571 con·

86 5668 94 5675 ,
139 5608 193 5669 die
206 5608 245 5667 ed
260 5605 498 5683 eequeiujuete
512 5601 644 5663 obtinere
657 5600 799 5677 gestiunt,
812 5600 972 5661 obtinenda
1022 5600 1117 5662 viator
1130 5600 1261 5670 ettectus,
1277 5599 1346 5658 licet
1367 5599 1404 5656 ab
1418 5599 1461 5657 eis
1484 5600 1688 5659 dubitantibus
1702 5599 1849 5676 imprimis
