3892 6096
112 284 153 351 39
609 278 783 343 nunnoni
806 274 986 342 nonnulli
1009 281 1043 340 S.
1064 274 1312 340 numentum
1784 276 1827 342 Ν

113 419 216 478 beliae
225 414 336 475 fraudis
346 411 456 472 astutia
466 410 721 486 lllostisnamque
733 413 807 469 tenti
816 411 938 468 insidias
952 413 981 480 Α
995 412 1096 484 alique
1110 424 1244 484 promere
1258 411 1355 484 cupio.
1371 407 1533 468 Consilium
1548 383 1676 484 nemque
1689 411 1722 468 in
1747 412 1826 472 bone

113 508 282 565 nullatenus
295 503 374 562 vales
386 503 518 571 evadere,
532 501 589 558 nisi
604 502 729 558 tirmiter
742 503 844 558 credas
867 501 938 574 quia
992 505 1020 558 et
1034 500 1064 557 iu
1090 499 1166 557 malo
1181 504 1277 572 potest
1292 500 1374 570 lleri;
1391 501 1443 558 sed
1458 515 1526 557 cnm
1542 499 1576 556 lit
1600 500 1631 556 in
1653 501 1744 575 bono,
1768 502 1826 562 hoo

112 596 185 655 nihil
200 591 381 668 impossibile
395 595 441 649 est
455 592 532 665 apud
544 592 649 664 Deum,
659 591 836 664 etquoniom
846 590 939 647 salvat
993 594 1038 646 est
1052 593 1170 664 propter
1183 589 1340 646 utilitatem
1356 590 1462 646 anime
1485 606 1537 648 seu
1561 588 1702 663 corporis,
1727 593 1826 649 omnl-

111 701 214 743 omnes
227 685 379 756 sperantes
396 681 426 737 in
439 697 518 737 eum.
994 680 1080 737 modo
1095 678 1333 753 amplectendum
1348 683 1412 735 cst:
1436 679 1487 737 nbl
1509 694 1578 737 vero
1602 680 1631 736 tn
1656 679 1744 750 melo,
1770 682 1828 741 ltoo

147 773 219 830 Huic
233 787 300 829 vero
317 770 384 827 lidei
393 770 461 826 licet
470 769 660 826 tenacissima
670 767 778 825 diaboli
788 767 898 825 invidia
910 771 940 824 te
994 773 1038 826 est
1052 773 1170 842 propter
1179 768 1309 825 carnalia
1318 768 1503 826 solummodo
1514 774 1582 825 vota
1596 763 1758 842 implenda,
1774 786 1830 838 eut

110 862 253 936 impediat
265 859 582 932 inherere,suggerens
591 856 727 914 videlicet
738 857 818 914 cordi
830 857 938 912 tuoob·
994 859 1149 914 commoda
1163 858 1253 930 hujus
1263 857 1327 915 vitae
1341 857 1428 915 noxis
1441 857 1630 932 acquirenda,
1645 874 1705 915 non
1730 858 1829 918 selum

111 951 237 1009 tinendre
246 948 428 1005 remissionis
440 945 807 1004 autselutisdillrcultatem
817 962 869 1002 nec
881 962 939 1001 non
994 946 1177 1020 fugiendum,
1193 947 1244 1002 sed
1256 947 1345 1003 etiam
1356 946 1564 1005 detestandum
1577 952 1630 1005 est
1647 947 1732 1006 Unde
1740 949 1827 1006 Psal-

106 1039 213 1114 judicil
223 1038 313 1094 divini
324 1036 547 1094 auctoritatem:
565 1041 597 1092 tu
612 1034 885 1108 tamensupradjcta
895 1050 940 1091 ss·
995 1035 1082 1092 mista
1091 1037 1246 1108 utriusque
1256 1035 1558 1107 qualitateinsinnans
1567 1042 1727 1111 postquam
1738 1038 1826 1097 dixit:

112 1146 167 1186 cre
181 1127 337 1201 Scriptura
351 1125 527 1183 documenta
542 1140 575 1183 ac
590 1121 940 1196 pletatisdivinoeoxperi·
994 1126 1125 1182 Domum
1156 1125 1276 1197 dissipet
1298 1126 1414 1182 comitio
1442 1128 1577 1199 peanum,
1606 1127 1734 1200 reprobat
1772 1144 1826 1186 oo·

112 1221 212 1274 menta
227 1216 282 1272 sub
297 1215 392 1271 tenaci
408 1213 666 1286 memoriarepone
678 1238 686 1282 3
697 1216 726 1269 st
736 1211 836 1284 procul
851 1211 939 1267 dubio
995 1217 1048 1270 tem
1061 1215 1237 1286 copitottoner
1244 1214 1420 1286 populorum,
1431 1224 1458 1272 et
1471 1218 1599 1289 reprobet
1618 1213 1735 1274 emtoilio
1748 1217 1829 1290 prist·

112 1308 148 1363 ab
163 1304 243 1363 omni
260 1303 403 1361 diabolica
416 1301 587 1359 liberaberis
611 1301 771 1358 delusione.
799 1299 939 1357 llisbolus
994 1318 1097 1372 opem,
1113 1303 1481 1375 statimsubJ'nnxitdicens
1493 1300 1829 1365 :donellomcelemllo-

113 1396 190 1452 enim
207 1392 286 1450 nullo
303 1393 389 1449 modo
404 1392 498 1465 magis
508 1390 690 1447 convincitur
700 1394 728 1446 et
738 1389 940 1460 contunditur,
994 1394 1068 1448 mint
1080 1396 1173 1449 monet
1186 1395 1217 1448 in
1230 1401 1374 1450 artemam.
1391 1396 1462 1450 Item
1478 1396 1514 1451 de
1528 1395 1604 1452 beno
1622 1395 1651 1452 ln
1676 1396 1828 1454 parabolis

113 1499 203 1556 quarn
218 1499 285 1538 cnm
300 1482 327 1537 ei
342 1499 359 1537 a
373 1480 511 1537 fidelibus
526 1480 678 1552 Scriptura
693 1495 777 1535 sacra
790 1477 938 1549 objicitur,
995 1479 1161 1537 Salomonis
1174 1480 1325 1554 Sapientia
1339 1482 1430 1540 latur:
1446 1485 1507 1553 Epo
1535 1483 1626 1541 labdo
1650 1485 1681 1541 tn
1700 1486 1828 1556 tenello,

113 1571 287 1645 quodetiam
294 1568 517 1626 exleenChristi
525 1565 941 1627 testimoniomanilestissims
996 1569 1124 1625 Rursum
1140 1569 1170 1624 in
1185 1570 1287 1626 eodem
1301 1569 1465 1628 Smomonis
1481 1571 1556 1628 libro
1571 1573 1608 1629 ds
1621 1570 1736 1630 oonsilil
1752 1574 1824 1631 bon-i

113 1660 329 1733 comprobatur.
345 1658 420 1714 Nam
433 1655 695 1730 quemvissibimet
705 1654 940 1712 maximeverbo·
996 1657 1136 1730 qualitate
1159 1658 1287 1714 dicitur:
1302 1659 1375 1715 Acci
1387 1661 1693 1735 consitium‚etrtsectpe
1701 1663 1826 1736 discipli·

114 1742 939 1816 rumscientiainesset,tentatoritamencumnullisnliis,
956 1763 1071 1860 Βοοοι.
1092 1747 1163 1803 Cum
1178 1746 1257 1804 enim
1282 1748 1485 1819 premittitur:
1515 1750 1588 1807 dodi
1609 1753 1769 1820 cerellium,
1793 1764 1827 1808 ac

115 1837 172 1894 nisi
188 1853 252 1908 que
268 1852 302 1892 sx
315 1850 400 1891 sacra
410 1833 516 1906 pagina
526 1833 658 1906 protulit,
670 1831 943 1905 responderevolult
997 1851 1064 1891 mox
1078 1836 1278 1909 subjungitur,
1294 1838 1321 1893 et
1334 1840 1441 1911 omnips
1464 1838 1650 1912 disciplinam,
1666 1843 1748 1913 patet
1761 1854 1828 1913 pre·

115 1927 230 1982 dicens:
245 1925 383 1996 Scriptum
397 1926 454 1979 eat:
470 1922 529 1978 Non
544 1924 660 1979 tentatio
685 1923 831 1978 Dominum
854 1925 942 1978 ileum
996 1923 1081 1994 lecto,
1098 1925 1168 1997 quia
1192 1925 1247 1981 hoo
1267 1929 1313 1981 est
1338 1941 1439 1984 verum
1464 1932 1637 2001 rectumque
1658 1928 1828 1999 consilium,

115 2019 205 2072 lcum.
996 2013 1145 2085 suscipere
1159 2013 1357 2088 disciplinam.
1369 2015 1424 2072 Sed
1438 2020 1470 2072 ut
1480 2016 1593 2090 vulgari
1602 2016 1692 2074 etiarn·
1701 2018 1829 2074 morede

150 2104 238 2173 Inter,
254 2102 315 2158 haeo
329 2117 396 2158 vero
413 2099 688 2168 scireteconvenit,
719 2098 860 2171 quoniam
890 2115 941 2171 pro
996 2100 1110 2157 consilii
1127 2101 1632 2178 qualitatedisputemus,nunquid
1655 2110 1687 2163 tu
1711 2118 1829 2179 semper

115 2191 212 2249 causis
223 2190 312 2246 variis
326 2190 502 2246 tentationes
517 2188 626 2245 diaboli
652 2189 778 2262 perferre
803 2187 941 2262 proderit,
996 2190 1158 2247 amicorum
1174 2196 1389 2265 autpersntum
1405 2193 1528 2250 consilia
1542 2195 1692 2267 quasiistl,
1710 2197 1828 2269 quando

114 2289 212 2346 Primo
227 2293 260 2344 ut
273 2286 353 2343 illius
368 2286 582 2344 inestimabilis
597 2285 881 2345 malitiaetversutia
891 2286 941 2341 de·
996 2278 1095 2351 sliqns
1109 2279 1217 2352 flagitia
1234 2285 1400 2353 perpetrare
1413 2282 1554 2340 voluisti?
1578 2283 1735 2342 veritusne
1758 2298 1827 2358 ergo

114 2381 247 2450 tegatur:
266 2375 371 2432 deinde
386 2379 418 2430 ut
434 2376 668 2447 uniuscujusque
683 2374 813 2432 hominis
838 2372 942 2430 tentati
996 2384 1028 2425 ee
1042 2372 1112 2424 tuno
1125 2369 1190 2426 ideo
1205 2368 1461 2444 Deumollendere,
1477 2372 1547 2444 quie
1559 2371 1828 2430 leliasinsconsilio

115 2465 259 2540 fragilitas
273 2468 302 2520 et
316 2464 481 2520 constantia
493 2468 677 2536 agnoscatur,
689 2480 722 2520 ac
734 2462 845 2536 porhoc
858 2463 943 2536 lragi·
996 2457 1112 2513 solebas
1127 2457 1245 2514 lacere?
1260 2460 1332 2516 llcce
1350 2459 1431 2517 vides
1447 2477 1536 2533 quam
1551 2462 1734 2534 superdeum
1747 2464 1787 2520 sit
1799 2467 1829 2520 te

115 2555 152 2612 lis
168 2553 287 2627 quidem
302 2552 446 2625 allapsus
461 2566 528 2609 cnm
544 2569 702 2610 conversus
718 2552 816 2618 t'uerit,
832 2551 942 2608 allisio
997 2561 1032 2600 ex
1047 2546 1101 2601 hoo
1116 2546 1250 2603 arbitrari
1266 2547 1358 2605 Deum
1373 2549 1539 2619 offendisse,
1562 2551 1640 2623 quod
1664 2552 1728 2607 sino
1758 2566 1828 2607 con·

115 2641 276 2700 tentatione
292 2645 320 2697 et
336 2640 493 2713 fragilitate
520 2658 693 2715 quacunque
718 2640 813 2697 adhuc
837 2641 943 2712 positis
997 2634 1064 2689 silio
1080 2633 1240 2691 amicorum
1256 2637 1415 2695 utilitatem
1434 2643 1576 2696 tractares
1590 2639 1694 2696 anima
1709 2656 1718 2696 r
1734 2652 1828 2713 qnan-

115 2728 269 2788 condolere
283 2729 469 2802 compatique
484 2730 566 2797 sciat,
578 2730 657 2786 sicut
671 2731 706 2786 de
718 2731 801 2785 beato
812 2729 895 2785 Petro
906 2728 945 2785 le·
999 2723 1157 2796 doquidem
1181 2742 1232 2796 pro
1260 2726 1511 2799 explendaoarnis
1521 2728 1690 2802 nugacitate
1712 2729 1828 2785 nullum

115 2820 204 2894 gitur,
221 2817 291 2893 quia
304 2818 413 2875 idcirco
429 2818 459 2874 in
474 2824 626 2890 peccalum
643 2817 798 2892 fragilitate
827 2819 945 2892 propria
998 2812 1152 2869 eonsilium
1169 2813 1331 2885 requirens.
1347 2815 1600 2874 minusoffendssffl
1611 2819 1732 2890 pulluli·
1745 2818 1829 2883 Quod

117 2912 239 2980 urgente
258 2905 371 2975 cecidit,
389 2910 420 2962 ut
434 2905 499 2964 aliis
515 2907 702 2981 peccantibus
718 2906 849 2964 misereri
866 2907 943 2963 didi·
999 2905 1096 2958 sutem
1124 2906 1275 2974 propterea
1303 2903 1402 2960 animo
1429 2906 1537 2978 sapius
1560 2908 1677 2962 nutanti
1703 2906 1828 2977 incedis,

116 2998 214 3054 cisset.
231 2995 374 3052 Constans
389 3000 498 3065 autem,
513 3001 542 3053 et
556 2995 701 3068 perlectus
717 2997 780 3052 ideo
796 2995 826 3050 in
851 3000 944 3051 tenta·
999 2990 1068 3062 quin
1083 2991 1113 3045 in
1130 2990 1238 3046 fervore
1256 2991 1381 3062 juvenili
1402 2993 1619 3066 immaturaque
1640 2995 1828 3053 adhncotats

117 3086 196 3142 tione
210 3086 361 3159 probetur,
378 3088 410 3141 ut
424 3085 520 3142 adhuc
540 3084 687 3141 stantibus
712 3085 742 3140 in
766 3084 943 3156 exemplum,
1000 3077 1125 3149 pesitus,
1140 3081 1200 3134 tam
1217 3078 1368 3136 dificilem
1384 3082 1553 3138 monastice
1567 3084 1635 3139 vite
1649 3083 1827 3157 religiorem,

20 3214 25 3221 .
117 3172 331 3230 &cadentibus
347 3173 377 3229 in
393 3173 608 3230 venerationem
634 3176 813 3241 assumatur,
830 3164 982 3231 sicutetC
1002 3166 1085 3238 qutlsi
1101 3166 1828 3230 inconsideratslaboristantidilrlcultatesssum·

119 3261 265 3319 bestilob
281 3261 947 3335 perlectioatqueconstantiacunctisestimi-
1001 3255 1105 3327 psisli;
1133 3256 1210 3312 scias
1233 3257 1333 3328 procul
1360 3258 1449 3316 dubio
1471 3260 1545 3317 nihil
1575 3260 1656 3317 alind
1685 3275 1750 3319 esse
1769 3263 1827 3319 nisi

118 3351 208 3407 unda
227 3349 945 3423 necconvenerands.HioenimitaproDomino,
1000 3360 1120 3400 oausam
1150 3343 1297 3401 illusionis
1320 3345 1490 3418 diabolice;
1520 3349 1591 3422 quia
1620 3350 1697 3406 iout
1711 3351 1828 3423 expedit

118 3443 148 3496 et
162 3442 286 3513 proprias
301 3439 398 3496 carnis
413 3438 511 3495 ulcero
525 3438 708 3512 gravissime,
724 3439 888 3496 altiliorum
905 3440 946 3495 in·
1001 3434 1138 3489 omnibus
1153 3433 1189 3488 ad
1206 3450 1252 3491 me
1263 3436 1420 3503 conversis,
1436 3441 1465 3494 el
1479 3441 1512 3494 ut
1525 3440 1558 3494 lu
1574 3454 1690 3511 quoque
1716 3440 1828 3513 rogasti

117 3528 210 3585 visam
226 3533 349 3584 mortem
362 3527 741 3600 universaqueeubstantia
752 3529 946 3599 perditionem
1000 3522 1134 3578 diabolus
1145 3523 1226 3594 juste
1241 3523 1422 3595 permittitur
1435 3530 1463 3582 te
1475 3526 1617 3584 tentam
1631 3527 1764 3600 fatigare,
1779 3528 1822 3583 si·

118 3615 269 3685 sustinuit,
285 3615 384 3670 uxoris
396 3631 514 3687 quoque
529 3615 671 3684 convicta,
689 3631 741 3670 nec
763 3632 821 3671 nou
838 3617 946 3672 amieo·
1001 3611 1121 3683 quidem
1136 3615 1196 3667 tam
1214 3610 1243 3667 in
1254 3613 1379 3683 juvenili
1394 3615 1522 3686 quanin
1537 3617 1716 3687 proventione
1733 3620 1818 3673 etate

117 3719 183 3759 rum
192 3702 593 3776 opprobrininveotionesqne
605 3701 749 3775 plurimas
757 3704 945 3776 contempsit,
1000 3699 1141 3755 deberent
1153 3702 1286 3772 possead
1297 3702 1374 3758 viam
1385 3703 1828 3772 meliorsmoonverti,testantor

119 3796 151 3848 nt
166 3792 195 3848 in
210 3790 292 3848 nullo
307 3791 400 3847 Deum
415 3791 583 3855 offenderet,
599 3791 676 3848 sicut
691 3792 727 3848 de
742 3807 775 3847 eo
796 3791 948 3865 Scriptura
1000 3792 1029 3844 et
1039 3787 1171 3860 exempla
1182 3789 1343 3846 multorum
1356 3796 1385 3848 et
1394 3791 1537 3850 librorum
1545 3793 1654 3866 scripta
1661 3807 1825 3850 sacrorum.

117 3884 329 3937 commemorat
343 3881 461 3937 dicens:
477 3880 650 3937 loomntbue
677 3880 722 3937 lrie
746 3898 801 3938 aon
826 3884 948 3954 peccauit
1000 3876 1165 3934 Dioileltim
1181 3877 1388 3936 Ecclesiastes:
1405 3881 1535 3938 Memento
1561 3884 1699 3940 creatoris
1724 3886 1767 3939 tui
1795 3884 1826 3940 in

118 3969 201 4025 lobiis
214 3970 282 4036 scie,
302 3985 391 4041 aeque
403 3970 521 4026 clettam
544 3969 649 4042 alicuid
675 3979 769 4026 contro
799 3972 884 4026 deum
907 3974 946 4027 lo·
1000 3965 1096 4041 dtebm
1106 3967 1262 4038 juventutis
1275 3972 1341 4026 tae.
1358 3969 1471 4025 iteruin
1484 3969 1639 4028 librolesu
1654 3971 1708 4027 lilii
1720 3970 1824 4029 Sirsch

115 4060 194 4114 celte
208 4065 257 4114 est.
275 4059 376 4115 Nonus
391 4073 459 4131 ergo
474 4057 557 4115 utilis
571 4057 684 4114 exstitit
697 4062 779 4114 tanta
793 4059 869 4115 beati
891 4058 946 4116 lob
1000 4053 1203 4128 legitumos
1227 4057 1319 4113 tardes
1346 4061 1469 4115 coeunti
1491 4060 1529 4116 od
1560 4061 1718 4130 Dominam,
1743 4074 1772 4118 ιε
1790 4074 1826 4118 es

116 4146 249 4218 tentatio,
265 4147 294 4202 in
305 4150 402 4219 quaet
418 4146 512 4220 ipsius
526 4146 702 4212 constantia,
717 4152 746 4203 et
767 4148 882 4204 diversa
895 4149 946 4204 Sa·
1000 4144 1112 4217 ditl'eros
1126 4144 1158 4200 de
1171 4147 1216 4201 die
1232 4147 1262 4202 ia
1278 4145 1359 4203 dum.
1373 4148 1405 4204 ln
1419 4148 1522 4205 eodem
1537 4165 1656 4222 quaque
1668 4149 1742 4207 libro
1752 4150 1825 4207 sori·

117 4239 192 4291 tane
203 4239 383 4292 reseratnest
393 4235 643 4292 malitiallladem
654 4235 790 4292 utilitatis
799 4253 947 4304 causasa-
1000 4239 1083 4306 ptum
1100 4234 1263 4291 invenitur:
1279 4239 1351 4308 (luae
1365 4238 1545 4310 injuventute
1553 4246 1602 4295 tus
1615 4253 1827 4311 οοοοοπσνιοο

118 4323 184 4378 dem
195 4322 312 4396 pietatis
322 4324 593 4395 curasemperluit,
605 4330 756 4397 etsomper
768 4325 822 4380 erit
834 4325 946 4381 Deosu·
998 4322 1182 4394 aliquomodo
1196 4325 1318 4381 inuenies
1337 4341 1370 4381 eo
1389 4326 1419 4382 ta
1448 4330 1590 4383 cenatote
1610 4327 1681 4384 naal
1704 4327 1778 4385 ilinc
1798 4330 1827 4385 et

118 4427 169 4483 per
182 4428 285 4468 omnes
302 4427 376 4484 quos
390 4413 496 4468 tentari
512 4412 666 4484 permittit,
683 4413 818 4484 quamvis
833 4430 883 4469 vos
895 4413 946 4470 ho·
1000 4411 1142 4484 propheta
1156 4412 1246 4469 dicit:
1262 4415 1335 4471 Puer
1349 4419 1399 4471 out
1410 4415 1542 4489 propheto
1555 4425 1665 4474 curtam
1688 4432 1827 4473 sonoram

116 4499 223 4570 mines,
237 4500 832 4558 allicientediaboliinvidiaintidelitateet
841 4503 946 4575 despe-
961 4526 986 4594 D
1001 4501 1164 4557 maledictos
1178 4504 1241 4558 erit.

116 4590 229 4647 ratione
244 4590 389 4662 obcecati,
405 4588 520 4646 inutilia
534 4594 564 4646 ot
584 4588 675 4661 impia
689 4590 725 4645 de
738 4589 797 4646 Deo
825 4590 948 4648 arbitre-
1036 4590 1081 4645 Ad
1094 4589 1257 4671 heretiam
1273 4607 1355 4664 rogo,
1369 4594 1417 4650 cui
1443 4593 1566 4650 ualidior
1588 4598 1619 4650 et
1640 4595 1826 4667 prestantior

117 4679 200 4736 mini.
1001 4684 1070 4735 stas
1087 4679 1182 4753 magis
1209 4682 1345 4754 congruit
1368 4683 1501 4740 serviret
1528 4681 1598 4750 Deo,
1621 4699 1659 4740 nn
1684 4683 1825 4740 diabolo?

153 4765 296 4840 Relinque
311 4768 402 4841 igitur
415 4768 530 4826 varium
545 4767 692 4840 opinionis
706 4783 844 4837 errorem,
867 4773 896 4825 et
909 4770 947 4826 ad
1002 4769 1136 4841 nunquid
1151 4769 1322 4843 priusquam
1338 4771 1414 4829 vires
1428 4771 1589 4830 defecerint
1602 4772 1741 4846 corporis,
1755 4770 1825 4828 nnl-

117 4861 284 4928 susoeptam
291 4858 460 4914 monastice
467 4856 947 4930 religionislidemoribusquecon-
1001 4859 1047 4913 lus
1058 4857 1145 4914 homo
1160 4859 1236 4914 viam
1253 4860 1339 4916 debet
1353 4862 1481 4934 arripere
1502 4860 1710 4933 perfeetionis?
1728 4861 1781 4917 list
1795 4864 1824 4917 et

117 4944 199 5017 gruis
212 4948 302 5001 temet
317 4962 447 5020 prepara
461 4946 682 5018 protessionem.
694 4945 946 5004 arbitrarisnam-
1001 4945 1059 5001 alia
1074 4962 1162 5003 causa
1176 4963 1266 5020 super
1279 4948 1415 5005 molestis
1427 4950 1600 5021 passionum
1624 4955 1743 5006 tuarum
1767 4954 1826 5006 tra·

117 5048 174 5107 qus
189 5033 336 5090 interdum
350 5034 483 5091 eamdem
497 5034 743 5106 professionemtc
753 5035 861 5091 trustra
871 5053 947 5093 asse·
1000 5035 1115 5103 clauda
1127 5051 1217 5107 qnam
1230 5037 1351 5094 decetnt
1361 5038 1824 5112 menteperpendasintima.Nnm

116 5122 947 5196 cutumeseeproeoscilicetquiahancetsineconsilioom-
1000 5126 1110 5195 quanto
1126 5125 1288 5196 majoribus
1302 5127 1452 5184 beneflciis
1465 5128 1586 5196 ditatos,
1602 5131 1631 5183 et
1641 5127 1766 5200 longiori
1776 5142 1825 5200 ps·

117 5210 200 5266 nium
215 5212 349 5268 cilinium
358 5216 572 5284 parentumque
587 5214 946 5285 tuorum,etsbsquocon·
999 5213 1101 5269 tientia
1113 5212 1254 5271 hactenus
1269 5231 1286 5271 a
1301 5231 1348 5271 me
1363 5232 1394 5273 es
1410 5221 1609 5290 supportatus,
1625 5220 1707 5272 tanto
1718 5214 1824 5272 diflici-

115 5297 293 5355 sideratione
315 5298 465 5372 tragilisac
481 5298 599 5356 lubrice
615 5298 708 5355 aetatis
722 5299 946 5374 immaturaque
998 5301 1100 5358 liorem
1109 5304 1306 5361 conversionis
1318 5304 1392 5360 viam
1402 5307 1548 5363 sustinere
1558 5304 1728 5361 debes.Scio
1739 5317 1823 5361 nam-

115 5386 946 5464 edtontumstudinmaggressussueris.Sedquamtacils
1001 5391 1824 5466 queinjuventutedifficillimamessecujnslibetoonver·

115 5473 328 5534 dubitationem
342 5477 431 5535 talem
444 5478 565 5535 evadere
579 5476 676 5533 valcas
686 5482 798 5550 oportet
812 5484 845 5535 ut
854 5484 947 5537 atton·
1000 5480 1187 5539 sionem.Sed
1196 5487 1257 5538 otte
1268 5484 1486 5541 convenitscire
1497 5500 1586 5555 quam
1600 5480 1822 5555 diltlcile,quam

113 5561 178 5626 des.
194 5563 337 5643 Etprlmo
352 5564 945 5642 quidemdeoonsilio,dshiucdecertetis
999 5568 1178 5630 laboriosum
1195 5571 1267 5630 mihi
1283 5573 1410 5648 quodam
1438 5573 1526 5631 modo
1549 5576 1612 5631 erat
1629 5586 1682 5647 per
1703 5570 1822 5641 illorum
