3892 6096
132 272 191 333 391
226 308 234 317 -
773 273 865 337 vl'ln
887 276 920 335 S.
943 272 1193 335 WOLFKANGI.
1779 280 1839 343 398

131 405 206 462 Hinc
226 404 327 479 itaque
348 412 480 479 apparet,
495 407 574 479 quod
596 406 696 465 nullus
715 407 897 478 justificatur
911 406 956 463 vel
970 406 999 474 Α
1013 406 1251 464 interminatione
1269 408 1428 481 prohibuit.
1442 410 1548 483 Sicque
1569 409 1718 485 malignus
1733 413 1839 485 hostis,

130 495 305 568 reprobatur
320 511 355 550 ex
368 495 496 552 nomine.
1012 496 1131 551 inventa
1147 496 1201 552 hac
1226 500 1388 571 occasionn,
1400 503 1461 555 tam
1479 517 1529 572 per
1544 518 1575 557 se
1590 518 1679 575 quam
1695 519 1747 575 per
1769 520 1839 561 suos

166 584 194 640 3.
210 583 365 641 Crescente
381 588 478 640 eutem
495 602 595 657 puero,
611 586 737 660 Spiritus
755 588 848 643 sancti
864 587 958 659 gratia
1012 586 1169 657 complices
1185 587 1329 642 famulum
1354 588 1401 643 nei
1426 590 1569 646 suffocare
1592 593 1764 664 temptabat.
1781 591 1837 649 Sed

129 673 296 747 augebatur
316 673 406 730 simul
436 674 466 730 in
492 674 550 731 illo.
567 676 640 731 Nam
664 694 731 732 cum
755 678 817 747 jam
843 676 958 733 circiter
1013 673 1838 753 nimirum,sicutflammallatibusventiagitatavalidius
1935 750 1938 755 Ι

129 761 304 835 septuennis
318 765 406 829 esset,
418 767 553 835 parentes
569 764 635 833 ejus
649 762 732 819 illum
747 780 797 835 pro
808 764 957 821 discendis
1011 764 1130 819 accendi
1143 764 1226 833 solet,
1239 765 1279 820 ita
1290 766 1380 821 divini
1394 784 1502 824 sensus
1513 768 1667 841 ardor,qui
1678 770 1707 825 in
1719 776 1837 842 pectore

127 850 238 907 litteris
249 851 364 907 cuidam
376 853 655 908 commendaverunt
670 852 785 920 clerico,
799 852 853 909 hoc
868 853 957 909 velati
1010 852 1178 925 Wolllrangi
1195 872 1212 909 a
1227 854 1351 926 pueritia
1368 855 1525 923 coaluerat,
1540 856 1620 913 nullo
1636 859 1837 931 temptationis

128 939 260 1013 religiosi
272 941 515 1014 praemeditantes,
528 943 604 1012 quod
617 948 645 997 et
654 948 754 1014 postea
764 942 874 1014 experti
888 948 957 997 sunt
1011 941 1105 996 imbre
1122 943 1216 1014 potuit
1231 944 1370 1015 extingui.
1383 945 1423 999 Ex
1433 943 1482 1000 illo
1498 944 1597 1016 itaque
1608 950 1748 1018 tempore,
1760 947 1838 1003 sicut

128 1030 302 1103 gaudentes,
319 1035 351 1085 ut
367 1047 418 1102 per
433 1031 521 1102 juges
542 1032 722 1087 interventus
738 1030 790 1086 filii
807 1031 955 1099 instructi,
1012 1030 1073 1102 ipse
1087 1032 1243 1098 fatebatur,
1256 1032 1340 1103 cujas
1351 1032 1449 1089 omnia
1460 1035 1547 1089 rerba
1558 1036 1835 1106 suntcredenda,ds

128 1118 215 1176 funes
229 1124 428 1192 peccatorum,
439 1120 546 1192 quibus
558 1125 651 1176 semet
667 1121 878 1192 circumplexos
894 1138 958 1175 scn-
1012 1118 1669 1195 nullocarnalidemonstratorescripturarum
1679 1124 1839 1197 apprehen·

129 1207 252 1278 fiebant,
277 1208 565 1265 solverenturldem
592 1226 658 1266 vero
687 1210 819 1281 pretiosae
850 1210 956 1266 indolis
1010 1208 1054 1263 dit
1070 1210 1398 1281 penetralia,tantoquc
1413 1210 1470 1266 sibi
1486 1217 1587 1284 postea
1601 1212 1696 1268 extitit
1710 1213 1838 1286 amplius

128 1313 201 1371 puer
217 1302 301 1355 tanta
316 1298 455 1354 aviditate
470 1315 503 1354 ac
519 1299 660 1355 memoria
677 1298 791 1355 litteras
806 1300 893 1371 coepit
906 1316 955 1353 ca·
1012 1298 1176 1371 ingenium,
1192 1304 1336 1371 quantum
1352 1288 1441 1356 distat
1464 1301 1540 1357 inter
1563 1301 1721 1359 hibernum
1744 1302 1837 1360 solem

128 1403 206 1459 pere,
223 1403 283 1459 quo
307 1388 409 1460 paucis
433 1405 578 1443 annorum
604 1389 777 1445 decursibus
798 1389 956 1445 transactis
1010 1391 1039 1442 et
1054 1388 1196 1444 aestivum.

128 1488 185 1531 non
201 1472 300 1531 solum
316 1473 455 1546 hystorici
467 1492 572 1530 sensus
584 1476 769 1548 superficiem
786 1476 955 1548 penetrarit,
1045 1478 1072 1531 6.
1088 1477 1131 1532 llu
1132 1477 1264 1547 jusmodi
1280 1477 1369 1550 igitur
1384 1480 1562 1551 profectibus
1573 1481 1617 1536 vir
1631 1481 1682 1537 Dei
1693 1485 1838 1540 maturas·

127 1579 227 1619 rernm
244 1563 332 1619 etiam
348 1562 471 1620 intimas
482 1565 688 1636 mysteriorum
705 1564 849 1622 medullas
860 1565 954 1621 inves·
1011 1583 1089 1637 cons,
1104 1566 1209 1623 cotidie
1220 1583 1251 1624 se
1266 1567 1330 1639 ipso
1341 1568 1489 1625 robustior
1498 1570 1657 1627 virtutibus
1669 1587 1835 1629 succresce-

129 1653 238 1725 tigarit.
256 1654 451 1719 Quamobrem
468 1654 497 1708 in
520 1654 641 1727 privatis
661 1656 724 1727 jam
749 1654 870 1711 minime
885 1671 953 1711 con·
1009 1656 1069 1724 bat,
1086 1656 1173 1711 etiarn
1190 1656 1219 1711 in
1236 1657 1321 1711 corde
1337 1674 1390 1712 sao
1402 1659 1545 1729 quasdam
1556 1660 1592 1715 de
1605 1660 1736 1717 convalle
1748 1660 1835 1717 lacri-

126 1744 226 1799 lentus
242 1747 287 1799 est
300 1742 412 1801 discere
427 1741 514 1812 locis;
531 1743 581 1799 sed
598 1743 648 1798 ubi
662 1750 731 1802 tuno
745 1743 774 1799 in
791 1744 991 1835 GermaniccB
1010 1760 1125 1799 marum
1150 1745 1335 1801 ascensiones
1362 1748 1453 1802 facere
1477 1747 1661 1820 disponebat.
1678 1754 1751 1806 Nam
1776 1748 1834 1806 nisi

123 1832 261 1903 partibus
277 1833 402 1888 maxima
424 1831 554 1905 pollebat
577 1832 690 1890 scolare
713 1833 855 1901 studium,
870 1839 951 1906 patre
1007 1832 1093 1889 amici
1110 1833 1245 1905 precibus
1261 1834 1398 1904 lleinrici,
1410 1852 1478 1891 cum
1495 1854 1551 1908 quo
1570 1837 1714 1895 familiare
1729 1838 1834 1895 habuit

122 1922 253 1978 ducente
263 1920 459 1978 bithalassum
470 1922 491 1956 ²⁸
502 1924 558 1994 (55)
569 1923 650 1993 adiit,
660 1923 689 1978 id
699 1926 888 1997 estAugense
898 1940 953 1979 coe·
1007 1923 1243 1983 contubernium,
1260 1923 1468 1992 retraheretur,
1491 1926 1659 1983 omnimodo
1684 1926 1836 1984 seculari-

121 2011 260 2068 nobium.
270 2011 335 2083 Ubi,
347 2012 486 2084 quoniam
497 2014 561 2083 ejus
573 2012 650 2068 fama
659 2012 767 2085 ingenii
779 2013 892 2085 pridem
903 2030 951 2069 au·
1007 2012 1062 2067 bus
1086 2014 1270 2068 renunciaret
1295 2013 1458 2072 desideriis.
1475 2014 1530 2071 Sed
1555 2015 1673 2072 assidue
1693 2020 1834 2087 tractans,

116 2102 271 2170 (liabetur,
283 2106 432 2174 gratanter
442 2106 486 2158 est
496 2106 661 2174 susceptus,
674 2102 811 2174 brevique
821 2107 878 2158 tem
883 2120 952 2175 pore
1006 2101 1077 2174 quia
1090 2102 1198 2157 caritas
1215 2118 1272 2157 non
1288 2104 1392 2173 quaerit
1407 2120 1471 2175 quen
1486 2120 1540 2160 sua
1556 2109 1634 2175 snnt,
1647 2106 1697 2161 sed
1713 2122 1775 2178 quae
1790 2105 1836 2161 al·

116 2191 258 2264 delapso,
275 2189 434 2263 magistris,
452 2189 503 2263 qui
531 2190 611 2247 illius
636 2191 804 2262 capacitatis
828 2209 952 2248 acumen
1007 2191 1109 2256 terius,
1126 2191 1162 2245 ad
1191 2194 1308 2263 tempus
1337 2190 1450 2247 distulit
1476 2194 1553 2263 quod
1584 2197 1685 2265 postea
1712 2193 1835 2251 devotus

112 2285 293 2347 senserant,
310 2280 436 2335 allicitur
457 2284 623 2351 suspectus.
641 2284 850 2337 Verumtamen
873 2282 952 2338 nullo
1007 2278 1149 2349 implevit.

112 2368 324 2443 despectionis
348 2368 425 2424 fastu
447 2385 482 2425 ex
505 2370 676 2440 hujusmodi
700 2372 861 2427 eminentia
876 2372 952 2426 intu·
1042 2372 1071 2423 7.
1087 2369 1169 2425 Brevi
1186 2369 1291 2425 dehinc
1307 2369 1421 2426 evoluto
1436 2376 1565 2443 tempore
1580 2372 1637 2444 (aa.
1653 2374 1727 2445 956),
1745 2372 1835 2429 llein-

111 2460 287 2525 mescebat,
301 2459 351 2514 sed
367 2474 434 2514 cum
450 2458 589 2515 omnibus
613 2459 641 2514 in
657 2460 743 2515 domo
758 2460 872 2516 ltomini
888 2477 954 2515 om·
1009 2458 1087 2514 ricus
1108 2459 1143 2513 ab
1159 2458 1263 2514 Ottonc
1286 2460 1389 2531 Magno
1405 2461 1611 2516 'frcrerensem
1634 2461 1762 2534 suscepit
1788 2479 1834 2517 ar·

112 2546 252 2605 balabat
265 2564 332 2604 cum
347 2564 504 2604 consensu.
1008 2547 1270 2619 cbiepiscopatnm,
1291 2553 1319 2603 et
1343 2553 1375 2603 ut
1398 2565 1498 2605 secum
1525 2549 1594 2605 illuc
1618 2549 1767 2607 adveniret
1781 2552 1835 2605 ob·

156 2640 186 2694 t.
205 2637 354 2695 Periclem
370 2643 488 2709 tempus
504 2638 589 2709 (circa
612 2655 658 2693 arr.
680 2639 743 2711 959)
759 2639 814 2694 fuit
838 2639 868 2694 in
891 2639 953 2696 loco
1009 2637 1075 2692 nixe
1099 2636 1237 2710 flagitavit
1270 2638 1387 2694 beatum
1414 2638 1634 2712 tt'olllrangum.
1651 2641 1684 2697 llt
1705 2639 1754 2695 ille
1779 2638 1834 2695 ali-

110 2726 283 2799 praefato”
296 2731 415 2798 propter
430 2727 561 2781 studium
574 2727 684 2783 scolare
699 2728 821 2801 quidam
837 2728 954 2784 lleinri·
1008 2727 1138 2799 quandiu
1155 2728 1306 2793 resistens,
1322 2728 1477 2783 cambone
1493 2745 1549 2784 non
1566 2734 1674 2801 posset,
1689 2728 1765 2785 male
1782 2744 1835 2784 no·

111 2817 223 2883 casm,
245 2814 352 2871 eximia
372 2818 549 2872 Francorum
574 2817 795 2889 Suct'orumque
820 2818 955 2890 prosapia
1010 2815 1066 2870 luit
1081 2832 1145 2872 csse
1160 2816 1287 2872 rebellis.
1305 2816 1453 2873 Profectus
1474 2822 1518 2873 cst
1541 2834 1610 2891 ergo
1635 2834 1703 2874 cum
1728 2818 1835 2876 amico.

112 2905 258 2979 genitus,
269 2905 319 2977 qui
334 2905 536 2978 supradictum
547 2907 686 2976 Juvenem
698 2907 826 2962 maximo
836 2906 892 2962 sibi
907 2907 955 2962 ad·
1010 2905 1092 2961 'func
1108 2905 1281 2961 reiterabilis
1302 2905 1424 2961 antistes
1445 2907 1566 2962 internae
1582 2906 1748 2963 dilectionis
1761 2907 1835 2977 vim,

115 3000 251 3053 nectens
261 3010 370 3062 amore,
383 2995 494 3067 rogavit
506 2996 601 3061 unice,
615 2999 646 3050 ut
657 3012 756 3052 secum
769 2996 804 3051 ad
818 2996 955 3068 llerbipo·
1011 3011 1180 3066 quanrerga
1189 2994 1284 3049 virum
1295 2995 1345 3050 Dei
1358 2994 1471 3063 habuit,
1482 2995 1596 3068 explere
1606 2997 1739 3069 cupiens,
1749 2997 1837 3054 bene-

114 3082 190 3153 lim,
213 3100 279 3157 quae
296 3100 313 3139 a
328 3083 448 3140 rusticis
463 3084 660 3157 Wirciburg³¹
687 3090 816 3153 vocatur,
834 3084 954 3142 veniret.
1014 3083 1088 3137 liciis
1104 3087 1132 3138 et
1143 3083 1336 3155 dignitatibus
1348 3085 1437 3140 tantis
1449 3084 1539 3140 coluit
1554 3102 1621 3141 euni
1632 3087 1835 3155 honorificare,

115 3173 188 3231 Hoc
207 3178 307 3230 autem
329 3173 393 3229 idco
408 3173 583 3246 propensius
606 3175 757 3245 suadebat,
773 3175 851 3247 quod
867 3175 956 3230 frater
972 3141 994 3208 G
1014 3171 1153 3243 quatinus
1165 3188 1342 3243 peromnem
1353 3174 1539 3246 episcopatus
1551 3175 1597 3228 sui
1607 3178 1782 3245 potestatem
1793 3192 1838 3231 ec·

116 3266 208 3337 ejus,
222 3262 322 3336 Poppo
343 3263 471 3331 nomine,
489 3262 689 3319 monarchiam
715 3264 794 3319 illius
816 3263 953 3336 episcopii
1010 3260 1834 3333 canduspostsc,ceterispralatushabereturdignitate.

116 3354 256 3409 tenebat
265 3352 319 3424 (56)
333 3356 361 3408 et
376 3353 523 3424 quendam
535 3352 713 3425 Stephanum
725 3353 760 3408 de
771 3352 854 3408 ltalia
864 3353 956 3409 scola·
1010 3350 1117 3405 Servus
1131 3354 1229 3404 autom
1244 3349 1298 3404 llei·
1311 3348 1498 3404 cenodoxiam
1522 3351 1647 3421 lugiens,
1661 3366 1836 3422 semperque

121 3442 175 3498 ris
191 3439 330 3498 doctrinas
344 3458 433 3497 causa
454 3441 602 3509 conduxit,
620 3441 670 3514 qui
694 3440 831 3497 omnibus
846 3441 956 3498 ibidem
1012 3457 1068 3513 pror
1086 3439 1179 3495 ocellis
1195 3437 1268 3494 illud
1284 3438 1477 3511 apostolicum
1492 3438 1605 3494 babens
1622 3456 1628 3494 :
1644 3440 1719 3496 Nihil
1734 3440 1834 3495 intuli-

119 3532 246 3588 discere
256 3531 441 3604 cupientibus
452 3531 618 3587 satisfacere
632 3530 868 3603 possit.Cumque
878 3532 956 3587 idem
1010 3545 1072 3583 raus
1086 3530 1115 3583 ia
1130 3529 1202 3583 lenam
1212 3527 1354 3597 ricaredum,
1365 3526 1411 3582 sed
1421 3543 1469 3582 uec
1478 3527 1543 3599 qaid
1553 3531 1665 3600 arescere
1675 3544 1834 3601 possumus,

120 3620 287 3679 Heinricus
304 3620 333 3676 in
358 3619 527 3692 hujusmodi
549 3620 683 3693 precibus
699 3620 879 3693 persisteret,
894 3638 955 3677 om·
1011 3623 1059 3673 et:
1077 3618 1129 3686 Qrd
1142 3618 1256 3688 cupiunt
1271 3616 1372 3672 diuites
1386 3615 1462 3687 ficri,
1474 3616 1600 3673 incidunt
1613 3618 1643 3672 ia
1657 3619 1766 3689 laqueos
1777 3616 1835 3673 dirr-

124 3709 562 3783 nemquebumanitatem,quae
572 3710 701 3765 discendi
711 3727 743 3765 ae
753 3710 956 3783 peregrinandi
1013 3708 1068 3763 boli
1092 3708 1114 3778 (l
1140 3708 1206 3761 lina
1224 3723 1261 3773 rr,
1276 3707 1305 3773 7,
1320 3708 1358 3777 9),
1375 3705 1424 3761 tali
1449 3706 1559 3762 bonore
1583 3724 1614 3763 ae
1638 3707 1737 3763 dicens
1762 3706 1839 3763 indi·

126 3800 295 3858 necessitas
310 3799 410 3873 exigit,
432 3799 623 3872 promitteret,
649 3801 757 3872 petenti
772 3802 891 3856 tandem
911 3817 958 3856 ac·
1013 3814 1116 3870 gnum,
1133 3796 1251 3851 taudem
1273 3796 1422 3852 consensit
1450 3795 1619 3853 scolasticos
1644 3799 1766 3869 juvenes
1782 3792 1840 3851 sibi

129 3890 256 3963 quievit.
264 3888 422 3946 Venientes
437 3905 505 3962 ergo
516 3888 604 3944 simul
617 3889 652 3944 ad
664 3890 832 3961 predictam
845 3890 958 3958 urbem,
1014 3885 1230 3953 commendari;
1247 3885 1382 3957 prudenti
1397 3902 1470 3941 usus
1481 3885 1612 3956 consilio,
1625 3890 1657 3941 ut
1671 3886 1783 3942 scilicet
1797 3886 1840 3940 in-

130 3977 277 4036 scolarem
294 3978 405 4034 adeunt
416 3978 603 4051 magistrum,
614 3981 643 4033 et
658 3979 714 4033 sub
726 3979 790 4050 ejas
804 3979 962 4051 disciplina
1015 3992 1087 4048 gens
1102 3975 1241 4031 doctrinae
1257 3974 1400 4029 talentum
1419 3973 1475 4029 sibi
1491 3992 1508 4029 a
1522 3974 1581 4029 Deo
1605 3974 1747 4030 traditam
1773 3974 1841 4031 allis

132 4073 368 4134 commorantes,
399 4067 558 4140 aliquantis
582 4067 686 4123 diebus
711 4066 838 4124 habuere
861 4067 960 4141 propi·
1015 4064 1189 4131 exhibendo,
1202 4064 1278 4119 sicut
1288 4062 1579 4135 dispensatorfrdelis
1594 4063 1793 4120 fructificaret.
1807 4063 1841 4120 ln

136 4157 222 4213 tium.
1017 4172 1075 4227 quo
1091 4153 1188 4209 labore
1199 4151 1272 4207 nibil
1288 4151 1371 4216 lucri,
1384 4151 1456 4207 nihil
1471 4152 1612 4209 mercedis
1624 4152 1679 4209 sibi
1695 4170 1776 4209 more
1790 4168 1842 4208 sae·

172 4248 199 4302 5.
210 4246 283 4303 Cum
298 4251 396 4303 autem
408 4247 535 4320 quadam
547 4247 594 4303 dic
607 4247 636 4303 in
650 4246 793 4303 Martiano
804 4248 839 4302 de
850 4247 962 4320 nuptiis
1017 4242 1108 4299 calari
1124 4242 1263 4312 [exhiberi
1280 4241 1372 4297 voluit
1383 4242 1427 4312 3Ἴ,
1445 4241 1495 4298 sed
1512 4247 1543 4297 ut
1559 4242 1631 4298 alios
1647 4242 1841 4309 lucrifaceret,

135 4336 268 4393 lleraurii
284 4342 313 4394 et
328 4335 493 4409 philologiae
514 4335 633 4409 legeret,
648 4337 794 4408 quomodo
810 4334 964 4409 utriusque
1018 4332 1144 4388 decrevit
1159 4330 1283 4404 operari.
1300 4330 1339 4386 De
1360 4329 1442 4385 nullo
1467 4348 1594 4402 namque
1618 4329 1844 4402 discipulorum,

142 4440 246 4483 nomen
258 4425 389 4499 rhythmi
399 4425 596 4499 profunditate
608 4426 774 4482 conveniret
784 4430 812 4481 et
823 4441 880 4482 non
892 4425 963 4482 satis
1019 4421 1096 4477 sicut
1109 4420 1241 4493 plerique
1251 4418 1346 4475 solent
1358 4420 1500 4488 doctores,
1512 4417 1595 4474 illurn
1611 4419 1771 4490 satyricum
1785 4416 1845 4474 cla-

153 4512 299 4589 diligenter
309 4514 500 4587 exprimeret:
508 4515 683 4585 juvenes,ut
697 4514 776 4571 soliti
791 4516 920 4583 fuerunt,
930 4515 967 4570 ad
982 4514 1006 4579 D
1021 4516 1136 4567 mantes
1150 4527 1266 4566 versum
1283 4527 1289 4564 :

148 4604 361 4677 perspicacioris
371 4603 580 4661 sensusvirum
593 4603 644 4659 Dei
654 4603 865 4675 Woll'kangum
880 4620 965 4659 vene·
1067 4618 1149 4667 Nosse
1165 4616 1261 4666 volunt
1277 4629 1380 4673 omnes,
1396 4615 1545 4665 mercedem
1562 4614 1666 4664 solvere
1683 4628 1773 4673 nemo,

150 4696 223 4765 runt,
237 4698 265 4750 et
278 4697 311 4750 ut
325 4692 442 4749 numeri
458 4691 661 4749 difficultatem
676 4692 843 4766 explicaret,
861 4693 965 4749 unani·
1565 4678 1633 4740 (tur.
1650 4690 1692 4737 W»
1704 4678 1769 4738 15Ἦ)

154 4778 231 4839 miter
243 4782 476 4857 postulaverunt.
492 4786 529 4837 At
543 4781 600 4849 ille,
613 4784 688 4838 sicut
702 4785 764 4839 erat
777 4783 923 4856 benignus
939 4787 968 4839 et
1021 4795 1110 4836 causa
1125 4775 1369 4833 remunerationis
1391 4774 1501 4847 aliquid
1517 4775 1661 4847 exigebat,
1680 4773 1815 4848 quamvis
1830 4792 1848 4831 a

150 4863 272 4946 etratus,
286 4890 345 4929 non
360 4871 456 4929 solum
473 4872 550 4944 quod
570 4877 750 4944 negaverant,
761 4888 862 4927 vertam
878 4873 966 4927 etiam
1023 4867 1156 4940 pluribus
1170 4870 1331 4937 cogeretur.
1342 4863 1479 4919 Nondum
1491 4880 1557 4919 vcro
1569 4865 1719 4938 presbyter
1733 4862 1849 4921 ordina·
1900 4910 1903 4915 .

145 4964 264 5019 Omnem
279 4961 371 5035 bajus
393 4961 543 5018 sententiae
562 4960 819 5033 scrupulositatem
835 4960 969 5033 operiens
1023 4961 1070 5012 tus
1086 4973 1103 5010 a
1118 4970 1204 5011 carne
1219 4958 1316 5009 tannen
1343 4970 1374 5008 sc
1398 4953 1551 5021 abstinuit,
1564 4970 1616 5008 nec
1639 4954 1768 5026 pretiosa
1781 4969 1848 5009 ves-

137 5036 314 5108 insinuavit.
339 5054 401 5120 Quo
422 5055 581 5123 comperto,
599 5051 740 5123 magister
763 5052 902 5124 praefatus
926 5050 970 5107 irc
1022 5048 1146 5103 timente
1157 5043 1301 5117 quesivit,
1312 5043 1420 5117 vigiliis
1435 5061 1552 5116 qaoque
1567 5049 1596 5099 et
1610 5043 1793 5100 orationibus
1803 5043 1849 5115 je·

132 5140 323 5209 ⁰⁰111motus,
337 5155 375 5198 ne
389 5138 514 5197 ulterius
527 5156 587 5197 suae
602 5140 757 5197 interesset
771 5139 899 5211 lectioni,
914 5140 969 5196 sub
1019 5137 1173 5211 juniisque
1183 5134 1310 5202 deditus,
1322 5149 1442 5206 corpore
1456 5133 1653 5202 solummodo,
1665 5148 1724 5189 non
1739 5135 1849 5205 mente,

825 5283 944 5339 VARlAE
964 5279 1171 5341 LECTIONES.

161 5380 201 5418 ²⁸
223 5387 393 5453 bitalassum
408 5394 435 5450 2.
473 5392 621 5466 ¹fprivato
637 5392 735 5449 l‘led.
772 5390 947 5448 ⁸⁰henricu
960 5394 989 5448 2.
1005 5403 1122 5462 eernper.
1159 5388 1182 5424 ³¹
1198 5385 1367 5458 uvirziburg
1381 5387 1408 5441 2.
1446 5384 1620 5444 8²derrantl.

940 5516 1057 5582 NOTAE.

137 5612 232 5705 (55)
247 5632 282 5697 fd
296 5634 355 5711 en,
370 5630 446 5695 mari
460 5630 593 5708 undique
606 5630 746 5692 cinctum.
1061 5624 1119 5711 (56)
1133 5624 1259 5688 Sciebat
1273 5639 1301 5682 a.
1315 5620 1379 5698 941,
1394 5620 1460 5705 962,
