3892 6096
57 246 123 311 257
552 238 626 307 hle.
650 245 707 308 Dii
723 246 913 317 ADthNltl'.¹
935 251 1082 317 obtato.
1106 253 1156 315 ΕΤ
1176 246 1279 317 utic.
1707 261 1782 334 ἔδει

379 376 497 435 CAPUT
516 377 577 436 Vll.
902 390 931 459 Α
945 384 1151 457 pturaindicat
1161 390 1386 458 quantacorona
1395 407 1447 464 per
1455 395 1624 454 tentationis
1635 415 1766 473 pugnam

59 472 124 540 Quo
138 469 245 526 ratane
257 467 325 524 laici
338 483 355 522 o
370 468 478 524 clericis
490 484 525 525 ec
548 471 672 527 universi
693 471 774 543 bojas
789 477 890 529 οιιιιιιιι
943 474 1092 545 proveniat
1106 473 1224 531 dicens:
1240 477 1338 534 Beatos
1352 479 1396 534 oir
1409 484 1457 552 ριιι
1470 484 1567 556 reffert
1577 490 1765 558 tentationem,

175 539 211 596 Μ
226 540 366 596 ‘dmm
381 556 503 597 “militm
520 557 556 613 pr
556 543 688 598 ⁰v0⁶amli
699 552 772 599 iuni·
943 565 1072 634 quoniam
1084 580 1146 620 cum
1160 567 1289 635 probatae
1307 569 1396 636 faerit
1419 575 1535 643 accipiet
1555 592 1687 635 coronam
1700 581 1778 639 vite.

96 648 245 706 Attendite
258 663 327 720 ergo
341 664 419 703 nunc
433 647 607 720 generaliter
628 649 659 705 in
679 650 769 707 totius
785 652 887 708 mnndi
944 653 1011 723 (tac.
1026 669 1045 722 1,
1062 653 1116 724 12).
1133 652 1161 708 si
1176 653 1266 726 igitur
1283 654 1344 712 haec
1368 658 1437 723 duo,
1461 676 1525 732 que
1545 664 1609 735 Jam
1624 667 1764 739 diximus,

59 742 202 803 ornatum
229 736 376 810 quamodo
400 736 500 793 omnia
523 737 647 794 invicem
672 740 846 796 conveniant
860 745 890 796 et
944 741 979 796 de
995 740 1212 813 pulchritudine
1222 743 1428 815 temporalium
1438 746 1657 826 visibiliumque
1668 773 1765 815 rerum

58 831 271 902 temperentur,
288 825 382 883 calida
397 825 509 882 scilicet
519 826 646 898 frigidis,
658 827 764 900 frigida
773 827 887 895 calidis,
943 828 1143 902 intelligenda,
1159 830 1287 902 qualiter
1300 832 1412 890 scilicet
1426 851 1477 907 por
1501 853 1565 895 eam
1581 844 1774 904 considerare-⁷

56 915 314 991 temporadiurna
328 914 491 982 nocturnis,
505 915 606 972 estiva
628 915 816 973 hiemalibus.
834 923 888 975 De·
943 917 1780 1007 debeamnseternorumbonorumqualitatemquodque.

58 1007 129 1064 hinc
144 1004 316 1079 specialiter
325 1002 355 1060 in
366 1002 486 1077 singula
498 1021 631 1078 queque,
644 1005 697 1062 hoc
708 1007 792 1062 estin
804 1023 889 1064 orna·
944 1022 995 1079 per
1021 1008 1153 1064 eamdem
1183 1010 1315 1065 tentandi
1342 1011 1437 1070 simus
1464 1019 1576 1072 utrum
1593 1022 1684 1077 Deum
1699 1022 1772 1093 plas-

57 1100 123 1154 cum
138 1095 244 1154 celiet
254 1099 346 1151 terre.
357 1092 427 1151 Geli
438 1094 558 1166 quidem
569 1112 621 1167 per
631 1095 733 1162 solem,
747 1099 776 1151 et
786 1094 888 1153 lunam
944 1112 1031 1168 quam
1052 1095 1184 1168 speciosa
1199 1114 1323 1171 queque
1342 1101 1472 1160 carnalia
1495 1104 1663 1178 diligamus,
1680 1111 1705 1165 si
1720 1112 1765 1168 in·

57 1185 227 1254 cistellam
242 1188 326 1240 terre
340 1199 408 1239 vero
431 1199 483 1255 per
506 1184 602 1241 varios
618 1184 704 1242 liores
719 1201 850 1241 amenos
860 1188 903 1240 et·
944 1200 1043 1257 quam,
1055 1184 1116 1241 heo
1127 1187 1363 1259 utraquesedulo
1375 1190 1503 1248 recolitis
1513 1198 1542 1249 et
1551 1198 1694 1270 tractatis,
1707 1217 1768 1258 man

54 1274 176 1345 herbas,
188 1272 404 1346 atquearbores
416 1274 445 1328 at
455 1271 581 1340 iruotus,
593 1272 775 1346 undegenue
785 1272 887 1345 huma,
944 1288 1031 1345 gnam
1042 1273 1189 1330 variarum
1203 1275 1344 1333 virtutum
1364 1277 1549 1339 dulcedinem
1568 1285 1647 1341 omui
1663 1302 1765 1360 corpo·

52 1381 129 1421 num
139 1363 282 1421 alimenta
291 1360 426 1435 suscipit,
435 1359 688 1433 pulchritudinem
698 1378 888 1435 quoquepre.
944 1360 996 1417 reli
1013 1361 1099 1418 melle
1113 1363 1278 1423 suaviorem
1292 1364 1428 1438 colligere
1442 1370 1586 1440 poteritis.

52 1452 357 1525 tioeorumlapidum,
380 1450 511 1524 picturas
537 1451 633 1509 varies
658 1456 720 1508 tam
746 1453 774 1508 in
791 1451 889 1525 palliis
1253 1470 1365 1528 CAPUT
1382 1472 1455 1530 pffl,

55 1559 146 1616 ‘imm
162 1543 193 1599 1¹¹
208 1542 321 1599 ⁰³1⁰!ss
334 1541 472 1613 Piflil⁰³l³
487 1541 594 1614 pinnis
610 1540 822 1598 dsslffliflbililel
842 1541 887 1596 5¹¹·
942 1557 1297 1627 wintancestrensis,
1317 1562 1394 1618 caete
1417 1565 1492 1635 oripo
1515 1566 1725 1641 adversitatum,
1738 1582 1774 1631 et.
1852 1592 1854 1597 ¹

54 1630 455 1704 textasverioequecolores‚
474 1630 581 1701 quibus
598 1631 805 1699 coniiciuntur,
822 1629 888 1688 dul·
978 1628 1108 1710 ριιιιιιιιιιο
1136 1631 1205 1685 Deae
1233 1631 1282 1686 boa
1308 1634 1431 1692 occidero
1454 1641 1598 1707 permittat
1622 1644 1653 1697 in
1674 1643 1762 1702 tomi.

56 1734 118 1781 cem
148 1720 326 1779 cantilenam
356 1719 534 1777 chordarum
572 1725 659 1792 atque
694 1736 884 1793 organorum,
976 1700 1214 1768 ”liwmmt'dumv
1230 1708 1284 1759 ⁰20·

56 1810 186 1871 nitorem
201 1810 265 1866 auri
280 1814 309 1866 et
322 1809 447 1882 argenti,
460 1809 614 1882 ceterique
625 1808 746 1878 metalli,
756 1826 884 1867 amenas
974 1805 1016 1861 Ad
1032 1805 1093 1862 haec
1107 1806 1195 1863 etiam
1212 1808 1364 1867 sciendum
1386 1816 1415 1868 et
1439 1829 1491 1886 pro
1516 1817 1662 1889 spirituali
1679 1822 1764 1880 melle

57 1900 371 1970 innumerarum,
390 1895 441 1968 qui
452 1896 609 1952 necessarii
630 1899 768 1952 sunttam
780 1896 816 1952 ad
832 1913 884 1952 na·
938 1894 968 1951 in
982 1895 1105 1952 vascula
1122 1896 1253 1953 cordium
1273 1904 1437 1958 vestrorum
1462 1906 1678 1964 recondendum
1695 1912 1777 1983 qula·-

56 2004 107 2044 ves
117 1987 291 2044 deferendas
302 2001 391 2058 quam
402 1986 439 2043 ad
449 1985 768 2057 molaspreparandas,
778 1985 884 2043 miram
938 1999 1121 2057 quecunque
1136 1984 1166 2040 in
1181 1989 1321 2045 creaturis
1337 1989 1499 2048 adversitas
1514 1993 1557 2050 vel
1583 1995 1612 2052 in
1630 1998 1694 2070 ipsa
1707 1999 1763 2056 hu·

57 2080 229 2134 aromatum
250 2074 450 2148 fragrantiam,
477 2079 625 2147 postremo
652 2074 740 2130 etiam
763 2075 884 2130 decoros
939 2089 1027 2129 mana
1042 2079 1147 2132 natura
1170 2076 1295 2131 habetur
1315 2078 1422 2150 vilitas,
1437 2096 1472 2136 ex
1485 2080 1638 2141 hominum
1655 2088 1763 2159 primo.

57 2161 552 2236 hominumquorumdamvultua.
569 2162 885 2235 Cumquehecomnia
938 2179 1004 2217 rum
1027 2164 1262 2235 prevaricatione
1286 2167 1401 2223 accidit.
1430 2169 1585 2242 Postquam
1610 2174 1690 2231 anim
1719 2176 1762 2232 illi

58 2255 134 2313 miro
148 2253 281 2326 quodam
301 2258 330 2308 et
343 2252 484 2309 ineffabili
500 2257 606 2308 ornatu
630 2251 793 2325 composita
806 2255 884 2308 exte·
939 2258 1115 2324 preceptum
1131 2253 1264 2311 divinum
1280 2260 1529 2329 contempserunt,
1546 2276 1613 2317 mox
1628 2267 1656 2318 et
1670 2263 1699 2320 in
1716 2282 1762 2322 se·

58 2340 885 2418 nusperspexcritis,attenditeetiamquantumornatum
939 2340 1073 2412 metipsis
1087 2346 1115 2397 ct
1129 2341 1158 2396 in
1172 2343 1253 2398 omni
1268 2349 1402 2400 creatura
1419 2346 1538 2404 sibimet
1553 2352 1699 2408 contraria
1710 2354 1762 2410 ba-.

59 2432 197 2499 intortus,
213 2431 243 2488 id
267 2434 312 2487 est
334 2430 526 2502 spiritualiter
548 2434 701 2502 perspecta
716 2429 844 2487 habeant
857 2432 899 2487 et·
939 2430 1006 2487 bere
1022 2437 1208 2498 meruerunt;
1226 2432 1255 2486 in
1275 2433 1441 2505 semetipsis
1468 2437 1597 2507 quidem,
1628 2441 1696 2513 quia
1711 2441 1771 2499 illa=

61 2519 506 2595 quidnosperaignillcationem
517 2519 704 2576 admoneant.
714 2518 886 2592 Significant
938 2518 1148 2575 honestissima
1161 2520 1251 2576 beate
1267 2520 1496 2580 immortalitatis
1510 2525 1613 2597 gloria,
1629 2529 1766 2601 inquaet

62 2610 137 2667 cuim
153 2609 305 2683 precipua
319 2609 463 2681 quedam,
477 2608 555 2663 unde
568 2624 619 2663 vos
642 2624 754 2680 magne
767 2607 885 2664 virtutis
938 2607 995 2680 ipsi
1010 2608 1119 2664 conditi
1136 2614 1205 2664 sunt
1221 2614 1249 2665 et
1259 2626 1348 2682 quarn
1362 2628 1464 2669 omnes
1484 2614 1568 2670 eleoti
1587 2618 1763 2691 quandoque

62 2703 89 2754 et
101 2697 256 2771 sapientie
270 2695 360 2753 mella
371 2695 507 2770 colligere
520 2695 633 2752 valetis.
648 2697 778 2769 Denique
788 2697 887 2753 omnis
940 2699 1082 2769 recepturi
1093 2702 1174 2765 sunt,
1186 2699 1274 2767 exuti,
1287 2699 1443 2757 inhonesta
1452 2704 1585 2774 quedam
1593 2708 1774 2764 verecunda·

64 2791 185 2844 ornatus
199 2791 228 2842 at
243 2784 431 2859 pulchritudo
446 2789 594 2851 creature,
620 2802 684 2858 que
705 2785 735 2841 in
751 2784 886 2858 presenti
940 2786 1192 2843 carnisindiciain
1204 2795 1412 2858 assenserunt,
1427 2792 1504 2847 unda
1515 2794 1779 2854 atnudoaseesse

63 2875 218 2932 vitanohis
236 2872 408 2941 famulatur,
423 2874 478 2929 hoc
490 2890 544 2930 nos
559 2874 688 2945 instruit,
704 2875 751 2930 hio
767 2892 820 2930 nos
835 2875 885 2930 ad·
940 2876 1120 2931 erubuerunt
1130 2875 1205 2947 (Gen.
1223 2877 1277 2948 ιιι),
1293 2877 1323 2933 in
1339 2879 1481 2936 creaturis
1502 2897 1569 2938 vero
1584 2887 1627 2938 tot
1640 2884 1778 2942 adversa·

65 2968 162 3022 monet
174 2968 209 3020 ut
223 2963 424 3032 attendamus,
440 2963 544 3036 quiesi
556 2963 886 3036 temporaliabonatam
941 2969 1012 3035 quot
1027 2964 1095 3036 ipse
1111 2970 1180 3021 aunt
1200 2970 1349 3025 creature.
1375 2968 1463 3025 Nulla
1485 2970 1594 3044 quippe
1616 2973 1764 3030 invenitur
1809 2996 1811 3000 ⁴

64 3052 248 3110 delectabilia
261 3053 325 3109 visu
340 3050 384 3108 vel
399 3053 501 3109 auditu
514 3053 691 3117 consistunt,
708 3051 801 3109 multo
812 3052 886 3109 dele·
941 3057 1153 3125 creaturaque
1168 3056 1298 3126 peccanti
1314 3056 1426 3113 homini
1451 3074 1502 3130 per
1523 3059 1623 3133 aliqua
1638 3068 1764 3135 nequeat

64 3142 214 3200 ctahiliora
226 3146 259 3198 et
270 3140 437 3214 pulchriora
451 3146 481 3199 ct
501 3147 608 3198 eterna
632 3158 696 3198 esse
712 3143 883 3214 probantur.
900 3131 922 3198 G
941 3141 1082 3198 obsistere
1097 3142 1228 3199 adversa.
1250 3144 1305 3200 Sed
1330 3144 1391 3200 hec
1415 3147 1514 3202 omnia
1537 3149 1614 3206 Deus
1629 3154 1762 3224 omnipo·

62 3231 347 3305 Estetaliudquod
374 3231 404 3287 in
428 3232 633 3304 temporalium
661 3230 886 3303 bonorumpul·
941 3237 1006 3288 tens
1034 3231 1063 3284 in
1093 3228 1221 3303 aliquam
1246 3231 1403 3289 utilitatem
1421 3237 1580 3304 convertit;
1611 3244 1662 3292 aut
1683 3239 1766 3295 enim·

62 3320 886 3392 chritudinedebemusadvertere;quoniamenimomuis
941 3319 1065 3392 castigat
1077 3335 1129 3391 per
1144 3319 1203 3375 heo
1218 3319 1364 3388 homines,
1391 3325 1424 3376 ut
1451 3338 1469 3376 a
1494 3324 1683 3393 pravitatibus
1698 3327 1780 3382 suis-

62 3409 149 3469 homo
159 3409 332 3483 probandus
342 3408 426 3466 estin
437 3409 491 3466 hac
501 3409 561 3466 vita
574 3414 672 3466 utrum
687 3409 780 3479 Deum
792 3410 886 3483 magis
941 3412 1157 3476 convertantur,
1174 3407 1249 3463 sicut
1265 3424 1341 3479 sepe
1366 3407 1463 3481 agitur
1490 3426 1541 3480 pcr
1566 3412 1641 3468 aeris
1657 3412 1762 3470 intem·

62 3499 170 3573 diligat
178 3504 440 3570 quamcrestaram
451 3498 597 3569 decoram,
611 3498 655 3555 vel
668 3503 776 3555 eterna
790 3498 886 3570 potius
941 3498 1064 3570 pericm,
1080 3513 1132 3569 per
1154 3496 1352 3570 pestilentiam
1380 3503 1410 3553 et
1438 3499 1557 3567 lumem,
1572 3515 1625 3556 nec
1640 3518 1696 3557 non
1712 3518 1770 3574 par

61 3605 148 3661 quam
166 3585 341 3659 temporalia
355 3589 443 3658 bona,
458 3588 653 3661 opponituret
663 3587 775 3661 jugiter
788 3586 888 3661 aliqua
941 3586 999 3645 alia
1014 3585 1145 3659 flagella;
1162 3588 1213 3641 aut
1228 3586 1256 3641 in
1273 3585 1320 3641 his
1335 3587 1517 3643 occasionem
1541 3588 1592 3644 dat
1604 3590 1765 3663 unicuique

62 3677 174 3750 speeies
190 3676 298 3734 decora
320 3681 349 3734 et
373 3675 554 3733 delectabilis
582 3677 626 3733 vel
659 3676 827 3744 mulierum,
842 3676 887 3733 vel
941 3681 974 3732 ut
988 3676 1095 3733 habeat
1108 3675 1187 3730 unde
1199 3672 1326 3747 qualitas
1341 3676 1406 3745 eJ'us
1430 3676 1580 3747 probatur,
1596 3677 1764 3752 sioutsepe

62 3766 200 3838 vestium,
214 3765 261 3823 vel
276 3766 472 3836 metallorum,
486 3783 538 3823 seu
555 3765 678 3822 aliarum
695 3783 802 3834 rerum,
815 3767 886 3822 utin
943 3765 1085 3838 contingit
1098 3781 1150 3835 per
1163 3763 1228 3829 hos,
1244 3762 1295 3834 qui
1309 3761 1420 3819 divitiis
1435 3766 1464 3819 et
1490 3765 1620 3836 potentia
1635 3768 1764 3824 abutun-

62 3855 487 3928 eiatentatusexpcrimentum
505 3856 658 3928 suicapiat
674 3856 887 3928 quelitcrscili·
942 3858 1066 3920 lur‚seu
1090 3853 1120 3908 iu
1145 3852 1340 3924 quarumdam
1366 3851 1526 3908 bestiarum
1552 3854 1700 3912 ferocitate
1714 3857 1765 3912 de-

63 3948 108 4003 cet
128 3946 222 4002 iteum
247 3944 351 4001 timeat
374 3950 402 4001 et
422 3944 534 4016 diligat.
552 3945 642 4002 Nemo
666 3946 887 4019 quippecertns
942 3946 1087 4000 monstrat
1100 3940 1208 3997 diaboli
1236 3940 1389 4008 malitiam,
1419 3945 1451 3996 ut
1479 3941 1509 3997 in
1537 3940 1664 4001 leoneet
1684 3945 1765 4017 lupo.

64 4050 125 4092 esse
138 4033 220 4091 valet
235 4033 333 4106 qualis
348 4034 398 4102 sit,
414 4034 472 4089 nisi
488 4034 517 4090 in
541 4034 712 4106 hujusmodi
728 4035 888 4092 tentatione
941 4032 1042 4089 Nonne
1058 4032 1087 4087 in
1104 4030 1216 4087 cunctis
1232 4030 1458 4087 adversitatibus
1470 4032 1534 4102 jam
1549 4048 1766 4091 commemora·

64 4125 205 4195 probabas
215 4123 312 4180 luerit.
323 4124 413 4195 Cujus
425 4123 564 4180 nimirum
576 4124 615 4180 rci
624 4123 790 4196 exemplum
801 4125 888 4181 notis·
941 4121 980 4178 tis
996 4122 1108 4177 utilitas
1123 4136 1230 4192 magna
1245 4118 1392 4175 hahetur?
1406 4119 1544 4192 Nunquid
1560 4120 1631 4179 utile
1642 4139 1699 4179 aon
1711 4122 1781 4179 erit.

64 4212 174 4270 simum
197 4212 229 4269 in
259 4229 436 4285 unoquoque
464 4212 557 4268 milite
582 4213 704 4285 potestis
720 4229 887 4286 agnoscere.
943 4211 1019 4282 quod
1045 4208 1168 4266 latentes
1189 4207 1323 4265 Ecclesia
1346 4208 1446 4265 hostes
1467 4210 1532 4267 ideo
1552 4216 1670 4284 accepta
1686 4218 1767 4285 pote·

62 4299 167 4359 blilitis
181 4318 310 4374 namque
323 4301 482 4374 cujuslibet
497 4302 601 4375 peritia
624 4307 653 4357 et
676 4302 815 4360 tortitudo
829 4321 887 4359 non
943 4303 1018 4355 state
1037 4297 1248 4370 permittuntur
1271 4296 1415 4353 dominari
1443 4303 1475 4353 ut
1502 4304 1531 4355 et
1559 4299 1614 4356 hoc
1629 4304 1782 4373 appareat·=

64 4391 235 4462 agameitnr
248 4390 305 4448 nisi
319 4391 351 4447 in
370 4389 456 4448 bello.
473 4391 515 4447 lbi
539 4391 616 4447 enim
642 4390 666 4447 si
691 4393 791 4449 omnia
805 4398 908 4451 cauta,
943 4387 1045 4460 quales
1063 4385 1117 4458 ipsi
1147 4385 1206 4441 sint
1228 4390 1255 4441 et
1281 4383 1354 4440 alios
1381 4387 1583 4457 persecutione
1608 4404 1672 4457 sua,
1689 4387 1785 4444 velut·-

65 4478 317 4553 cgerit,saipsum
330 4480 476 4550 muniens,
493 4480 1048 4563 adversarioaverocadens,paurum
1074 4475 1104 4529 in
1134 4474 1260 4540 fornace,
1291 4473 1428 4546 pt⁰btl⁰⁵
1455 4473 1608 4531 efficiant?
1628 4474 1782 4547 Nunquid‘

66 4568 264 4627 insedentem
276 4568 380 4627 merito
391 4568 529 4627 laudatur
537 4570 678 4641 fortisque
690 4569 775 4625 miles
785 4570 892 4643 predi,
944 4563 1014 4620 utile
1029 4579 1086 4618 non
1100 4563 1240 4634 eritquod
1250 4561 1343 4617 hostis
1353 4560 1511 4617 invisibilis
1522 4561 1656 4618 ferocitas
1666 4567 1694 4618 et
1705 4579 1769 4618 ma·

66 4660 156 4717 cetea
171 4657 289 4717 Bellum
302 4675 419 4733 quoque
441 4675 499 4717 non
523 4660 685 4731 incongrue
707 4659 889 4717 vocaturille
943 4652 1006 4708 litia
1034 4668 1086 4723 per
1111 4649 1224 4723 aliquas
1253 4649 1362 4707 bestias
1392 4649 1501 4706 feroces
1530 4651 1769 4706 demonstraturi

67 4745 219 4803 condictus
232 4762 320 4820 quem
332 4746 444 4819 jugiter
458 4761 543 4819 agore
558 4747 700 4802 debemus
714 4750 815 4802 contra
830 4746 890 4802 dia·
944 4741 1112 4799 sicutenim
1128 4739 1173 4796 leo
1189 4744 1217 4796 et
1232 4737 1318 4811 lupus
1343 4737 1497 4794 visibiliter
1511 4739 1690 4798 insidiantur
1703 4740 1768 4795 eni-

67 4832 164 4892 baum
179 4834 288 4892 salutis
302 4840 407 4892 nostre
423 4834 565 4891 invidum.
584 4835 649 4907 Ipse
664 4835 742 4891 enim
759 4852 817 4891 non
832 4851 890 4892 ces
944 4831 1066 4888 mallum
1082 4829 1230 4902 gregibus,
1245 4828 1286 4883 ite
1300 4831 1329 4883 et
1348 4827 1474 4884 diabolos
1486 4842 1615 4899 querens
1627 4845 1707 4901 qoem
1721 4828 1769 4887 dea

68 4927 110 4979 sat
122 4940 177 4983 uos
190 4925 230 4983 ad
246 4925 301 4982 hoc
314 4924 424 4983 illicere
438 4923 889 4997 tantandouttemporaliabona
944 4924 1017 4977 voret
1032 4922 1057 4992 (l
1071 4920 1145 4975 Peto.
1161 4935 1188 4988 v,
1205 4916 1233 4988 8)
1257 4921 1286 4972 et
1314 4916 1350 4971 ad
1379 4916 1572 4988 perditionem
1600 4918 1708 4986 trabat,
1722 4917 1793 4977 in-·-

68 5014 158 5086 magis
171 5029 264 5087 quam
279 5019 388 5075 eterna
402 5013 571 5088 diligamus,
583 5018 611 5070 ot
621 5019 654 5070 nt
664 5030 745 5085 spem
757 5018 888 5070 nostram
943 5009 1098 5067 visibiliter
1111 5006 1268 5063 insidiatur
1279 5005 1394 5062 cunctis
1410 5005 1557 5063 lldelibus.
1575 5007 1610 5062 Et
1623 5007 1770 5080 quomodo

69 5099 233 5162 traducis
254 5101 440 5160 solummodo
465 5105 551 5160 rebus
581 5120 736 5176 ponamus.
766 5103 819 5160 Sed
835 5118 910 5158 nos.
942 5115 1005 5170 vos,
1019 5096 1069 5170 qui
1084 5095 1175 5152 libros
1190 5093 1321 5162 nescitis,
1335 5092 1422 5151 aliter
1437 5094 1582 5153 malitiam
1598 5095 1708 5152 diaboli
1723 5095 1774 5150 in·-

69 5204 209 5253 memores
223 5198 340 5250 eterne
355 5192 431 5264 vite,
452 5193 487 5249 ad
503 5209 592 5264 quam
609 5192 728 5260 conditi,
745 5191 889 5265 redempti
942 5186 1067 5245 visibilis
1079 5201 1238 5258 agnoscere
1253 5182 1389 5256 possetis,
1405 5184 1507 5241 nistin
1523 5184 1622 5257 aliqua
1636 5188 1790 5242 erecturam

68 5281 219 5340 etinvitati
240 5298 358 5350 sumus,
384 5282 525 5339 debemus
548 5281 683 5339 resistere
707 5279 851 5337 illecebris
860 5284 906 5336 et·
942 5275 1060 5333 visibilii
1076 5274 1217 5346 vobisque
1236 5272 1566 5346 cognitadocaremini‘i

67 5372 318 5444 concupiscentiis,
335 5388 415 5444 quae
425 5371 455 5428 in
470 5371 560 5428 corda
574 5374 674 5427 nostra
686 5369 787 5439 mittit,
798 5373 894 5425 atten·
978 5365 1059 5423 Talia
1071 5381 1140 5437 ergo
1156 5364 1191 5420 de
1206 5362 1418 5419 clementorum
1443 5367 1616 5418 cunctorum
1640 5361 1772 5420 adversi·
1788 5404 1791 5409 .

66 5456 161 5518 dente
188 5462 268 5535 quod
297 5461 442 5535 scripturn
474 5465 537 5519 est:
564 5463 630 5519 Post
657 5459 890 5531 concupiscentias
942 5460 1003 5513 tate
1017 5454 1179 5522 credentes,
1193 5451 1476 5523 sentitooooomtoe
1500 5455 1533 5513 ut
1554 5450 1697 5524 soriptum
1714 5456 1792 5521 este.

63 5553 121 5611 tta
132 5568 192 5616 oon
204 5568 252 5613 cca
267 5551 361 5629 (tecti.
374 5567 457 5628 auu,
472 5550 530 5632 80).
547 5549 584 5609 ut
606 5549 714 5611 iterum
736 5546 794 5608 alia
808 5547 903 5610 Scri-1.
942 5548 975 5607 tn
991 5545 1111 5607 toottotc
1125 5543 1201 5621 (Sap
1217 5559 1238 5616 1,
1254 5542 1291 5619 1),
1308 5539 1360 5617 qui
1372 5540 1579 5605 temadvsres
1593 5557 1791 5618 quae-prou·-
