3892 6096
120 262 180 326 sta
623 252 796 318 ovflbolvl
818 248 994 316 aoaaosl
1015 250 1048 312 S.
1071 248 1318 313 nauseabit!
1764 252 1827 314 360

119 392 368 468 rentepermistus
384 387 537 447 ecclesiam
555 388 714 456 invaderet,
722 387 808 460 quiet
816 383 941 442 duneal-
955 383 1120 458 Ajustsab
1130 381 1180 439 illo
1200 386 1376 455 usurpatum
1388 381 1497 438 solatia.
1517 382 1574 438 Sed
1589 385 1617 439 et
1626 382 1683 440 boe
1691 383 1826 442 intimari

118 479 454 556 mosejusdsmecclcsise
462 475 767 550 murosquodamlccu
778 474 943 549 quadrillda
997 474 1079 530 vebis
1094 471 1187 546 petiit,
1203 472 1282 545 quia,
1298 471 1354 528 nisi
1370 471 1419 527 ille
1434 471 1516 528 lucus
1530 471 1557 527 ei
1568 471 1614 528 cui
1625 471 1735 545 injuste
1746 471 1827 531 abla-

117 575 271 639 ineisicne,
287 571 364 628 sicut
383 567 470 625 hodie
492 566 582 624 videri
607 570 712 640 potest,
736 569 901 639 penetrarat
915 567 944 620 et
997 568 1046 621 tus
1056 566 1101 620 est
1115 561 1203 619 luerlt
1216 560 1361 632 redditus,
1373 578 1427 617 nec
1439 560 1624 634 eleemosyna
1635 578 1688 619 nec
1698 561 1761 620 ulla
1774 563 1827 621 bs·

117 664 331 721 subdiaconum
344 659 456 716 interea
465 658 608 732 legentem
626 672 678 728 per
688 656 818 712 medium
830 653 943 710 scinde·
998 653 1101 711 neflcia
1112 651 1219 708 avcbis
1229 651 1305 706 lacta
1315 650 1399 706 illum
1410 651 1446 707 ab
1457 656 1566 707 eterna
1579 667 1664 725 poena
1674 652 1827 712 absolvere

117 757 171 821 ret,
188 752 391 824 presbyterum
406 764 473 804 vere
489 763 522 803 ac
537 746 695 802 diaconum
716 745 752 801 ad
768 743 877 799 missae
893 759 943 815 pa·
997 747 1131 817 possunt.
1143 742 1197 798 Pro
1207 742 1308 798 eodem
1320 756 1437 814 quoqne
1457 745 1550 798 mater
1564 746 1670 815 vestra,
1691 745 1827 816 quamin
1844 776 1848 781 ·

116 831 943 899 ratcssemivivoseillceret.Pretereanemoclericorum
998 829 1826 906 paradisointermultasauctarumvirginemmilliacen-

115 931 161 988 vel
176 930 207 986 in
235 927 358 987 ecelesia
383 927 429 983 vel
457 925 488 981 in
517 924 639 981 coenobii
665 922 800 979 claustris
816 937 943 994 usquam
998 921 1131 979 stitutum
1145 920 1215 976 illue
1238 918 1390 989 translata,
1411 919 1480 991 vidi,
1494 919 1579 976 unice
1603 921 1776 995 obsecravit,
1792 927 1828 980 ut

117 1017 362 1078 commorantium
378 1015 497 1072 relictus
512 1019 567 1081 est,
583 1012 633 1086 qui
659 1029 716 1068 non
732 1009 863 1084 aliquam
878 1025 944 1065 ccr-
998 1015 1086 1068 etvos
1097 1014 1126 1066 ei
1136 1014 1276 1082 pstremo
1292 1014 1432 1082 perpetuo
1452 1008 1583 1065 cruciatu
1603 1007 1728 1067 liberare
1742 1026 1828 1068 cure-

115 1110 198 1184 peris
212 1106 442 1164 debilitationem
462 1109 533 1160 tunc
558 1106 725 1176 perceptam
751 1099 780 1156 in
797 1099 943 1171 reliquum
997 1100 1045 1156 tis.
1061 1099 1150 1155 Multa
1165 1115 1282 1171 quoque
1297 1097 1365 1169 alia,
1382 1115 1445 1171 que
1457 1098 1520 1170 jam
1536 1114 1594 1154 nou
1610 1098 1716 1171 recolo,
1728 1100 1827 1158 deca·

116 1206 359 1272 tempusssmper
369 1192 515 1250 retineret.
527 1192 610 1248 Unde
621 1191 730 1247 lactum
741 1186 944 1246 esteommuni
999 1188 1064 1245 dem
1080 1188 1202 1245 muliere
1218 1187 1391 1244 resuscitata
1406 1186 1478 1242 mibi
1493 1187 1571 1243 dicta
1586 1191 1666 1244 sunt.

117 1287 238 1346 consilio
254 1290 288 1342 ut
302 1300 405 1341 omnes
419 1282 529 1338 ibidem
549 1283 757 1338 conversantes
773 1277 870 1335 cleriei
885 1291 943 1333 non
1034 1279 1195 1335 llocautem
1202 1274 1829 1352 modo,utaudivi‚illeeurtilislocusinjuste

117 1377 213 1436 solum
241 1373 391 1447 superllua
413 1372 655 1428 vestimentorum
685 1371 867 1436 ornamenta,
893 1365 945 1422 sed
1000 1363 1430 1439 lueratalluotpcldoablatus.
1444 1364 1829 1438 llratnsmquelneivitate

117 1466 206 1524 edam
222 1462 340 1521 inutilia
354 1476 476 1534 quasque
496 1475 612 1517 morum
638 1457 798 1529 abjicerent
814 1455 944 1529 fastigia.
999 1455 1120 1528 quidam
1132 1454 1261 1511 urbanus
1272 1456 1312 1510 ita
1324 1470 1436 1526 pauper
1450 1458 1483 1509 ut
1497 1452 1639 1510 Dominici
1655 1470 1762 1513 census
1776 1456 1829 1513 de·

117 1554 214 1612 Exillo
227 1567 354 1623 namque
364 1556 496 1623 tempore
506 1563 601 1621 usqua
612 1547 642 1603 in
654 1562 783 1619 praesens
794 1543 947 1600 uemocle-
1000 1544 1062 1601 bita
1076 1561 1127 1616 per
1141 1560 1233 1599 renum
1248 1542 1293 1599 vel
1317 1544 1392 1599 duos
1420 1560 1512 1599 annos
1541 1543 1661 1600 reddam
1679 1545 1827 1617 nequiret

117 1646 244 1702 ricorum
256 1641 333 1715 apud
344 1657 398 1696 nos
409 1636 657 1697 commorantium
668 1634 875 1708 protendentes
887 1630 948 1704 pel·
1001 1636 1133 1706 Cumque
1145 1633 1181 1689 cb
1192 1632 1247 1688 bec
1257 1632 1292 1687 ad
1305 1632 1405 1688 eodem
1418 1629 1591 1705 Ruotpcldc,
1603 1633 1673 1705 quia
1683 1634 1829 1708 magister

116 1733 177 1791 licii
192 1731 238 1789 sui
252 1729 383 1786 manicas
398 1726 486 1800 pallio
509 1726 635 1798 pretioso
650 1739 741 1780 ausus
756 1725 802 1778 est
815 1721 947 1777 circum·
1002 1724 1067 1794 ejus
1077 1727 1147 1794 erat,
1160 1721 1266 1794 saepins
1277 1721 1352 1777 iacto
1365 1720 1486 1777 concilio
1498 1722 1533 1777 ad
1544 1722 1693 1779 reddenda
1703 1722 1828 1797 triplici·

117 1837 236 1896 ponere,
252 1834 318 1891 quae
331 1817 368 1874 ab
383 1815 448 1873 aliis
463 1814 587 1882 clericis,
605 1818 638 1869 ut
657 1811 739 1883 libet,
755 1812 946 1882 usurpantur,
1002 1810 1099 1867 tervel
1109 1810 1236 1883 amplius
1248 1809 1387 1866 bominici
1399 1825 1505 1866 census
1521 1811 1628 1878 debita,
1640 1826 1705 1883 que
1715 1814 1828 1871 statuto

118 1911 184 1967 llaec
197 1913 296 1966 autem
311 1907 353 1962 ita
368 1920 433 1962 esse
447 1905 477 1959 in
492 1918 557 1959 meo
572 1902 697 1975 probare
721 1915 808 1972 peaes
821 1896 947 1971 pellicio,
1001 1905 1131 1972 tempore
1144 1915 1201 1954 non
1212 1902 1283 1954 sunt
1293 1897 1416 1963 reddita.
1426 1902 1586 1972 cogeretur,
1597 1903 1626 1955 et
1636 1897 1747 1972 illepro
1757 1916 1829 1973 pau·

120 1999 198 2073 quod
209 1995 290 2054 nullo
301 1995 376 2052 scire
387 1997 503 2061 ornatu,
513 1993 565 2048 scd
577 1995 693 2048 tantum
711 1986 883 2045 linteamine
893 1987 946 2043 bo·
1001 1991 1112 2060 pertate
1126 2004 1179 2044 nce
1193 1986 1300 2059 simpla
1311 1986 1381 2043 dare
1401 1991 1511 2059 posset,
1533 1992 1681 2060 postremo
1697 1990 1827 2047 necessi·

119 2092 202 2145 nesto
212 2086 327 2143 videtur
340 2084 568 2140 circumdatum.
594 2134 598 2141 ,
1001 2080 1061 2131 tate
1075 2076 1168 2132 nimia
1183 2080 1310 2144 coactus,
1326 2079 1390 2131 tum
1404 2075 1492 2132 etiam
1516 2076 1650 2148 ejusdem
1666 2076 1828 2152 Ructpoldl

155 2174 237 2233 Talia
251 2174 343 2249 igitur
357 2172 430 2229 mihi
446 2171 546 2228 retulit
562 2169 611 2227 ille
622 2164 946 2243 prenominatuacleri·
1001 2165 1121 2220 avaritia
1135 2162 1292 2237 impulsus,
1306 2164 1440 2221 curtilem
1454 2164 1562 2233 locum,
1587 2166 1638 2238 qui
1654 2182 1689 2224 ex
1703 2172 1829 2241 paterna

119 2283 182 2334 cus,
203 2280 271 2321 oum
287 2262 357 2319 olim
374 2259 598 2318 conscholastici
613 2274 765 2326 essemus3
782 2273 846 2329 que
857 2254 945 2311 etiam
1000 2253 1316 2326 bereditatcprovenit‚
1326 2254 1446 2326 quique,
1454 2254 1828 2332 utmibidioebatur,prupa

119 2356 216 2428 egued
225 2352 447 2410 edificationem
459 2344 823 2418 relercaliorum‚illorum
834 2342 945 2401 scilicet
999 2342 1151 2399 basilicam
1162 2347 1269 2399 sancte
1280 2341 1433 2399 Helenaein
1452 2342 1539 2416 plaga
1555 2344 1828 2421 septentrionalija·

120 2443 248 2516 quicum
261 2444 392 2512 pastores
406 2439 466 2494 sint
487 2437 620 2493 Ecclesia
631 2435 816 2507 aliisquepro
827 2431 943 2505 religio·
1000 2437 1055 2504 cet,
1065 2431 1219 2489 traditione
1227 2431 1408 2505 publicaipsi
1418 2432 1601 2503 condonavit,
1611 2433 1712 2506 sicque
1721 2432 1773 2493 illa
1780 2452 1828 2509 pe·

119 2531 167 2587 nis
178 2530 296 2602 speculo
314 2530 532 2601 preponantur,
549 2524 664 2581 nullum
686 2523 866 2579 arbitrantur
880 2534 945 2576 esse
1000 2520 1093 2576 ricula
1106 2537 1170 2593 quae
1185 2537 1238 2593 pro
1253 2520 1360 2576 debitis
1378 2521 1525 2577 sustinere
1548 2522 1708 2594 cogebatur
1721 2524 1826 2581 evasit.

119 2611 945 2690 vitiumquodsemetinstarspensiomnimodoadcrnare
999 2607 1827 2685 Ructpoldusverolccumsibitraditummagnificisaedi-

120 2712 273 2774 conantur,
284 2706 369 2780 quasi
380 2705 415 2761 ad
426 2721 458 2761 sc
469 2720 527 2760 non
542 2702 686 2776 pertineat
699 2700 728 2757 id
742 2699 879 2770 devitare,
893 2713 945 2772 pro
998 2698 1210 2753 bus'exornans
1223 2702 1288 2769 post
1302 2697 1415 2753 ebitum
1430 2715 1518 2754 suum
1534 2697 1652 2771 reliquii
1665 2699 1726 2756 lilio
1739 2700 1828 2757 adal·

120 2813 180 2871 quo
192 2797 356 2869 agnoscunt
366 2793 440 2851 alios
453 2810 511 2850 nen
522 2790 618 2849 selum
629 2794 786 2862 correptos,
795 2788 845 2845 sed
856 2787 943 2843 etiam
999 2785 1069 2854 deo,
1085 2801 1173 2858 quem
1188 2801 1256 2858 ergo
1271 2786 1359 2842 etiam
1375 2786 1444 2842 vidi.
1461 2787 1516 2844 Sed
1532 2788 1609 2844 idem
1624 2787 1783 2846 adalricus
1793 2804 1827 2847 ea

120 2885 341 2942 condemnatos,
999 2874 1828 2950 quesibidununtiatavelmandatasuntapatreetma·

415 2969 510 3026 visio
533 2969 650 3026 SEXTA.
997 2968 1042 3020 tre
1052 2963 1198 3021 defunctis
1216 2963 1749 3041 nullatenusimplcrcvoluit,ellgsns
1761 2982 1827 3024 ma·

119 3063 224 3136 initiato
240 3061 374 3119 benorum
388 3059 545 3116 alienorum
558 3060 664 3115 exodio
678 3057 830 3129 etdirepiio
840 3063 945 3128 quantu
998 3054 1044 3126 gis
1059 3069 1125 3109 cum
1142 3056 1221 3126 patre
1236 3058 1346 3110 aterna
1361 3062 1453 3110 morte
1468 3054 1602 3111 damnari
1618 3071 1709 3128 quam
1720 3055 1827 3114 tellure

293 3135 324 3189 ia
336 3133 498 3206 purpetmio
513 3146 597 3202 poena
610 3131 769 3201 costipetur.
959 3127 980 3194 C
1000 3159 1088 3215 parva
1102 3141 1218 3215 privari.
1242 3142 1336 3214 Hujus
1364 3142 1485 3199 visionis
1511 3143 1614 3201 relatio
1637 3145 1756 3202 etiamsi
1771 3144 1824 3216 illi,

154 3239 186 3295 ln
200 3236 303 3295 babitu
314 3236 453 3294 canonice
464 3235 560 3292 adbuc
576 3236 757 3292 constitutus
761 3233 943 3306 juvenilique
996 3248 1049 3303 pro
1065 3247 1123 3304 quo
1137 3230 1304 3304 specialiter
1328 3232 1403 3288 lacta
1426 3236 1481 3303 est,
1507 3249 1565 3288 non
1587 3234 1743 3306 prefuerit,
1759 3233 1826 3291 aliie

117 3332 201 3384 estate
215 3344 234 3383 a
245 3326 335 3384 beate
350 3324 497 3383 memorie
508 3323 698 3397 Meginbardc
711 3321 943 3395 wurzburgensi
996 3324 1094 3376 tamen
1110 3320 1160 3391 qui
1176 3318 1271 3376 aliena
1281 3336 1382 3393 rapere
1398 3320 1469 3376 etin
1487 3326 1662 3394 potestatem
1675 3338 1765 3380 suam
1779 3326 1839 3380 ιιι·Δ

118 3418 256 3489 episcopo
271 3415 417 3473 scribendi
425 3430 515 3470 causa
523 3417 642 3470 vocatus
651 3429 728 3469 sum.
741 3413 802 3477 Quo
813 3413 883 3467 dum
894 3426 943 3466 ve·
997 3407 1096 3480 digere
1111 3409 1246 3464 nituntur
1259 3409 1403 3481 patefacta
1417 3410 1555 3481 prodesse
1568 3408 1655 3466 valet.

118 3505 240 3574 nissam,
256 3504 286 3560 in
297 3503 361 3576 ipso
372 3504 514 3568 adventus
524 3501 582 3557 mei
593 3501 676 3556 initio
687 3499 784 3556 audivi
795 3501 832 3556 ab
842 3498 944 3571 hospi·
1269 3515 1364 3571 Vlslo
1383 3515 1545 3572 sgppppffi,

116 3593 198 3651 tibus
209 3593 283 3650 meis
293 3593 453 3665 quamdam
463 3590 606 3646 visionem
618 3589 656 3645 ibi
668 3590 781 3645 noviter
790 3588 943 3657 accidisse,
997 3603 1163 3677 Exemplum
1176 3605 1305 3674 ,aprilem
1321 3606 1535 3662 mmmmm
1549 3605 1688 3665 tonorum
1702 3607 1822 3683 direpto.

119 3680 297 3754 quacbristi
307 3678 588 3737 fidelibusintimata
597 3677 945 3749 potestprodesse.l'uere
1218 3677 1259 3732 ris
1273 3678 1304 3731 ir·
1317 3677 1407 3732 ultera
1422 3678 1481 3733 cito
1492 3679 1598 3750 ριιιιίιὲ.

119 3785 248 3843 namque
259 3768 299 3826 ibi
309 3770 367 3825 duo
382 3766 491 3822 tribuni
508 3767 564 3823 sub
580 3782 638 3822 uno
653 3770 784 3838 tempere
796 3781 849 3822 sua
862 3770 944 3838 pote·
1035 3765 1106 3820 lluie
1116 3764 1367 3838 quoquesimilem
1379 3782 1453 3838 pene
1462 3766 1604 3824 visionem
1611 3767 1660 3824 hic
1670 3768 1825 3827 adnectere

118 3863 192 3916 state
206 3858 302 3932 potiti,
320 3872 446 3930 quorum
463 3872 541 3911 unus
555 3853 717 3922 adalricus,
733 3854 807 3910 alter
820 3870 898 3924 vero,
910 3858 944 3910 ut
997 3852 1072 3920 volu,
1084 3869 1172 3925 quam
1184 3853 1257 3909 mihi
1269 3858 1367 3911 motus
1378 3855 1500 3927 quidam
1512 3856 1824 3932 iraterretulitnnpcr,

117 3946 250 4017 memini,
275 3944 462 4018 bingilpertua
476 3946 522 4000 est
542 3947 671 4001 vocatus.
687 3945 740 3999 Sed
756 3942 943 4016 Engilpertus
998 3942 1048 4015 qui
1064 3942 1140 4022 banc
1154 3959 1185 4000 se
1199 3959 1216 3999 a
1230 3948 1331 4000 sancto
1346 3943 1441 4001 Leone
1464 3961 1539 4017 papa
1563 3946 1735 4018 nuperrime
1749 3946 1825 4004 rele-

117 4032 943 4106 ancillamquamdambabuit,queinmagnainilrmitate
997 4036 1078 4088 rente
1091 4031 1165 4088 dixit
1182 4031 1346 4105 agnovisse.
1375 4032 1528 4090 Referebat
1555 4038 1652 4090 sutem
1666 4034 1726 4091 boc
1738 4034 1825 4091 modo

118 4122 169 4179 diu
185 4121 280 4194 posita
293 4122 414 4178 tandem
429 4121 510 4178 obiit.
535 4123 597 4189 Qua
619 4121 758 4178 defuncta
772 4121 837 4178 dies
852 4121 942 4179 altera
997 4120 1075 4193 quia,
1086 4136 1153 4176 cum
1164 4121 1321 4193 predictus
1332 4137 1408 4195 papa
1420 4122 1450 4177 in
1461 4122 1649 4178 Germaniam
1658 4123 1828 4181 venissetet

116 4213 311 4283 exspectatur,
332 4215 366 4267 ιιι
379 4210 509 4279 interim,
525 4226 589 4284 qua
605 4209 762 4283 sepulture
777 4215 877 4268 essent
891 4228 941 4268 ne·
997 4209 1026 4265 in
1038 4207 1099 4265 loco
1110 4209 1237 4281 quodam
1249 4209 1372 4267 missam
1381 4210 1532 4268 celebrans
1541 4226 1709 4269 sermonem
1716 4210 1827 4270 lacerat

116 4298 245 4358 macaria
259 4305 467 4373 preparentur.
483 4300 555 4357 Cum
571 4304 669 4357 autom
685 4300 733 4357 dis
747 4301 876 4357 crastina
890 4301 942 4357 ad·
996 4298 1032 4354 de
1043 4298 1123 4355 varis
1151 4298 1349 4355 ooeuobiorum
1376 4299 1573 4358 destructione
1601 4315 1654 4373 per
1679 4299 1827 4373 injustam

115 4389 249 4446 veniente
263 4388 346 4462 plebs
360 4406 420 4446 non
435 4388 550 4446 modica
564 4389 600 4444 ad
621 4389 836 4461 deportandum
852 4389 941 4445 sunus
995 4388 1215 4461 possessionum
1231 4388 1409 4445 ablationem
1424 4391 1512 4463 lacta,
1527 4394 1678 4462 postremo
1693 4388 1828 4447 intulerit
1860 4408 1873 4447 .·

115 4480 294 4552 procederet,
309 4496 376 4536 ecce
391 4479 489 4535 subito
511 4478 650 4535 deluneta
668 4478 732 4549 jum
754 4480 877 4551 jamque
890 4479 940 4534 de·
954 4497 980 4563 D
995 4475 1071 4534 banc
1085 4476 1225 4535 visionem
1240 4478 1360 4535 dicens:
1378 4479 1413 4535 Ut
1427 4495 1495 4552 erge
1510 4478 1640 4552 apertius
1655 4478 1827 4553 agnoscatis
1854 4494 1873 4533 s

114 4569 259 4643 portanda
283 4569 320 4625 ad
349 4567 498 4625 tumulum
528 4567 719 4636 sssecrexit;
737 4568 815 4640 qnod
832 4567 940 4623 lactum
995 4566 1827 4643 quantoreatuimplicantnrraptoresinJ'usti,exemplam
1843 4588 1874 4625 ,ι

113 4674 226 4728 omnes,
256 4658 306 4731 qui
346 4658 479 4725 aderaut,
517 4656 683 4730 perterruit,
722 4661 860 4729 putantes
886 4655 941 4712 boo
996 4656 1144 4727 quoddam
1160 4655 1242 4712 vebis
1258 4655 1449 4713 memorabile
1468 4657 1575 4714 dicam.

114 4751 256 4820 potestate
280 4746 424 4803 diabolica
448 4747 520 4803 lieri.
535 4747 591 4803 Sed
617 4763 680 4819 qua
695 4746 798 4802 revixit
810 4749 941 4803 errantes
1030 4748 1092 4799 Duo
1108 4743 1199 4817 igitur
1212 4744 1327 4817 tratres,
1343 4760 1410 4800 cum
1422 4745 1511 4801 simul
1522 4750 1678 4820 pergerent
1687 4748 1874 4823 aquitan—

114 4835 173 4892 cito
182 4833 316 4901 correxit,
330 4835 430 4891 dicans
441 4836 477 4890 ad
489 4835 556 4892 illos
568 4834 689 4904 :Nolite
702 4852 811 4908 queso,
822 4838 942 4907 propter
995 4837 1049 4902 tes,
1065 4838 1184 4905 repente
1198 4833 1333 4890 viderunt
1347 4835 1465 4890 turbam
1481 4850 1618 4909 magnam
1634 4834 1667 4892 in
1682 4851 1752 4895 aare
1767 4850 1850 4895 nos:

115 4938 162 4978 me
175 4922 274 4994 aliquo
288 4938 386 4978 errore
400 4924 511 4980 seduci.
525 4923 598 4980 Vere
612 4925 690 4981 enim
702 4923 878 4981 reviviscens
890 4922 940 4980 illa
995 4920 1095 4993 procul
1125 4939 1142 4977 a
1168 4926 1246 4979 terra
1273 4928 1499 4979 commeantem.
1529 4922 1597 4990 Qua'
1619 4924 1657 4981 de
1685 4940 1718 4981 re
1743 4924 1834 4983 valde

115 5026 192 5079 sum,
209 5026 272 5083 qua
287 5014 316 5066 ct
334 5010 427 5083 prius,
444 5026 495 5082 per
508 5012 558 5067 Dei
578 5013 704 5085 gratiam
719 5030 736 5068 a
751 5017 844 5068 morte
858 5027 940 5068 revo·
995 5011 1136 5067 mirantes
1153 5016 1241 5084 atqua
1256 5011 1436 5084 trepidantes
1461 5016 1568 5069 sancta
1591 5012 1690 5069 crucis
1703 5012 1828 5088 signam

113 5104 187 5169 cata,
198 5102 231 5156 ut
242 5099 314 5156 vivis
325 5097 504 5171 quibusdam
519 5101 583 5171 ejus
599 5101 737 5157 mandata
747 5100 881 5157 referam.
891 5104 941 5158 Cs-
994 5099 1050 5157 sibi
1062 5100 1279 5172 indiderunt,ct
1289 5102 1555 5173 adJuranteseosin
1566 5101 1819 5175 nominenominl,

114 5187 291 5262 leriterargo
304 5192 407 5246 vocate
421 5187 598 5257 ldalrioum,
621 5189 690 5262 qnia
714 5189 750 5244 ad
765 5206 833 5246 eum
849 5190 940 5248 missa
994 5192 1043 5263 qui
1059 5196 1159 5248 essent
1175 5192 1436 5265 interrogaverunt.
1452 5192 1534 5248 Tunc
1549 5208 1627 5248 unus
1641 5207 1677 5247 ex
1690 5189 1818 5255 illistam

114 5292 190 5335 sum.
218 5279 279 5345 Ouo
305 5282 406 5335 vocato
434 5282 462 5335 et
490 5281 603 5334 astante
631 5277 721 5333 dixit:
747 5277 940 5336 Patervester
993 5281 1023 5337 in
1038 5280 1139 5337 habitu
1168 5297 1257 5353 quam
1286 5281 1419 5353 equitatu
1447 5286 1569 5338 strenuo
1598 5279 1685 5337 militi
1700 5280 1820 5345 omnine

113 5364 298 5440 Ructpoldus
312 5368 342 5423 in
354 5383 441 5439 poeua
454 5366 582 5423 maxima
605 5365 741 5424 infernali
760 5368 938 5426 constitutus
992 5370 1098 5427 similis
1108 5370 1256 5428 transiens
1268 5371 1304 5427 sd
1316 5387 1365 5427 ecs
1374 5371 1450 5427 dixit
1461 5389 1470 5428 ι
1480 5372 1540 5446 ilgo
1551 5374 1633 5444 pater
1642 5374 1741 5428 vester
1754 5384 1820 5449 roga

113 5454 195 5513 misit
209 5471 256 5514 me
269 5456 306 5512 ad
321 5472 383 5529 vos,
400 5460 433 5514 ut
445 5474 498 5531 pro
522 5454 573 5513 Dei
584 5472 684 5513 amore
707 5461 736 5513 et
750 5459 816 5530 ejus
830 5456 938 5515 relaxa·
992 5476 1044 5516 vos
1060 5459 1232 5534 suppliciter
1245 5462 1277 5516 ut
1291 5458 1364 5516 illud
1381 5461 1534 5534 predium,
1549 5460 1628 5534 quod
1643 5457 1730 5518 scitis
1745 5474 1822 5527 me.

112 5540 288 5607 tionelllum
299 5544 542 5609 canitemlocum
553 5546 939 5625 sedatisquemeausain·
992 5548 1123 5610 coenobio
1133 5549 1184 5610 illo
1194 5549 1303 5631 injusta
1313 5549 1482 5628 abstulisse,
1498 5568 1552 5628 pre
1560 5565 1661 5611 amora
1682 5547 1735 5609 Dei
1750 5546 1823 5619 libe·
