3884 6090
75 244 138 309 ddi
760 245 879 308 mnne
898 243 1100 310 visionum.
1723 253 1784 319 ³50

75 375 904 455 mua,quia‚nlslmonitisatquejussionibusnostrisobe-
916 381 944 449 Α
960 397 1048 438 cens:
1066 381 1133 439 Vale
1148 385 1177 438 et
1190 382 1237 440 dic
1250 384 1387 460 episcopo
1401 384 1529 443 civitatis
1550 386 1642 460 hujus
1665 393 1699 446 ut
1708 395 1738 448 et
1751 408 1784 449 ee

78 468 220 538 dieris,ad
227 469 589 529 tantamtecontusiouem
602 472 845 545 perducemus,ut
855 487 907 545 per
960 474 989 526 et
1004 487 1092 527 suum
1107 471 1217 528 elerum
1233 473 1270 529 ab
1290 475 1483 533 immoderato
1506 475 1665 551 illicitoque
1679 484 1784 538 ornatu

78 571 198 616 omnem
207 562 317 615 terram
332 559 434 615 eadem
453 559 585 617 contusio
601 557 830 633 divulgetur.1td
845 558 907 616 beo
961 559 1117 628 contineat,
1131 578 1167 619 nc
1186 561 1260 620 forte
1283 580 1372 637 super
1395 581 1444 622 eos
1468 565 1540 623 ultio
1563 567 1662 625 diviua
1676 569 1785 628 veniat.

76 648 168 707 etiam
182 647 237 704 tibi
249 646 424 705 intimamus
442 649 523 722 quia,
550 648 574 706 si
599 648 786 721 aliquomodo
801 665 907 706 manus
961 647 1109 722 Evigilans
1124 655 1222 707 autem
1237 650 1360 710 clericus
1369 658 1397 710 et
1406 654 1548 712 visionem
1562 674 1615 731 pro
1631 657 1787 717 delusoriis

79 740 197 795 nocuas
208 736 273 810 jem
288 737 415 794 evaseris
429 737 518 812 (quod
532 741 630 796 tamen
651 738 833 813 impossibile
848 738 908 797 iore
962 738 1086 795 somniis
1096 741 1786 820 reputansjussaneglexit.SedangelusDomini

79 825 254 898 credimus),
269 825 488 899 persecutiones
504 828 647 885 maximas
661 845 714 902 per
728 845 781 885 nos
792 844 908 901 semper
963 825 1070 883 iterum
1090 825 1194 884 clerico
1224 829 1359 902 predicto
1389 829 1527 889 similiter
1555 850 1709 909 apparens,
1726 837 1787 895 eit:

77 915 211 991 patieris.
227 914 301 971 Cum
320 931 390 989 ergo
413 915 474 973 hac
495 922 583 990 atque
606 918 653 976 his
680 919 790 977 similia
803 918 910 993 sapius
964 915 1058 981 Quare
1073 922 1215 990 precepta
1243 935 1309 975 mea
1322 921 1552 994 contempsisti?
1572 927 1644 982 Cave
1658 942 1695 982 ne
1710 925 1787 985 ultra

78 1008 248 1079 repetentes
258 1005 462 1079 meangustiis
472 1004 671 1065 ineffabilibus
682 1009 855 1084 affligerent,
868 1008 911 1065 in·
964 1004 1064 1062 iacias.
1082 1006 1114 1063 ln
1127 1007 1248 1064 veritate
1262 1007 1340 1065 enim
1356 1008 1420 1066 dico
1434 1009 1486 1065 tibi
1513 1011 1593 1083 quie,
1618 1014 1644 1069 si
1659 1013 1788 1087 amplius
1862 1060 1873 1077 .

80 1100 171 1163 terea,
186 1093 282 1168 gretia
295 1094 558 1164 divinaeilicieutc,
570 1096 800 1155 tintinnabulum
813 1096 912 1155 sonuit
965 1093 1079 1163 feceris,
1096 1112 1154 1152 non
1170 1096 1336 1170 impunitus
1352 1099 1490 1156 evaseris.
1513 1104 1549 1155 at
1572 1100 1706 1172 clericus,
1722 1103 1789 1161 licet

79 1183 214 1259 primum
228 1183 266 1240 ad
285 1187 437 1240 nocturna
452 1183 549 1243 laudis
564 1186 694 1259 signum.
718 1187 799 1253 Quod
814 1187 865 1244 ubi
880 1186 910 1243 in
965 1182 1136 1257 aliquandiu
1147 1184 1788 1265 devisionetractanspertimescerettameu,

81 1272 270 1345 lectojacens
280 1273 475 1332 moribundus
485 1275 593 1348 audivi,
606 1276 641 1332 ad
661 1293 708 1334 me
724 1275 822 1351 ipsum
839 1293 911 1349 pau·
965 1277 999 1329 ut
1007 1273 1100 1347 prius,
1109 1275 1228 1331 taudem
1238 1274 1373 1349 neglexit.
1385 1276 1484 1334 Tertia
1492 1283 1589 1335 autem
1598 1280 1660 1337 vice
1668 1280 1790 1356 angelus

82 1361 168 1420 latim
180 1377 328 1431 reversus,
343 1363 506 1420 sentiebam
520 1380 567 1422 me
583 1364 638 1423 bec
652 1366 712 1424 vita
722 1367 842 1440 pertrui,
859 1381 912 1423 neo
966 1362 1123 1420 adveniens
1137 1380 1206 1436 non,
1221 1367 1253 1421 ut
1269 1369 1363 1434 autea,
1380 1364 1520 1423 clericum
1543 1384 1595 1441 per
1608 1370 1724 1427 somnia
1738 1370 1789 1428 ad-

81 1451 157 1526 quid
167 1451 292 1508 fumosa
301 1451 424 1510 visionis
433 1452 512 1512 ultra
523 1453 594 1513 vidi.
606 1455 785 1513 Recordatus
795 1471 912 1529 quoque
966 1453 1092 1521 monuit,
1103 1453 1154 1510 sed
1165 1452 1263 1526 palam
1275 1454 1410 1511 excitavit
1419 1471 1498 1523 eum,
1509 1456 1610 1514 dicens
1620 1474 1627 1514 :
1639 1459 1696 1516 Cur
1704 1460 1791 1519 toties

79 1541 250 1610 verborum,
266 1557 330 1615 quo
345 1541 419 1598 mibi
434 1541 465 1600 in
486 1543 597 1602 visione
620 1561 638 1601 a
660 1545 721 1602 viro
746 1562 792 1601 me
807 1559 912 1602 conso·
966 1545 1110 1614 precepta
1122 1557 1186 1598 mea
1207 1546 1393 1598 contemnere
1417 1560 1508 1601 ausus
1534 1545 1590 1602 es?
1613 1550 1715 1605 Nonne
1730 1549 1791 1606 dixi

82 1629 166 1687 lanta
180 1631 351 1704 nuperrime
365 1632 445 1689 dicta
459 1638 539 1704 sunt,
555 1632 613 1690 dixi
627 1652 633 1691 :
650 1633 672 1690 0
687 1651 775 1707 quam
789 1650 857 1691 vera
867 1634 911 1690 di·
966 1630 1019 1686 tibi
1031 1630 1110 1703 quia,
1122 1629 1501 1704 siampliuscontemneres,
1513 1632 1790 1710 ultionemaliquam

83 1717 192 1777 ctaille
201 1720 336 1793 protulit,
347 1721 912 1794 quicontlictummeumcitotluieudum
968 1717 1172 1775 sentirestGui
1183 1718 1306 1776 clericus
1315 1720 1505 1792 respondeus,
1519 1721 1559 1779 ait
1571 1738 1578 1778 ε
1589 1721 1664 1792 Νοι,
1673 1725 1791 1783 domine

83 1824 150 1867 asae
160 1809 252 1866 modo
262 1809 556 1884 prodixitlbcubeu,
569 1814 648 1885 quod
658 1829 711 1887 per
722 1829 808 1871 omne
819 1813 913 1870 noctis
969 1807 1021 1875 mi,
1036 1811 1226 1864 contemnens
1240 1806 1311 1865 talia
1325 1808 1390 1880 soci,
1402 1810 1452 1867 sed
1464 1811 1534 1883 quia
1544 1816 1655 1869 mamm
1667 1813 1792 1872 senioris

86 1896 370 1972 buJuapreterltum
380 1903 498 1974 tempus
510 1900 738 1959 mihilaborxnti
748 1902 915 1960 nesciebam
969 1895 1026 1952 mei
1042 1896 1171 1969 episcopi
1187 1896 1419 1970 indignationem
1434 1898 1537 1955 exinde
1552 1903 1792 1960 commovendam

86 2003 152 2045 ease
161 1988 383 2061 profectuosum
396 1989 486 2062 hujus
497 1990 688 2049 tintinuabuli
698 1993 819 2049 sonuml
833 2007 914 2060 nam,
970 1983 1098 2042 sciebam
1110 1990 1151 2054 ut,
1162 1984 1219 2042 nisi
1230 1986 1349 2058 signum
1360 1984 1479 2060 aliquod
1490 1988 1612 2046 monitis
1623 1988 1731 2048 talibus
1742 1991 1793 2048 ad·

86 2076 565 2151 aiacirem,quantumcunquevae
582 2080 655 2137 mihi
672 2080 793 2152 inesset,
811 2079 857 2136 vel
871 2096 916 2136 re·
970 2074 1079 2145 dorem,
1095 2073 1258 2146 perieulum
1280 2075 1441 2133 maximum
1467 2075 1657 2135 incurrerem.
1674 2079 1717 2135 sd
1732 2078 1794 2137 bec

86 2165 602 2240 ptandoindormitoriumvenirem‚
613 2173 645 2224 ut
655 2167 916 2243 aliquemadidem
970 2161 1111 2236 angelus:
1127 2163 1168 2235 Sl,
1183 2162 1290 2237 inquil,
1307 2163 1425 2236 Signum
1440 2182 1458 2222 ἃ
1473 2181 1520 2223 ¹11⁰
1534 2166 1636 2242 fflsslb
1650 2168 1794 2242 ⁵⁰⁸⁰lpi⁰⁸

86 2253 322 2312 tintinnabulum
337 2254 424 2329 louge
439 2257 521 2330 prius
534 2259 700 2315 sonandum
716 2257 857 2328 excitans,
868 2274 917 2313 an·
970 2268 1022 2325 pro
1038 2255 1125 2309 certo.
1141 2251 1192 2308 llis
1207 2252 1294 2308 dictis
1315 2254 1443 2327 sumpsit
1465 2256 1614 2327 quoddam
1634 2256 1793 2331 flagellato·

86 2343 219 2419 goetiam
234 2345 405 2402 diuturnam
419 2346 541 2404 visionis
555 2347 793 2406 laboriosissime
809 2346 918 2421 alique·
971 2342 1060 2409 rium,
1074 2345 1103 2398 et
1126 2357 1194 2398 cum
1216 2358 1250 2398 eo
1273 2342 1386 2400 diutius
1411 2344 1524 2401 cedens
1547 2343 1686 2402 clericum
1702 2346 1794 2405 dixit:

86 2439 177 2491 tenua
192 2432 379 2492 minuissem.
971 2430 1043 2487 Ecce
1058 2430 1188 2504 signum,
1208 2430 1285 2504 quod
1310 2431 1417 2503 petisti,
1444 2432 1490 2489 ein
1514 2432 1588 2491 alias
1610 2434 1720 2491 nostris
1735 2452 1794 2493 non

124 2523 336 2581 Verumtamen
347 2524 452 2582 deiude
464 2525 494 2581 iu
507 2530 618 2584 boum
629 2528 760 2601 corporis
770 2531 799 2583 et
813 2527 918 2583 animo
972 2536 1057 2577 cures
1073 2519 1189 2576 credere
1202 2519 1308 2585 verbis,
1324 2519 1441 2591 signum
1465 2522 1621 2592 donamus,
1638 2523 1684 2580 cui
1700 2522 1797 2581 ditiert

87 2610 296 2669 infirmitatem
310 2611 406 2668 decidi
420 2617 453 2669 ut
468 2629 502 2669 ex
525 2613 708 2671 imminentis
732 2613 840 2671 doloris
855 2628 918 2669 ma·
972 2610 1088 2666 credere
1103 2608 1213 2665 nullus.
1229 2609 1309 2666 Vade
1332 2625 1400 2682 ergo
1425 2626 1502 2666 nunc
1525 2614 1554 2666 et
1575 2611 1680 2684 perfice
1695 2616 1796 2669 nostra

87 2700 249 2776 gnitudine
262 2700 431 2773 frequenter
444 2702 480 2758 ab
495 2701 550 2759 bac
561 2718 608 2759 me
617 2703 676 2760 vita
685 2702 773 2760 citius
784 2701 918 2759 subtrabi
968 2701 1064 2772 jussa.
1076 2699 1130 2764 Qui
1140 2714 1207 2755 mox
1214 2698 1255 2754 nil
1264 2698 1482 2755 dubitansubiit
1491 2700 1525 2756 ad
1534 2700 1703 2774 episcopum
1712 2701 1797 2774 eique

87 2794 238 2864 optarem.
247 2789 406 2863 Postquam
421 2807 488 2848 vero
502 2791 646 2859 convalui,
661 2793 691 2848 in
707 2792 762 2849 boc
775 2792 919 2850 visionem
973 2787 1138 2861 angelicum
1152 2787 1253 2844 retulit
1267 2788 1450 2844 mandatum.
1475 2789 1615 2845 Ceterum
1640 2789 1796 2864 episcopus

86 2878 262 2954 prodictam
273 2895 370 2936 veram
381 2896 446 2937 esse
457 2880 547 2950 sensi,
559 2881 636 2954 quod
648 2881 776 2955 plurime
785 2882 920 2939 tentatio
973 2877 1094 2933 audiens
1107 2875 1277 2948 hujusmodi
1291 2875 1379 2949 dicta,
1395 2876 1596 2950 indignatione
1610 2878 1797 2952 comprehen-

86 2968 621 3042 numJ‘amdiuinmetepescentium
636 2970 765 3043 pericula
780 2970 919 3044 malignis
973 2966 1054 3022 ditur
1069 2965 1177 3021 nimia:
1204 2967 1307 3037 Quare,
1335 2963 1484 3037 inquiens,
1514 2965 1588 3023 tales
1612 2966 1796 3024 somniorum

85 3057 262 3132 spiritibus,
277 3056 354 3114 sicut
367 3058 577 3131 promiserunt,
587 3060 832 3133 persequentibus
843 3074 920 3116 reca-
973 3060 1093 3111 tuorum
1110 3069 1204 3126 nugas
1219 3052 1412 3110 stolidissime
1426 3054 1642 3128 presumpsisti
1663 3055 1735 3112 mibi
1749 3072 1797 3114 re·

84 3146 206 3204 leecere
214 3146 364 3219 coeperint.
374 3146 463 3204 Porro
473 3148 509 3205 de
519 3147 639 3220 reliquis
649 3149 827 3222 quibusdam
840 3165 857 3205 e
872 3122 956 3206 meG
974 3143 1072 3200 serre?
1099 3147 1165 3199 ΗΜ
1192 3145 1218 3198 ei
1246 3141 1305 3200 '²aess
1332 3142 1404 3198 mihi
1416 3143 1487 3199 00⁰⁸
1501 3143 1594 3211 addat
1614 3144 1639 3200 ti
1656 3161 1797 3217 presum-

85 3236 183 3294 dictis
200 3239 307 3292 sttunc
321 3240 351 3292 et
364 3235 460 3293 adbuc
475 3236 517 3293 ita
531 3237 660 3295 incertus
675 3254 753 3307 sum,
765 3241 798 3295 ut
808 3238 920 3310 absque
973 3233 1103 3306 ptionem
1117 3233 1230 3286 tantam
1247 3229 1380 3302 nequitia
1394 3234 1445 3285 tua
1456 3230 1577 3302 impune
1590 3232 1672 3289 leret.
1684 3232 1798 3298 Quibus

82 3324 190 3401 gratia
201 3323 262 3394 Dei,
272 3324 302 3380 in
313 3341 372 3398 qua
383 3325 529 3383 confidere
538 3330 567 3383 et
583 3327 700 3384 credere
708 3325 797 3384 variis
807 3326 920 3383 instru-
974 3321 1059 3380 dictis
1075 3318 1197 3376 clericus
1212 3318 1402 3391 progrediens
1416 3318 1453 3376 ab
1468 3335 1501 3375 eo
1515 3319 1658 3392 pusillum
1672 3320 1752 3377 exuit
1766 3336 1798 3378 se

83 3418 160 3473 ctus
169 3430 240 3471 sum
250 3414 466 3488 experimentis,
477 3431 525 3472 me
539 3414 612 3471 nibil
625 3415 779 3485 meruisse,
791 3414 865 3472 nihil
874 3416 920 3472 in·
973 3408 1156 3469 vestimentis
1171 3408 1285 3480 citoque
1300 3407 1467 3481 regrediens
1482 3407 1611 3464 ostendit
1621 3409 1742 3467 doraum
1753 3409 1798 3466 ni-

82 3508 248 3581 posterum
262 3520 348 3578 posse
362 3505 469 3562 mereri
483 3506 585 3563 sciam.
975 3499 1042 3557 miis
1052 3496 1221 3555 verberibus
1230 3499 1391 3568 exaratum,
1401 3496 1517 3554 diceus:
1528 3497 1571 3553 En
1583 3497 1669 3570 quale
1678 3497 1798 3572 signum

376 3612 473 3669 vpspo
494 3611 639 3678 Qfflpq‘pq·
975 3589 1106 3661 accipere
1120 3585 1225 3652 merui,
1241 3601 1308 3642 cum
1324 3589 1353 3642 te
1371 3584 1497 3643 nimium
1521 3590 1656 3644 metuens
1678 3585 1736 3643 Deo
1752 3601 1799 3642 re·

84 3704 185 3773 pm
202 3700 376 3759 gemmam
390 3702 421 3758 ,ῃ
443 3700 554 3759 clericis
578 3703 660 3758 ιω
674 3705 790 3760 „mium
811 3711 848 3759 m
862 3703 921 3760 mi,
975 3678 1061 3737 bcllis
1076 3674 1192 3733 exstitit
1210 3674 1256 3731 bis
1271 3691 1398 3747 namque
1413 3674 1517 3745 J'ussus
1542 3691 1559 3731 a
1585 3680 1641 3733 Deo
1665 3676 1729 3749 ejus
1744 3675 1800 3735 tibi

393 3773 462 3830 dom
475 3781 622 3832 comm.
975 3769 1088 3826 deterre
1103 3765 1253 3833 mandata,
1270 3763 1320 3820 sed
1337 3768 1455 3837 propter
1477 3767 1563 3821 tuum
1589 3763 1726 3822 timorem
1741 3781 1800 3822 non

125 3863 207 3920 Cum
222 3878 295 3936 puer
308 3862 405 3919 adbuc
431 3862 466 3919 ed
497 3862 707 3920 monasterium
730 3862 924 3921 Herveldeuse
976 3858 1115 3915 obediens
1129 3854 1190 3911 tale
1204 3852 1311 3926 pertuli
1326 3852 1450 3927 flagella.
1475 3853 1596 3911 'l'alibus
1610 3852 1700 3927 igitur
1714 3852 1801 3911 dictis

82 3951 244 4013 ”cibardi
256 3968 347 4009 causa
364 3951 559 4009 transmissus
581 3951 715 4023 fuissem,
739 3952 861 4025 contigit
876 3967 923 4009 me
977 3945 1066 4004 simul
1081 3949 1110 4002 et
1123 3944 1195 4001 visis
1218 3942 1372 4001 exterritus
1395 3942 1551 4016 episcopus
1575 3942 1725 4000 mandavit
1738 3942 1801 4000 derl

84 4056 257 4117 moenere
270 4041 415 4098 visionem
430 4056 569 4113 magnam
588 4040 624 4097 dc
647 4039 778 4097 ooenobio
794 4039 922 4097 liiidine-
977 4035 1134 4107 synodum,
1148 4033 1179 4088 in
1196 4048 1254 4105 qua
1275 4031 1442 4088 conveniret
1464 4032 1562 4089 omnis
1584 4032 1672 4089 turba
1684 4030 1803 4090 clerico·

85 4128 924 4204 abaimanai.ludenamqueduccanoniciabeetamemo-
977 4120 1804 4191 rumouocumadvenissent,omnibusmandetadivina

82 4222 146 4279 ri·
157 4218 470 4294 dotabardoepiscopo
480 4218 612 4277 discendi
622 4218 716 4292 gratia
732 4219 769 4277 ad
780 4218 922 4289 scbolam,
976 4213 1117 4282 innotuit,
1133 4225 1235 4269 omnes
1251 4209 1286 4266 ed
1302 4209 1515 4284 paenitentiam,
1531 4226 1634 4268 omues
1649 4211 1685 4267 ab
1701 4211 1802 4268 incon·

84 4324 226 4385 quasper
247 4308 327 4368 idem
337 4309 521 4383 tempuseub
545 4306 641 4365 ablate
663 4306 837 4364 Arnulfoibi
852 4307 924 4365 setis
977 4295 1804 4377 gruovestimeutorumornatuabstinereadmonuit.Hac

82 4396 236 4475 pollebat,
246 4397 321 4456 mibi
337 4402 417 4466 eunt,
430 4395 757 4471 quorumjunicrltoto,
769 4395 842 4452 alter
856 4412 924 4453 vero
978 4391 1114 4448 instructi
1129 4386 1328 4447 admonitione
1343 4389 1495 4459 coeperunt
1509 4402 1652 4444 omnesne
1662 4387 1804 4445 adificare

84 4485 279 4547 waltharius
294 4488 455 4546 dicebatur.
470 4486 543 4543 Hinc
555 4486 646 4561 igitur
658 4483 841 4541 Wollbarius
854 4500 924 4541 con·
938 4494 964 4560 Β
978 4480 1164 4552 vestiumque
1174 4479 1346 4534 ornamenta
1358 4478 1481 4531 mamre.

86 4576 266 4635 sidentibus
279 4593 356 4651 sape
371 4575 456 4634 nobis
477 4576 508 4632 in
532 4573 685 4632 collatione
708 4578 769 4630 tarn
784 4572 926 4647 spiritalis
1015 4567 1125 4625 Deinde
1152 4582 1220 4623 vero
1244 4581 1301 4622 nou
1331 4562 1424 4621 multo
1450 4567 1582 4637 tempore
1609 4566 1757 4621 transacto
1775 4565 1806 4619 st

92 4680 194 4741 quam
207 4665 335 4723 camelis
348 4665 499 4737 doctrina,
513 4668 543 4720 et
556 4663 691 4737 utrisque
711 4663 748 4719 de
763 4678 817 4719 sue
831 4663 927 4736 patria
979 4659 1061 4716 boste
1073 4654 1195 4727 antiquo
1205 4653 1278 4710 adid
1296 4654 1375 4726 quod
1392 4652 1575 4710 consuetudo
1585 4651 1663 4710 mala
1674 4650 1806 4709 illexerat

92 4753 215 4828 aliquid
230 4754 430 4823 narrantibus,
446 4752 589 4810 rescrebat
603 4751 677 4810 mibi
699 4752 736 4808 de
756 4767 810 4808 suo
823 4768 926 4809 mona·
981 4745 1157 4812 retrahente,
1173 4741 1315 4816 paulatim
1330 4757 1432 4799 omnes
1444 4742 1481 4800 ad
1491 4740 1748 4800 consuetastotius
1758 4755 1806 4797 su-

89 4844 192 4904 stcrio
205 4844 324 4902 diosna:
337 4846 412 4901 Ante
424 4859 518 4900 annos
532 4857 622 4916 quam
637 4839 927 4915 pluresconsuetudc
981 4833 1133 4911 pellectilis
1149 4829 1283 4905 phaleras
1298 4829 1465 4900 redierunt3
1488 4836 1560 4889 tunc
1583 4831 1689 4888 iterum
1704 4830 1741 4887 ad
1755 4845 1806 4887 eos

90 4932 238 4991 tuittalia
252 4932 282 4990 in
298 4933 599 4999 monasteriensem,
617 4929 927 4987 utnemoclericorum
982 4926 1073 4983 misso
1098 4923 1200 4981 eodem
1223 4918 1328 4976 clerico
1352 4936 1403 4991 per
1427 4921 1565 4993 angelum
1588 4920 1640 4978 Dei
1664 4917 1807 4977 admoniti

92 5021 168 5081 aliia
177 5021 237 5080 nisi
247 5021 469 5096 pretiosissimis
483 5025 615 5079 uteretur
627 5019 812 5077 vestimentis
826 5023 887 5076 tam
897 5019 928 5076 in
982 5020 1064 5084 sunt,
1073 5018 1106 5070 ut
1116 5027 1215 5085 supra,
1226 5006 1374 5080 simulque
1384 5008 1590 5066 denuntiatum
1613 5014 1659 5066 est
1671 5008 1713 5066 eis
1723 5013 1766 5077 ut,
1780 5007 1807 5065 ai

94 5110 282 5186 quotidianis
296 5128 388 5186 quam
402 5111 433 5168 in
448 5111 560 5168 festivis
574 5109 688 5167 diebus.
703 5106 799 5165 Simili
810 5123 929 5181 quoque
982 5105 1069 5163 tertio
1079 5102 1241 5175 repeterent
1251 5095 1346 5166 solite,
1367 5095 1477 5153 ultione
1497 5098 1674 5170 punirentur
1684 5096 1806 5154 severis·

96 5203 211 5260 ornatu
221 5200 423 5260 sediliasimul
433 5199 650 5257 etlectisternia
659 5212 762 5255 eorum
776 5196 928 5254 babeban·
984 5195 1060 5250 sime
1071 5214 1079 5263 3
1091 5190 1168 5263 quod
1179 5188 1259 5245 etita
1269 5186 1379 5243 lectum
1394 5189 1447 5242 eet.
1466 5183 1539 5241 Nam
1551 5186 1634 5254 dum,
1644 5187 1716 5242 sicat
1728 5186 1808 5242 cosia

96 5286 667 5365 tur‚quantoouequisquelocupletior
680 5290 845 5358 erat‚tanto
861 5301 929 5360 pre·
983 5285 1122 5339 reuertens
1143 5276 1178 5334 od
1200 5278 1333 5333 comitum
1356 5291 1447 5343 saum,
1472 5274 1509 5331 ad
1534 5274 1620 5331 noxia
1641 5273 1809 5348 voluptuosi

91 5380 249 5440 tioaiorem
260 5378 495 5456 suppellectilem
506 5377 644 5435 babebat.
656 5375 789 5448 Cumque
798 5374 932 5432 haccine
985 5374 1106 5428 ornatus
1115 5365 1316 5425 blandimenta
1331 5380 1412 5421 more
1425 5361 1511 5420 solito
1522 5367 1808 5432 omnesremcarent‚

90 5468 207 5547 judicii
220 5469 343 5546 superni
362 5471 499 5543 respectu
518 5467 569 5524 diu
591 5470 771 5545 gererentur,
796 5461 933 5536 apparuit
985 5458 1091 5518 accidit
1100 5452 1577 5529 ut‚quodamdicintermissarum
1585 5452 1809 5512 celebrationem

13 5578 30 5715 ἱ
96 5558 351 5649 angaloallomini
363 5556 483 5619 cuidam
492 5558 589 5621 vicino
598 5555 702 5619 clerico
712 5553 743 5639 ia
753 5551 876 5629 visione,
887 5550 932 5610 di·
986 5552 1088 5611 tantm
1104 5545 1255 5625 iulgurum
1275 5542 1499 5623 tonitruumque
1508 5543 1606 5625 fragor
1614 5543 1682 5623 igue
1696 5543 1810 5604 discas·
