3884 6090
110 268 173 329 ere
460 262 588 327 GESTA
608 263 851 329 conmanenti
872 264 1237 330 sonnebeccensis
1258 266 1468 332 EGCLESIAE.
1755 274 1816 338 530

111 399 208 457 'lunc'
218 410 359 469 maguum
369 410 445 469 4444
454 400 484 451 44
494 396 565 452 utile
575 397 862 468 4444444444444444
871 397 938 453 civi·
951 400 979 466 Α
993 397 1109 470 qualem
1125 397 1235 470 singuli
1258 399 1472 471 desiderabant,
1484 401 1644 476 singularis
1666 421 1737 462 cura
1752 407 1816 479 ejus

110 490 164 547 4444
177 488 221 526 0000
237 486 422 543 circumdare
432 484 534 557 voluit,
545 487 649 558 vixque
662 487 749 558 jactis
764 488 938 543 fundamen·
993 493 1022 544 et
1035 505 1119 545 amor
1142 505 1230 560 super
1252 489 1365 547 clericis
1382 492 1480 561 luit'',
1497 493 1655 567 dequibus
1676 495 1723 552 vix
1742 497 1817 554 tole-

108 578 237 651 tis‚'cum
248 575 436 649 operevitam
448 575 550 630 4444444.
563 575 606 630 444
616 575 664 632 4444
675 591 800 649 magnus
811 576 940 650 pontifex
992 594 1057 634 rare
1073 577 1176 651 potuit,
1196 582 1229 634 ut
1254 578 1364 636 malum
1375 581 1422 618 0000
1436 582 1580 639 diceretur
1593 584 1725 642 verbum.
1741 586 1816 643 Nam

111 666 186 739 44444,
202 668 276 723 dum
291 680 361 722 4444
376 681 394 720 a
408 665 512 737 rapina
527 681 583 720 non
600 665 741 738 corripuit
753 667 838 738 (537),
850 666 937 722 etiam
993 670 1023 723 et
1036 668 1199 724 claustrum
1219 668 1377 735 renovavit,
1393 674 1421 726 et
1441 686 1575 728 mensam
1590 675 1738 732 canonicis
1754 676 1817 749 ipse

110 758 140 815 in
160 755 251 814 bouis
275 753 425 826 aliquibus
446 753 505 810 Deo
529 753 676 810 ultionum
691 754 766 828 (538)
789 754 940 828 displicuit
993 756 1107 829 primus
1123 755 1309 812 instituam.
1324 757 1409 813 Prius
1423 759 1502 816 enim
1518 776 1585 816 cum
1601 763 1758 834 prebenda
1772 770 1815 822 te·

110 847 133 920 (4
145 848 213 917 4444.
230 862 275 913 ur,
289 843 344 915 43).
366 843 500 900 Mortuus
523 847 568 899 est
590 848 688 900 autem
712 843 742 899 iu
768 844 938 917 episcopatu
993 844 1117 901 nuis²⁰¹⁰
1131 844 1190 901 fero
1213 845 1368 918 videretur,
1383 846 1504 920 triginta
1527 849 1658 907 convivia
1681 868 1744 924 quae
1769 854 1816 910 Ll-

112 932 420 1000 4441444444444440000,
436 933 507 988 dum
535 937 612 988 esset
639 932 669 988 iu
699 934 806 1005 praedio
817 934 863 970 0000
885 950 940 990 444
992 934 1112 991 beotius
1127 934 1283 1008 episcopus
1298 951 1349 1008 per
1366 952 1478 992 aunum
1493 936 1563 994 dare
1573 938 1620 975 0000
1636 942 1750 1009 statuit,
1766 943 1817 1000 ad-

111 1023 285 1082 ilildinrode
300 1021 478 1094 ¹⁰⁸⁴.‘Gorpus
488 1022 534 1058 0000
556 1023 622 1092 ejus
643 1021 777 1079 Bremam
793 1027 950 1085 revectum,
989 1022 1077 1094 jectis
1091 1039 1126 1080 ex
1136 1040 1189 1079 sua
1204 1028 1285 1096 perte
1296 1024 1473 1095 quibusdam
1484 1026 1619 1097 decimis,
1630 1027 1671 1085 ita
1683 1030 1818 1087 ordinare

113 1114 315 1172 subterratum
340 1116 385 1168 est
412 1110 443 1166 in
471 1111 567 1167 medio
597 1096 689 1168 chorr'.
708 1111 787 1168 Obiit
814 1112 939 1168 44440000
991 1112 1175 1181 4444444000,
1191 1118 1224 1168 44
1247 1111 1352 1169 cotidie
1368 1114 1454 1186 44444
1468 1115 1553 1171 albus
1577 1116 1717 1174 iratribus
1732 1120 1819 1174 44444

112 1220 157 1261 444
169 1203 214 1241 0000
230 1200 295 1258 Kal.
307 1199 450 1258 Octobris.
995 1200 1071 1257 44444
1084 1201 1201 1257 solitam
1226 1218 1384 1273 annonam,
1400 1202 1428 1258 in
1445 1203 1601 1262 dominicis
1626 1222 1692 1264 vero
1714 1207 1818 1264 diebus

143 1294 193 1350 07.
207 1290 380 1364 (151.]Cap.
396 1290 472 1362 403.)
487 1288 656 1346 Β444444444
671 1290 727 1357 0000,
745 1294 939 1365 cognomento
994 1290 1153 1363 unicuique
1163 1289 1270 1363 duplex
1281 1290 1396 1348 mellita
1406 1293 1499 1365 copia.
1513 1294 1586 1352 Nam
1598 1300 1627 1352 et
1642 1295 1743 1352 vinum
1754 1297 1818 1353 dari

112 1380 309 1448 llebreudue,
324 1378 401 1436 sedit
420 1394 513 1435 anuos
524 1378 569 1414 0000
582 1378 683 1433 decem
698 1378 784 1450 (530).
801 1377 844 1434 444
858 1378 939 1435 omni
993 1379 1135 1436 tratribus
1151 1382 1252 1437 contra
1266 1383 1401 1437 naturam
1416 1381 1548 1439 Senoniae
1562 1382 1722 1456 disposuit;
1738 1386 1817 1457 quod

112 1466 939 1540 bonerumqaueredecoratue,episcopaliotllciodiguus,
993 1468 1082 1525 etiam
1104 1466 1134 1524 iu
1163 1469 1267 1525 diebus
1296 1469 1416 1526 suls¹⁰¹⁸
1441 1470 1531 1527 ferme
1560 1472 1681 1545 peregit.
1697 1473 1819 1546 Compo-

113 1559 237 1618 dilectus
251 1558 312 1615 4444
324 1562 353 1614 44
367 1556 546 1614 hominibus.
560 1556 644 1613 Hunc
657 1557 704 1592 0000
719 1556 803 1612 nobis
817 1555 941 1614 ecclesia
994 1557 1107 1613 44440000
1122 1573 1236 1625 mensa,
1252 1574 1373 1613 manum
1387 1558 1475 1614 vertit
1493 1559 1529 1614 ad
1546 1559 1721 1630 claustrum,
1738 1563 1816 1633 quod

113 1647 251 1724 praestitit
259 1645 451 1705 coloniensis.
462 1646 622 1719 imperator
633 1646 784 1702 04444444
792 1644 899 1718 4444444
912 1645 940 1701 ei
993 1645 1122 1718 44440000,
1137 1645 1209 1700 dum
1224 1645 1306 1717 44444
1322 1645 1455 1719 ligneum
1471 1652 1560 1717 esset,
1576 1647 1725 1721 lapideum
1741 1651 1817 1721 lecit,

113 1737 252 1797 baculum
262 1736 322 1808 ²⁸⁰¹,
346 1734 522 1792 Benedictus
546 1750 622 1807 papa
644 1733 811 1791 transmisit
836 1734 879 1790 illi
893 1735 940 1771 0000
993 1735 1096 1806 forma,
1122 1740 1154 1789 44
1181 1750 1245 1790 mos
1268 1738 1323 1802 est,
1348 1734 1554 1808 quadrangula
1569 1737 1615 1772 0000
1630 1738 1716 1810 (543),
1740 1740 1819 1795 44444

113 1824 418 1902 44444444044444444
428 1828 474 1882 444
484 1829 583 1880 autem
594 1841 610 1880 a
620 1823 852 1897 suffraganeiset
862 1822 938 1881 aliis.
994 1822 1188 1879 cancellorum
1198 1823 1247 1861 0000
1263 1822 1365 1879 ordine
1375 1824 1449 1896 (544)
1464 1824 1640 1881 distinctum
1656 1832 1686 1882 et
1694 1827 1758 1883 4444
1774 1828 1821 1884 de·

114 1915 244 1975 34444444
261 1919 374 1987 septem
389 1913 537 1987 episcopis
548 1913 633 1985 (540),
646 1918 675 1969 44
684 1913 739 1968 hoc
749 1913 778 1968 iu
791 1912 863 1969 urbe
878 1929 938 1969 me·
993 1911 1137 1969 lectabila.
1150 1911 1261 1968 Deinde
1286 1928 1404 1967 uturum
1429 1912 1557 1970 civitatis
1580 1914 1617 1969 ab
1641 1914 1820 1973 Herimauno

115 2005 218 2079 tropoli
232 2003 436 2076 Hammaburg
458 2018 525 2058 cum
551 2001 663 2075 ingenti
687 2002 781 2075 gloria
794 2002 880 2073 (544).
895 2001 939 2057 Ad
994 2000 1202 2058 4444444440000
1216 2016 1316 2055 orsum
1339 2001 1369 2054 in
1384 1999 1448 2072 giro
1469 2007 1652 2072 construens,
1665 2004 1695 2060 iu
1711 2004 1820 2078 aliqui·

116 2095 230 2152 landem
245 2092 326 2148 beati
336 2091 391 2147 4444
407 2107 511 2164 parum
524 2095 569 2147 est
580 2107 667 2147 omne
677 2091 755 2163 quod
772 2091 910 2158 dicimus,
924 2107 941 2146 4
994 2090 1050 2146 bus
1064 2105 1133 2145 eum
1147 2088 1219 2144 locis
1231 2104 1325 2159 usque
1335 2088 1372 2143 ad
1385 2090 1607 2162 propugnacula
1622 2092 1729 2162 erexit;
1746 2094 1819 2150 alias

120 2186 197 2256 onius
211 2181 303 2238 laude
317 2181 443 2237 necdum
454 2179 582 2252 aliquem
598 2179 696 2235 audivi
711 2180 938 2237 discordantem.
994 2178 1125 2250 quinque
1139 2182 1190 2234 444
1206 2182 1318 2249 septem
1330 2177 1497 2234 cubitorum
1511 2178 1667 2237 altitudine
1682 2183 1820 2255 semiper-

121 2272 239 2330 lltenlm
250 2270 331 2327 brevi
342 2270 470 2343 qaedam
479 2267 610 2325 indiculo
619 2269 940 2341 complectamuryma·
995 2267 1104 2324 4444444
1120 2266 1242 2322 dimisit.
1253 2265 1306 2321 Cui
1316 2266 1361 2302 0000
1376 2267 1413 2321 ab
1428 2283 1534 2324 occasu
1550 2272 1652 2325 contra
1668 2271 1762 2327 sorum
1774 2272 1820 2307 0000

126 2364 211 2437 qinem
225 2358 347 2417 44444444
362 2361 438 2431 ejus,
455 2363 536 2431 pater
557 2357 657 2431 patriae
677 2357 734 2414 4444
748 2359 836 2428 (542),
851 2359 941 2415 44444
995 2361 1079 2429 porta
1092 2356 1212 2429 grandis
1224 2354 1352 2426 inhaesit,
1361 2372 1507 2429 superque
1523 2362 1636 2429 portam
1648 2359 1820 2416 llrmissima

129 2450 244 2507 04440000
273 2448 364 2505 440000
390 2446 472 2504 44444
496 2445 612 2519 444444,
641 2450 733 2502 terror
762 2447 941 2520 malepoteu·
996 2446 1095 2512 turris,
1112 2460 1198 2517 opere
1219 2443 1319 2499 italico
1342 2444 1468 2511 munita,
1483 2448 1512 2501 et
1527 2450 1640 2519 septem
1655 2451 1818 2505 44444444-

131 2540 189 2597 tium
197 2540 255 2612 0000,
267 2536 475 2610 exemplarque
483 2536 529 2572 0000
547 2533 791 2604 benivolentium,
805 2536 942 2609 egregius
996 2533 1085 2591 meris
1101 2534 1137 2590 ad
1152 2532 1296 2589 diversam
1309 2532 1409 2606 oppidi
1425 2534 1640 2592 necessitatem.

135 2630 232 2701 4444444,
247 2625 294 2685 444
318 2625 423 2700 4440000
437 2625 537 2682 omnia
556 2624 642 2681 vellet
663 2624 699 2681 ad
725 2625 886 2698 perfectum
896 2625 942 2661 0000
1030 2624 1075 2678 08.
1087 2622 1244 2694 ((52.4044.
1254 2620 1328 2692 404.)
1344 2620 1409 2677 Haec
1424 2621 1495 2677 dum
1520 2621 1630 2679 Bremae
1655 2625 1750 2697 operis
1773 2625 1818 2681 in-

138 2717 236 2788 ducere3
251 2717 332 2774 dicta
346 2720 376 2772 et
389 2716 467 2771 laeta
490 2715 554 2786 ejus
574 2713 674 2770 omnia
696 2712 774 2770 dulci
800 2714 943 2771 memoria
996 2712 1092 2785 signia
1104 2710 1180 2780 (543)
1196 2708 1383 2782 relinqueret,
1400 2726 1467 2766 mox
1480 2711 1517 2767 ad
1537 2710 1664 2769 ecclesie
1679 2718 1819 2771 Hamma-

141 2806 241 2876 posteris
256 2802 941 2879 4444444444444444444444444444444444444,
996 2799 1152 2874 burgensis
1169 2800 1215 2836 0000
1242 2798 1465 2856 edificationem
1499 2804 1559 2858 tcto
1587 2802 1683 2860 cordis
1721 2819 1819 2862 amore

883 2951 1045 3010 eunome.

200 3080 312 3138 044444.
326 3078 372 3136 52.
401 3079 467 3205 {pse
479 3076 625 3203 fflifflst
638 3076 685 3205 ’⁰2¹¹
695 3077 848 3205 {isiconem
862 3077 894 3134 44
909 3077 1022 3135 44444444
1032 3076 1088 3141 0000,
1104 3074 1156 3146 qui
1172 3090 1239 3131 mox
1257 3073 1340 3143 obiit,
1357 3079 1515 3148 autequam
1530 3076 1652 3134 intraret
1667 3079 1820 3153 episcopa·

416 3166 465 3205 um
571 3170 586 3203 4
619 3190 625 3203 .
673 3191 679 3204 .
715 3191 721 3204 .

191 3225 211 3246 '¹
224 3223 310 3280 Scbct.
325 3222 371 3277 53.
401 3220 520 3277 clericis
534 3150 580 3256 ¹(⁰²⁸
593 3150 807 3287 4444444444,
817 3206 892 3292 quos
904 3219 1021 3275 videbat
1030 3216 1136 3274 auxilio
1146 3216 1272 3291 indigos,
1284 3215 1464 3289 largiebatur
1476 3218 1521 3253 0000
1537 3217 1684 3290 aliquibus
1695 3222 1818 3276 abscou-

400 3293 461 3348 dite
474 3296 632 3365 quaternos
655 3295 707 3348 444
728 3292 819 3348 44444
835 3290 944 3347 4444444
963 3307 980 3346 4
1035 3288 1085 3357 444,
1101 3287 1203 3344 multis
1218 3293 1246 3343 et
1260 3287 1446 3361 prebendam
1457 3288 1513 3361 0000,
1529 3288 1595 3345 aliis
1619 3307 1690 3346 suas
1713 3296 1819 3347 vestes.

401 3363 550 3436 Plerisque
561 3364 650 3420 etiem
665 3379 730 3419 corn
753 3363 857 3428 attens,
873 3362 949 3435 quod
965 3305 1080 3418 arfraeicis
1101 3359 1255 3415 inhoneste
1276 3363 1482 3426 tractarentur,
1506 3376 1694 3433 percussores
1717 3378 1819 3418 eorum

401 3436 470 3492 iecit
483 3440 551 3492 ente
565 3451 597 3492 se
610 3440 640 3491 et
654 3379 785 3520 44444444
800 3433 871 3490 cedi
887 3438 916 3490 et
930 3432 1068 3506 vapulare
1084 3431 1194 3487 taureis
1207 3431 1263 3485 0000.
1280 3433 1318 3497 (2.
1334 3430 1360 3485 3.
1377 3429 1417 3498 4.)

185 3509 214 3534 ’00
225 3508 312 3567 scoot
328 3508 374 3565 54.
394 3506 504 3563 Videus
520 3511 617 3563 eutem
634 3506 805 3579 pestilerum
829 3506 964 3561 morbum
984 3506 1020 3561 de
1038 3503 1193 3560 connubiis
1207 3503 1253 3538 0000
1266 3500 1438 3557 clericorum
1453 3500 1546 3575 magis
1561 3501 1591 3556 in
1606 3501 1669 3558 dies
1683 3502 1729 3538 0000
1743 3519 1820 3560 cres-

400 3594 475 3646 cere,
491 3578 594 3634 statuit
607 3578 732 3651 pedibus
746 3579 788 3633 ire
801 3576 832 3632 iu
848 3575 1023 3633 seutentiam
1039 3573 1201 3631 decessoris
1211 3572 1256 3610 0000
1274 3572 1399 3629 Libentii
1413 3572 1497 3644 (547),
1513 3572 1538 3630 44
1551 3576 1650 3629 tamen
1665 3573 1819 3632 ecclesiam

401 3659 429 3706 et
444 3649 605 3707 claustrum
620 3654 707 3706 autea
721 3649 894 3723 perduceret
908 3648 944 3704 ad
961 3663 1048 3705 suum
1064 3651 1174 3703 statum
1186 3646 1243 3702 0000.
1259 3643 1350 3718 (2.4.)

795 3799 915 3856 vaelAE
941 3798 1147 3857 uncmortue.

167 3926 200 3962 000
211 3926 339 3984 civitatis
352 3927 378 3983 3.
419 3927 465 3964 0000
480 3925 715 3982 [44444444444444
736 3925 761 3983 4.
779 3924 1017 3982 Helverstadensi
1031 3924 1059 3979 3.
1100 3924 1145 3989 0000
1179 3922 1266 3996 44444
1283 3923 1307 3979 4.
1347 3921 1584 3979 000οΗ444444444
1602 3922 1825 3980 3Ηί44444444

143 3993 343 4057 lllildeurothe
357 4000 384 4055 4.
432 3998 550 4071 0000444
577 3997 665 4054 addit.
693 3998 720 4053 4.
760 3996 953 4053 0000444443.
994 3994 1138 4051 0000444404
1159 3939 1187 4050 g.
1212 3995 1240 4050 3.
1264 3995 1291 4049 4.
1338 3993 1550 4051 0000044444444
1578 3995 1604 4050 3.
1633 3993 1768 4052 ltlzelinus
1795 3999 1824 4050 2.

141 4063 357 4127 0004444434.
393 4069 441 4105 0000
455 4072 488 4125 lit
513 4068 591 4124 hunc
614 4071 642 4123 2.
667 4069 694 4123 3.
712 4068 738 4123 4.
775 4069 821 4105 0000
837 4073 865 4126 44
888 4068 966 4124 addit
981 4068 1008 4123 4.
1045 4066 1180 4123 0000444444
1195 4066 1221 4122 4.
1237 4067 1265 4122 5.
1303 4065 1445 4122 0000444444
1460 4066 1488 4122 3.
1526 4066 1572 4102 0000
1586 4070 1616 4121 44
1642 4066 1716 4124 deest
1742 4068 1769 4123 3.
1797 4068 1824 4123 4.

139 4134 331 4215 ’0444444444
343 4140 372 4196 5.
409 4139 619 4212 0000444444ρί44
630 4140 656 4194 4.
693 4140 824 4212 00004444
847 4141 880 4197 lt.
904 4141 933 4195 F.
970 4138 1017 4175 0000
1053 4138 1195 4194 relectum
1211 4137 1236 4193 l.
1274 4137 1320 4172 0000
1356 4137 1444 4194 uibus
1470 4152 1523 4193 nec
1551 4136 1676 4195 tolerare
1703 4143 1825 4211 poteret,

137 4214 205 4269 eleni
228 4228 299 4270 uam
317 4210 428 4268 malum
444 4213 470 4267 4.
508 4211 696 4267 ¹⁰¹⁰tenusl.
735 4211 780 4247 0000
798 4211 860 4268 4444
874 4212 902 4265 2.
914 4211 941 4266 3.
957 4210 984 4265 4.
1046 4210 1068 4245 00
1084 4208 1125 4265 444
1139 4208 1285 4265 ordinavit
1299 4154 1366 4266 3.(4.
1405 4208 1450 4245 0000
1465 4208 1527 4265 4444
1541 4208 1614 4265 deest
1629 4210 1654 4264 l.
1693 4209 1826 4282 ’⁰¹⁸ergo

136 4228 233 4341 utel.
272 4281 322 4321 0000
336 4282 386 4341 4444
400 4283 426 4339 4.
464 4282 511 4318 0000
523 4283 667 4354 quadrata
688 4285 717 4338 2.
741 4283 768 4338 3.
794 4284 819 4338 4.
857 4279 1070 4337 ¹⁰¹⁷cellarium
1095 4280 1123 4335 3.
1149 4279 1288 4336 cellarum
1309 4282 1337 4335 2.
1358 4281 1384 4335 4.
1422 4280 1468 4317 0000
1496 4297 1513 4335 4
1540 4280 1744 4352 predecessore
1772 4297 1826 4336 suo

135 4354 296 4413 terimanno
309 4354 489 4427 (Hermanno
508 4354 548 4435 5.)
563 4354 590 4408 4.
627 4352 781 4409 0000444444
809 4352 886 4410 addit
901 4353 927 4407 4.
965 4352 1128 4408 0000444444
1154 4350 1251 4407 lorum
1278 4350 1377 4406 desunt
1400 4354 1427 4406 2.
1451 4351 1479 4406 3.
1504 4352 1531 4405 4.
1568 4351 1827 4407 000414444444-

134 4427 216 4549 (44444
230 4426 306 4485 aar
321 4429 347 4481 1.
384 4426 431 4461 0000
445 4430 559 4482 ornavit
572 4428 600 4479 2.
638 4425 684 4459 0000
699 4424 858 4481 Hedebiam
873 4426 900 4481 3.
937 4422 985 4459 0000
998 4422 1133 4478 introiret
1148 4422 1178 4477 in
1194 4423 1396 4495 episcopatum
1412 4438 1500 4477 suum
1515 4422 1542 4478 3.
1580 4421 1625 4457 0000
1641 4422 1699 4477 4444
1713 4421 1827 4477 44444444

148 4539 153 4552 .
185 4496 270 4555 000044
308 4497 387 4554 lebat
399 4497 425 4552 4.
463 4496 509 4531 0000
525 4495 628 4552 multis
643 4495 854 4568 4444444444.
892 4495 937 4530 0000
951 4493 1062 4551 tauries
1076 4491 1208 4566 vapulari
1226 4495 1253 4549 5.
1271 4494 1325 4550 Hoc
1348 4493 1471 4549 44444444
1487 4493 1518 4548 ic
1531 4493 1624 4549 codice
1637 4492 1664 4547 3.
1679 4494 1722 4547 ito
1735 4509 1764 4547 ec
1777 4493 1827 4547 44-

140 4564 170 4623 tc
182 4586 193 4626 .·
203 4570 281 4627 Huni
305 4584 360 4625 444
375 4568 431 4625 4444
443 4568 473 4623 44
487 4567 609 4634 clerum,
624 4582 712 4639 quem
731 4571 760 4623 et
774 4566 904 4622 detendit
917 4567 1057 4623 44444444
1071 4563 1197 4635 iujurias
1215 4563 1366 4620 laicorum.
1405 4564 1451 4599 0000
1465 4562 1589 4619 cenubio
1604 4564 1630 4619 5.
1670 4562 1715 4597 0000
1730 4563 1766 4618 44
1780 4562 1828 4619 444

140 4635 159 4693 ln
171 4640 243 4698 diem
258 4642 286 4697 4.
324 4638 370 4676 0000
386 4638 603 4713 predecessoris
617 4638 663 4694 sui
680 4640 706 4693 4.
744 4638 790 4675 0000
804 4643 862 4695 lloc
875 4637 998 4694 44444444
1020 4637 1077 4695 cod.
1092 4639 1120 4691 2.
1136 4637 1168 4692 io
1181 4635 1239 4692 eod.
1257 4635 1283 4692 4.
1299 4636 1391 4692 metui
1413 4635 1547 4692 4444444444
1570 4637 1611 4691 est
1632 4634 1706 4689 ictor
1721 4632 1802 4689 cerlo
1818 4653 1827 4690 .·

144 4712 276 4782 ι(44444444
291 4711 505 4785 comprehensa
519 4732 534 4761 »
549 4718 576 4766 44
589 4732 603 4761 u
619 4708 655 4766 444
669 4725 747 4766 cum.
760 4732 774 4761 »

919 4823 1037 4881 NOTAE.

74 4952 76 4957 ’
171 4948 233 5026 4537)
247 4952 280 5010 44
295 4956 342 5010 444
366 4955 484 5024 4444444
506 4951 640 5025 rapinam
665 4950 807 5025 corripuit
823 4953 851 5008 et
865 4950 902 5007 ab
917 4966 952 5007 ea
1005 4946 1097 5004 Mario
1123 4946 1266 5014 Ciceroni,
1282 4946 1399 5013 cesari,
1422 4950 1568 5020 Augusto,
1588 4947 1722 5005 Heinrieo
1741 4947 1764 5014 1,
1779 4947 1829 5004 04-

151 5026 319 5091 enarranda
335 5023 468 5080 retinuit.
1005 5019 1067 5075 toni
1083 4993 1199 5090 Magno,
1211 5022 1245 5075 V.
1262 5019 1430 5085 widukind,
1447 5017 1466 5074 l.
1484 5036 1504 5089 1,
1519 5035 1545 5074 c.
1561 5020 1612 5088 39;
1627 5019 1647 5076 l.
1664 5037 1708 5087 ur,
1724 5035 1748 5074 c.
1766 5019 1810 5075 49.

174 5093 232 5165 (538)
250 5098 319 5152 ileos
332 5096 479 5152 ultionum.
498 5093 545 5150 Ps.
560 5110 641 5162 xcru,
658 5111 684 5149 4.
700 5096 727 5150 4.
1041 5091 1115 5161 (543)
1132 5096 1170 5145 De
1185 5089 1240 5145 hoo
1255 5106 1336 5146 more
1353 5090 1430 5147 cont.
1446 5090 1534 5147 etiem
1548 5090 1685 5163 Ducauge
1700 5089 1829 5148 Glossar.

176 5164 236 5249 (539)
251 5172 354 5223 Annos
370 5167 397 5234 9,
413 5182 530 5223 menses
552 5166 570 5220 6
593 5171 623 5222 44
645 5166 708 5222 4444
729 5166 765 5221 27
788 5163 952 5221 secundum
1007 5180 1030 5218 s.
1046 5179 1073 5217 4.
1091 5161 1260 5217 transtrum.

74 5245 81 5253 '
156 5228 288 5312 44444444
301 5237 388 5294 breve
403 5238 568 5302 Bromense,
580 5238 617 5293 ab
631 5254 709 5294 enno
725 5238 804 5307 4035,
815 5238 894 5310 Sept.
907 5235 952 5306 49,
1042 5234 1116 5305 (etl)
1130 5232 1266 5302 cancelli,
1278 5232 1402 5290 fortasse
1418 5233 1546 5289 44444444
1555 5230 1720 5287 reticulata.
1730 5231 1764 5288 V.
1779 5236 1833 5289 Du·

157 5309 220 5372 44444
231 5326 328 5381 usque
342 5308 379 5365 44
394 5325 505 5365 anuum
521 5309 602 5380 4045,
617 5309 709 5382 April.
725 5310 769 5364 45.
1007 5320 1099 5429 4444ξ4
1114 5304 1170 5359 sub
1188 5303 1217 5359 b.
1234 5323 1263 5359 v.

74 5379 82 5416 ²
179 5376 237 5447 (540)
250 5379 287 5435 V.
303 5378 409 5436 annal.
424 5379 616 5436 Hildesheim.
633 5398 659 5437 a.
676 5382 755 5436 4035.
1043 5377 1075 5444 (5Ι
1089 5376 1117 5447 5)
1132 5376 1163 5430 44
1180 5380 1224 5432 444
1239 5380 1431 5433 monumenta
1449 5373 1601 5430 industria
1617 5391 1687 5429 sue.

74 5467 85 5475 -
180 5446 237 5521 (etl)
251 5453 352 5519 4444444
375 5451 466 5520 aterio
490 5451 560 5508 Sall.
586 5451 669 5508 Catil.
685 5453 752 5509 43.
768 5449 872 5522 Virgil.
888 5452 952 5504 AEn.
1043 5448 1118 5520 (540)
1132 5446 1166 5501 V.
1182 5464 1273 5520 supra
1286 5464 1318 5503 ca
1343 5490 1349 5503 .
1366 5447 1411 5517 44,
1426 5446 1470 5512 47,
1487 5450 1514 5501 44
1529 5444 1622 5501 schol.
1638 5447 1682 5503 44.

156 5510 169 5570 l.
180 5533 205 5583 n,
216 5537 240 5577 4,
255 5524 319 5579 325,
1042 5520 1118 5590 (547)
1130 5517 1165 5575 V.
1181 5535 1271 5594 supra
1294 5465 1386 5577 444444.
1403 5517 1448 5590 43,
1464 5520 1494 5574 44
1516 5514 1595 5576 44444
1617 5516 1638 5576 4.
1654 5533 1698 5593 44,
1714 5535 1739 5577 4.
1753 5520 1790 5577 20
1804 5523 1833 5580 44

74 5612 88 5637 ν
178 5589 241 5670 (544)
262 5599 343 5655 emer
363 5595 468 5672 4444444
490 5610 654 5673 cognomen
677 5594 828 5671 quondam
851 5593 954 5655 datum
1009 5588 1102 5649 schot.
1116 5591 1163 5651 47.
