3892 6096
114 280 201 351 'affl
752 283 949 348 musana.
965 224 1085 346 *rm
1110 283 1199 345 loir.
1741 282 1826 346 4234

119 433 208 478 suem
221 433 280 475 nnn
296 417 505 492 dedignaretur
518 420 656 493 prestare
670 419 867 493 presentiam.
884 419 944 475 Rex
958 421 982 488 Α
999 416 1119 491 regibus
1133 416 1300 474 Teutonicis
1316 414 1492 474 tributarius
1506 403 1612 484 luerit,
1627 416 1770 490 cujusque
1782 415 1828 455 ¹⁸⁶
1908 488 1915 499 ⁹

121 506 210 567 etiem
228 511 318 564 certo
347 507 444 566 sciens
483 523 601 564 omnem
631 524 717 565 susm
745 508 775 564 in
803 524 837 564 oo
874 507 946 564 verti
1003 522 1128 579 regnum
1143 506 1204 576 jam
1231 505 1302 562 olim
1327 505 1615 562 ’1441441444444011
1628 506 1736 562 virtute
1759 507 1829 563 sub·

118 594 259 664 salutem,
286 596 312 654 si
339 601 409 654 aute
446 596 676 654 anniversariam
710 596 790 654 diem
832 613 947 653 exeom-
998 582 1826 668 actumstipueinprovinciamrsdactumiuerat,reponte

116 683 317 744 manicatione
344 683 554 753 absolveretur,
585 701 639 742 nec
664 686 738 743 satis
761 689 860 743 tutum
885 685 947 743 suis
1001 683 1032 740 in
1048 684 1334 758 superbiamelatus,
1347 683 1827 757 proptereaquodprinoipes'len·

114 773 285 833 rationibus
309 773 491 844 existimans,
507 778 539 830 ut
554 779 705 848 expectato
729 775 808 832 intra
820 776 864 812 ¹⁸⁹¹
879 774 946 831 Gal·
1001 773 1115 831 tonicos
1130 774 1174 809 ¹⁸⁹³
1192 777 1321 830 cerneret
1347 773 1517 830 domesticis
1532 772 1725 830 seditionibus
1739 790 1826 830 occu-

118 861 176 921 1144
190 863 313 921 Romani
328 862 476 936 pontilicis
495 863 692 930 adventuris
716 864 822 921 infesto
840 864 946 937 judici,
1001 868 1095 937 patos,
1106 880 1294 937 nequaquem
1310 863 1346 921 ad
1359 863 1679 920 14144444444444141111
1690 863 1826 936 gentibus

114 951 162 1013 ein
175 952 331 1009 obstinatis
356 953 579 1010 accusatoribus
594 969 715 1010 causam
730 954 776 990 ¹⁸⁰³
800 953 948 1010 addiceret
1000 970 1084 1010 arma
1099 970 1212 1025 vacare,
1223 953 1335 1026 regiam
1350 952 1523 1025 dignitatem
1536 953 1709 1025 regiumque
1719 968 1826 1009 nomen

117 1038 330 1107 ventilandam,
346 1039 493 1114 optimum
515 1041 596 1098 iactu
610 1042 668 1099 sibi
687 1041 832 1114 judicavit
846 1059 898 1115 pro
913 1058 947 1099 ao
1000 1042 1058 1100 sibi
1070 1042 1233 1115 usurpavit,
1245 1042 1382 1099 diadema
1392 1040 1596 1113 ¹⁸⁰⁸imposuit,
1607 1045 1694 1112 atque
1704 1041 1769 1113 ipso
1779 1042 1827 1098 dio

118 1131 183 1189 tum
198 1133 277 1186 statu
289 1145 388 1187 rerum
400 1146 534 1197 suarum,
548 1131 623 1187 utin
634 1130 742 1188 Gallias
753 1130 947 1204 proficiscenti
1002 1132 1109 1189 natalis
1125 1131 1241 1188 Domini
1269 1132 1335 1186 415
1348 1131 1423 1202 (454)
1438 1130 1583 1203 episcopis
1605 1129 1635 1185 in
1661 1146 1758 1203 regem
1783 1134 1828 1186 est
1866 1160 1870 1172 =

116 1218 253 1276 Romano,
264 1217 395 1291 pontifici
406 1217 617 1291 (Desinimus
627 1219 674 1256 ¹⁸⁹³
688 1220 803 1277 ltaliam
814 1237 947 1277 occurre·
1001 1224 1201 1278 consecratus.
1213 1219 1281 1285 044
1298 1220 1378 1276 brevi
1389 1223 1455 1292 post
1465 1219 1772 1292 compertaprincipes
1783 1220 1828 1256 ¹⁰⁰⁰

117 1311 163 1364 ret
191 1311 222 1364 et
252 1306 448 1364 nnatbemstis
475 1307 692 1366 absolutionem
715 1325 833 1382 quoquo
849 1313 948 1382 posset
1002 1310 1110 1382 quibus
1137 1309 1178 1365 rei
1208 1307 1331 1380 publice
1359 1308 1488 1381 dignitas
1516 1323 1593 1364 curse
1620 1307 1677 1364 init
1702 1309 1830 1382 graviter

116 1396 208 1457 modo
222 1394 380 1469 impetrare
397 1401 574 1466 conaretur;
599 1397 654 1455 hac
677 1397 844 1470 impetrata,
870 1402 947 1455 oete·
1002 1399 1132 1466 affecere,
1150 1396 1266 1470 sibique
1280 1397 1404 1454 invicem
1416 1397 1640 1464 succensebant,
1655 1397 1745 1468 quod,
1756 1397 1828 1453 dnm

120 1501 185 1547 ram
207 1484 294 1543 robus
318 1484 524 1543 difficultatem
549 1485 634 1544 lenite
656 1487 855 1555 adimendam,
880 1504 948 1543 cum
1002 1487 1151 1544 intestinis
1167 1485 1197 1542 in
1213 1502 1245 1543 ae
1259 1490 1346 1559 atque
1362 1486 1392 1541 in
1404 1502 1460 1541 sua
1473 1485 1584 1543 4144444
1599 1485 1674 1542 44114
1693 1485 1828 1542 sevirent

120 1572 250 1645 colloqui
264 1572 447 1645 principibus
470 1578 499 1629 et
512 1576 644 1632 conterre
667 1575 793 1632 consilis
814 1579 845 1631 ot
858 1576 948 1632 fidem
1002 1579 1031 1630 et
1045 1573 1286 1648 digladiarentur,
1305 1576 1466 1648 potentiam
1480 1589 1609 1647 opesque
1632 1574 1826 1631 barbarorum

117 1660 285 1720 amicorum
296 1660 328 1718 in
339 1661 637 1736 adversisimplorsre
652 1662 735 1720 nulla
747 1663 885 1736 deinceps
900 1679 946 1720 ve·
1000 1662 1032 1719 in
1047 1667 1163 1720 tantum
1179 1663 1334 1732 aluissent,
1350 1668 1383 1719 ut
1392 1665 1456 1735 J'sm
1476 1662 1566 1720 tercio
1590 1665 1649 1720 dux
1671 1663 1826 1721 Bnemicus
1919 1656 1925 1664 ’

116 1751 197 1813 aar
205 1748 318 1823 religio.
330 1749 436 1807 Paucis
444 1748 537 1824 igitur
546 1755 613 1807 ante
623 1751 753 1808 44141444
761 1751 879 1808 Domini
889 1752 947 1809 die-
964 1793 988 1859 Β
1002 1768 1126 1826 regnum
1136 1752 1327 1809 Teutonicum
1339 1752 1385 1788 ¹⁹⁰¹
1396 1752 1472 1829 terro
1482 1756 1512 1808 et
1521 1752 1589 1825 igne
1599 1752 1827 1826 populabundus

113 1840 180 1899 bus
189 1837 322 1912 Spirensi
333 1838 406 1895 urbe
419 1837 662 1908 discedens‚oum
674 1840 871 1897 uxoreettilio
882 1834 958 1915 par·¹
991 1844 1199 1915 peragrasset,
1209 1844 1239 1896 et
1250 1855 1330 1896 nuno
1340 1841 1399 1896 dux
1407 1839 1582 1896 rotenorum
1593 1843 1623 1898 in
1634 1842 1827 1913 ignominiam

114 1925 190 1989 :vulo
204 1926 261 1984 iter
274 1941 433 2000 aggresm
447 1927 504 1996 est,
520 1941 573 1983 neo
587 1925 746 1999 quisquam
761 1916 799 1984 ex'
811 1927 950 1985 omnibus
1004 1930 1087 2004 regni
1100 1929 1253 1986 Teutonici
1268 1929 1313 1966 ¹⁰⁰¹
1329 1932 1431 1986 contra
1449 1926 1529 2002 leges
1550 1946 1584 1985 ac
1594 1931 1664 2001 jura
1681 1930 1827 2002 majorum

116 2014 290 2077 Ι’1444441414
305 2015 350 2073 vir
365 2015 514 2088 ingenuus
529 2014 688 2073 semitatus
703 2020 754 2073 est
762 2031 852 2089 regno
867 2032 949 2075 exne·
1003 2019 1118 2092 regium
1130 2034 1237 2075 nomen
1252 2017 1425 2091 regiumque
1436 2017 1572 2075 diadema
1584 2017 1742 2092 impudens
1758 2020 1830 2076 etie-

117 2105 250 2172 dentem,
276 2108 381 2177 preter
404 2120 510 2170 unum,
527 2107 556 2161 et
573 2104 675 2177 ipsum
697 2121 752 2162 neo
775 2121 882 2179 genere
896 2121 950 2163 neo
1005 2111 1123 2166 ctasset.
1690 2110 1693 2115 '

121 2193 229 2268 opibus
251 2193 454 2267 conspicuum.
480 2196 614 2267 cumque
628 2193 773 2268 impensis
795 2199 857 2253 tam
872 2195 951 2268 longi
1042 2197 1101 2253 Rex
1116 2196 1270 2253 Heinricns
1286 2196 1315 2252 in
1339 2195 1454 2252 ltaliam
1469 2195 1669 2268 proficiscens,
1694 2196 1773 2253 intre
1785 2198 1832 2235 ¹⁹⁰¹

109 2282 240 2345 saneris
250 2286 356 2357 egeret,
366 2281 527 2356 multisque
533 2282 715 2357 supplicaret
724 2283 834 2358 quibus
843 2283 953 2341 incolu-
1006 2284 1207 2359 burgundiam
1221 2285 1252 2340 in
1268 2283 1332 2342 loco
1347 2284 1397 2357 qui
1408 2284 1517 2340 dicitnr
1530 2284 1675 2341 Bisenznn
1687 2285 1733 2324 ¹⁹⁰³
1742 2285 1830 2358 (l55),

123 2373 170 2434 ni
182 2372 224 2433 rei
239 2370 358 2446 publica
370 2388 570 2446 sepenumero
582 2373 742 2446 profuerat,
753 2374 839 2446 pauci
854 2375 953 2430 edmo-
1007 2373 1135 2431 nstslsm
1150 2373 1266 2431 Domini
1282 2373 1447 2443 celebravit,
1463 2373 1537 2430 satis
1548 2373 1703 2447 magnilica
1714 2389 1831 2447 prosus

113 2462 206 2525 idum·
215 2466 310 2529 erant,
325 2461 376 2534 qui
389 2460 576 2519 velveterum
590 2461 800 2519 beneficiorum
811 2463 954 2521 memorie
1006 2468 1072 2519 tum
1083 2464 1130 2502 ¹⁹⁰⁴
1143 2462 1313 2520 calamitate
1328 2467 1486 2535 susceptus
1508 2467 1538 2519 et
1552 2463 1672 2519 babitus
1687 2463 1724 2519 ed
1739 2479 1830 2520 avun-

112 2551 173 2612 -uel
187 2551 324 2626 presenti
353 2551 551 2609 bumanorum
577 2565 677 2607 rerum
696 2551 863 2624 spectaculo
886 2568 951 2625 per·
1006 2551 1073 2609 culo
1090 2551 1193 2609 matris
1207 2568 1278 2620 sue,
1291 2551 1474 2609 Willihclmo
1488 2551 1605 2622 comite,
1621 2551 1707 2624 cujus
1725 2551 1756 2607 in
1770 2550 1830 2608 iilis

109 2641 201 2700 44411
215 2639 437 2701 444444411ιὶ44)
448 2640 513 2712 ejus
525 2637 712 2712 aliquatenus
726 2640 897 2698 relevarent.
912 2642 952 2700 llo
1006 2639 1078 2698 locis
1093 2640 1285 2714 amplissima
1298 2644 1328 2698 et
1348 2640 1562 2698 florentissimas
1577 2657 1647 2714 opes
1671 2645 1765 2697 erant.
1790 2641 1830 2696 lia

112 2727 536 2792 -mieeriarumeteelemitatis
545 2728 952 2802 exsummagloriasummis·
1006 2746 1093 2802 porro
1107 2745 1197 2787 eausa
1206 2735 1279 2800 arat,
1295 2734 1328 2786 nt
1342 2730 1443 2787 relicto
1452 2734 1530 2786 recto
1541 2729 1644 2786 itinere
1652 2729 1683 2786 14
1697 2730 1831 2804 Burgun-

110 2834 188 2895 4444
201 2818 308 2892 opibus
324 2821 443 2892 repente
465 2821 645 2891 pervenerat.
672 2817 814 2876 Similiter
836 2835 953 2892 quoque
1006 2818 1087 2875 diam
1101 2818 1265 2892 diverteret,
1276 2819 1355 2893 quod
1364 2823 1442 2877 certo
1452 2822 1636 2891 compererat
1649 2819 1830 2876 444441144-

110 2907 218 2969 metari
231 2906 748 2967 excommnnicatiobtinendeoitius
758 2906 953 2965 absolutionis
1007 2907 1131 2980 dolium,
1145 2908 1227 2966 Wolf
1241 2914 1269 2966 et
1290 2908 1480 2966 Berbtoldum
1496 2909 1542 2947 ¹⁰⁰⁸
1556 2924 1658 2964 omnes
1680 2907 1743 2965 vias
1767 2924 1830 2964 om-

110 2996 226 3057 ·studio
242 2996 455 3055 ardentissime
481 2996 537 3053 iter
552 2996 599 3035 ¹⁸⁰⁸
611 2994 814 3053 accelerabant
836 2996 866 3053 in
895 2999 952 3054 lta·
996 3013 1119 3069 nosque
1133 2997 1231 3054 aditus
1245 2996 1296 3071 qui
1309 2997 1346 3054 ad
1357 2997 1471 3055 ltaliam
1483 2997 1617 3066 mittunt,
1628 3011 1704 3070 qnos
1718 2995 1836 3070 vulgato

125 3085 211 3157 liam,
226 3102 280 3143 nec
295 3088 395 3143 tamen
418 3085 450 3142 in
465 3078 635 3144 societatem
658 3084 772 3142 itineris
786 3101 884 3159 regem
899 3087 950 3142 44-
994 3085 1128 3142 nomine
1140 3084 1238 3142 clusas
1252 3090 1366 3154 vocant,
1382 3087 1526 3159 appositis
1546 3085 1719 3144 custodibus
1734 3085 1838 3141 antici·

111 3173 255 3243 inittsre,
285 3174 452 3247 principum
467 3172 512 3230 val
540 3172 644 3247 pocius
658 3173 782 3232 Romani
806 3163 991 3247 pontilicisC
1010 3190 1107 3247 paese,
1117 3173 1239 3231 utnulla
1248 3172 1347 3230 illicei
1357 3174 1620 3246 copietrsnaeundi
1630 3173 1723 3230 tieret.
1733 3177 1839 3230 lisacta

111 3267 211 3326 -metu
221 3262 387 3332 :absterriti
402 3262 599 3336 patiebantur.
1009 3261 1195 3319 solemnitate
1210 3261 1318 3319 natalis
1334 3261 1449 3318 Domini
1464 3263 1614 3335 protentus
1625 3261 1705 3330 1444,
1721 3276 1790 3317 oum
1805 3261 1836 3316 in

159 3352 219 3411 biis
232 3357 321 3428 atque
332 3351 520 3410 inclementia
533 3351 640 3410 hiemis
656 3352 712 3410 hoo
725 3368 803 3408 anno
822 3353 893 3409 adeo
905 3353 954 3425 ju·
1009 3350 1108 3408 locum
1121 3351 1171 3424 qui
1186 3351 1266 3408 Ginis
1282 3348 1328 3387 ¹⁰⁰⁸
1342 3351 1418 3423 (456)
1443 3350 1552 3406 dicitur
1566 3349 1703 3417 venisset,
1719 3349 1835 3406 obviam

111 3442 177 3518 ,gie
190 3439 337 3515 solitoque
352 3441 484 3514 asperior
497 3440 694 3508 inhorruerat,
710 3445 774 3497 uta
797 3441 956 3498 testivitate
1011 3440 1114 3498 babuit
1140 3456 1258 3497 socrum
1286 3454 1372 3496 suam
1386 3439 1460 3512 (457)
1480 3439 1635 3512 liliumque
1662 3438 1727 3510 ejus
1750 3440 1837 3494 Ame-

111 3531 227 3593 ›sanoti
235 3529 358 3589 41441141
372 3530 473 3588 114444
497 3530 617 3599 fluvius,
632 3529 748 3603 glaciali
762 3530 870 3604 frigore
883 3547 951 3588 ron·
1009 3531 1098 3587 deum
1114 3529 1189 3602 (458)
1204 3529 1333 3599 nomine,
1348 3544 1474 3602 quorum
1490 3528 1520 3584 in
1537 3527 1597 3584 11114
1622 3527 1792 3602 regionibus
1808 3530 1837 3584 et

112 3618 263 3689 ,scietas
273 3634 348 3692 pene
357 3616 766 3692 usqueadllulendasrtprilis
774 3618 902 3692 pedestri
911 3618 957 3675 iti-
1011 3619 1171 3676 auctoritas
1196 3617 1362 3675 clarissima
1386 3620 1415 3674 et
1443 3615 1644 3690 possessiones
1686 3615 1836 3690 amplissi-

111 3708 195 3771 rsseri
208 3707 427 3768 transmeabilia
451 3711 592 3776 manerat,
617 3711 647 3764 et
669 3706 817 3780 plerisque
838 3707 869 3763 in
883 3706 957 3765 locis
1011 3723 1066 3764 me
1081 3707 1156 3780 (459)
1170 3713 1199 3764 et
1213 3722 1320 3764 nomen
1335 3705 1558 3763 celeberrimum
1573 3709 1646 3762 erat.
1662 3705 1697 3760 Hi
1717 3703 1838 3761 venien-

110 3796 408 3871 ·.·rinetn,-exsiccatis
419 3796 529 3870 frigore
541 3794 700 3869 renisibus,
712 3797 832 3855 omnino
847 3811 958 3854 aresce
1010 3800 1070 3855 tem
1087 3796 1245 3855 44444444
1260 3799 1472 3869 succeperunt:
1496 3795 1655 3852 transitum
1669 3798 1768 3852 144444
1784 3809 1837 3866 per

110 3889 207 3947 erent.
1009 3886 1154 3944 terminos
1176 3903 1247 3943 suos
1271 3885 1346 3942 alias
1369 3883 1395 3941 ei
1416 3883 1575 3942 concedere
1603 3882 1753 3953 nolebant,
1778 3881 1837 3938 nisi

461 3973 627 4032 nnxxvu.
1010 3974 1237 4048 quinqueltalis
1246 3975 1445 4048 episcopatus,
1455 3971 1692 4046 possessionibus
1702 3970 1840 4028 4414444-

160 4063 423 4124 ν0441)(414444444
437 4063 525 4138 (453),
540 4063 592 4136 qui
606 4077 659 4136 per
670 4061 780 4121 multos
790 4063 854 4136 jam
864 4079 958 4121 annos
1009 4064 1121 4138 ugnos,
1131 4062 1174 4120 414
1189 4062 1352 4122 redimendi
1363 4063 1409 4100 ¹⁹⁰⁷
1424 4061 1538 4119 itineris
1551 4061 1683 4132 precium
1696 4060 1838 4117 traderet.

809 4160 929 4218 viniis
948 4161 1157 4220 nutriebas.

161 4252 305 4311 winter
330 4253 359 4308 4.
397 4251 483 4308 ¹⁸⁹¹o.
513 4265 600 4308 suam
616 4252 642 4306 l.
681 4251 727 4288 ¹⁸⁰³
755 4250 832 4306 inter
846 4251 874 4308 4.
913 4251 1096 4308 11014444.
1134 4249 1181 4288 ¹⁸⁹⁶
1200 4267 1258 4322 quc
1286 4250 1398 4308 444414.
1437 4251 1482 4289 ¹⁸⁹⁸
1496 4248 1744 4306 Thentonicornm
1768 4247 1795 4301 4.
1811 4246 1838 4301 5.

124 4326 178 4369 »¹¹⁹²
191 4323 389 4385 'theutonicos
416 4324 444 4380 3.
469 4324 497 4378 4.
535 4322 581 4361 ¹⁸⁹⁸
595 4321 700 4381 ceteris
727 4322 755 4377 5.
794 4321 999 4380 ¹⁸”dsadema
1025 4323 1053 4380 3.
1093 4323 1138 4359 ¹⁰⁰⁰
1151 4321 1328 4380 Teutonicos
1343 4325 1369 4380 1.
1409 4320 1565 4377 ί12124444
1587 4322 1615 4376 3.
1654 4321 1701 4357 ¹⁸⁰¹
1711 4318 1788 4374 inter
1811 4317 1838 4372 4.

133 4397 339 4457 ”ramnum
357 4396 385 4452 3.
424 4393 624 4452 ιω11444444.
664 4391 992 4451 011·444444144441.4.
1032 4394 1078 4431 ¹⁹⁰⁶
1094 4396 1247 4452 1141144444
1261 4393 1552 4452 meministin&
1564 4387 1841 4449 distenderent?

133 4468 182 4508 rm
195 4466 376 4527 redimendis
388 4467 416 4523 4·
979 4532 1087 4592 NOTAE

184 4629 247 4698 453)
260 4624 413 4684 Boleslaus
427 4624 464 4691 ll,
479 4622 615 4680 Gasimiri
629 4622 719 4680 41144.
975 4627 1000 4695 1)
1051 4622 1125 4695 (458)
1140 4623 1182 4678 lta
1195 4638 1230 4678 ex
1245 4621 1382 4695 opinione
1395 4617 1577 4677 Guicbenoni
1591 4618 1621 4675 in
1637 4616 1710 4699 illst.
1725 4613 1839 4689 geneal.

184 4701 246 4772 454)
262 4698 402 4755 14444444
416 4695 573 4768 scriptura,
584 4695 741 4768 legendum
765 4711 799 4752 ue
810 4711 862 4766 pro
877 4695 961 4766 qnin-
1016 4693 1122 4750 domus
1137 4694 1264 4750 Saboud.
1281 4692 1402 4748 comites
1417 4691 1507 4762 hujus
1521 4694 1603 4746 terrae
1619 4688 1675 4744 sibi
1691 4701 1841 4743 successe-

133 4773 242 4841 derim:
271 4766 705 4843 ninqne,tunctemporiaenim
716 4711 962 4848 Piloninvixplu·
1015 4771 1103 4822 runt:
1133 4766 1277 4821 Amedeus
1299 4765 1329 4831 1;
1357 4762 1418 4819 Odo
1446 4779 1472 4818 4.
1501 4760 1578 4831 Otto,
1608 4760 1688 4816 filins
1716 4760 1841 4839 quartus

132 4860 184 4905 res
219 4787 328 4899 haltere
350 4839 447 4923 potuit
468 4836 654 4911 episcopatus
677 4837 725 4921 (ci.
755 4838 834 4921 Pagi,
859 4837 958 4894 (intio.
1015 4827 1842 4921 11444444444444444411,411444144444444441444-

121 4912 371 4977 ·,·44441.Β4444ιί
385 4910 422 4967 ad
433 4909 463 4966 b.
479 4926 507 4966 a.
523 4926 553 4965 n.
572 4911 629 4978 22),
654 4926 712 4965 nrsr
727 4926 822 4983 magis
838 4910 960 4982 placeat,
1016 4909 1074 4973 dis,
1087 4904 1466 4964 ultimemarobronrssaede
1474 4906 1559 4972 Susa,
1567 4905 1618 4961 sed
1627 4902 1843 4984 contradicente

119 5002 258 5065 ‘prorsus
273 4983 363 5041 aliam
377 4979 522 5051 voculam,
534 4982 647 5049 utenti,
662 4981 852 5038 substituere.
869 4980 923 5037 llll.
1016 4978 1073 5036 alic
1084 4981 1226 5053 scriptore
1236 4977 1412 5034 saint-Marc
1434 4977 1512 5049 apud
1525 4990 1613 5048 quem
1624 4973 1665 5032 ita
1675 4990 1705 5030 se
1718 4985 1841 5028 invicem

120 5054 126 5067 '
170 5059 235 5129 (455
258 5054 420 5123 Besancon.
1016 5051 1078 5108 cxci
1100 5052 1183 5107 iuni:
1200 5048 1381 5116 44444441,
1397 5022 1476 5104 iilius
1492 5047 1650 5112 maximus,
1664 5049 1736 5128 natu
1751 5043 1841 5099 ilum·

171 5132 237 5204 (454
261 5132 285 5184 1.
301 5143 327 5184 e.
344 5141 430 5181 mons
444 5122 530 5179 cenis
544 5139 569 5178 s.
586 5121 714 5179 dinisius
727 5121 799 5179 satis
815 5137 962 5194 superque
1017 5123 1091 5178 berti
1106 5127 1128 5188 1,
1144 5122 1180 5177 sb
1195 5136 1272 5177 anno
1293 5121 1362 5175 1048
1377 5119 1521 5192 usquead
1537 5136 1563 5175 a.
1577 5119 1655 5183 1072,
1670 5132 1757 5187 cnjus
1770 5129 1842 5196 uxo-

134 5208 235 5269 notus,
252 5214 340 5274 quem
356 5195 406 5269 qui
422 5193 534 5251 ltaliam
550 5209 584 5249 ax
596 5191 691 5249 Gallia
706 5198 809 5266 petunt
824 5208 963 5264 superare
1017 5185 1845 5249 4444441441444444414444444444141444444441144444

135 5279 166 5332 et
180 5271 266 5330 bodie
282 5269 387 5328 solent.
403 5265 484 5331 Quod
511 5264 585 5320 locor
599 5265 769 5321 nominetur
788 5280 883 5335 mons,
910 5280 963 5321 neo
1018 5264 1341 5330 marchionisssSusae;
1357 5261 1581 5331 flambertusll,
1594 5261 1749 5316 circaeon.
1764 5257 1843 5324 1072,

136 5350 239 5405 nostro
255 5358 308 5400 nec
322 5340 388 5397 eliis
404 5336 493 5395 medii
507 5335 558 5393 avi
573 5335 767 5408 scriptoribus
781 5336 789 5389 1
794 5334 856 5391 nire

899 5350 962 5419 ens.
1018 5328 1213 5407 usquead‘d.
1232 5337 1265 5391 19
1286 5334 1401 5391 Octobr.
1422 5334 1508 5402 11083
1532 5332 1725 5402 Amedeusll‚
1750 5329 1842 5386 Hum-

124 5434 164 5475 ·e.
177 5408 685 5489 c.iocns'l'ritebnrcsupres.1073.
698 5352 964 5490 iia.;cr.usll¹u1us
1019 5407 1089 5462 herti
1107 5405 1235 5462 lltilius.
1415 5475 1431 5488 ..
1618 5475 1624 5487 .

135 5505 201 5547 voc.
217 5482 432 5560 significatione
455 5480 532 5535 inter
555 5478 629 5534 alios
650 5481 760 5533 Waltz:
789 5477 923 5532 llernrrch
940 5479 963 5548 l,
1054 5478 1229 5606 (4511128444,
1254 5477 1433 5532 Pedemnntu
1457 5492 1535 5548 pars,
1552 5473 1642 5532 Vallis
1666 5475 1800 5547 Augusta
1814 5471 1844 5525 et

262 5575 277 5615 s
301 5598 308 5613 .
335 5559 397 5613 not.
413 5553 439 5609 4.
1018 5546 1085 5605 4114.
1126 5549 1160 5606 a.

138 5560 288 5706 piliolis
308 5597 466 5696 ilbeldam,
481 5624 605 5683 matrem
617 5619 723 5698 regins
738 5618 860 5681 berthe.
