3892 6096
111 325 172 389 ’159

632 332 666 392 S.
689 328 854 395 JOANNIS
876 324 1101 389 eutcuuurl
1124 324 1290 388 tuearis

112 466 172 517 tur.
186 461 294 518 Verum
316 477 382 516 cum
406 461 496 518 nimis
519 462 629 534 prolixa
644 463 692 537 sit,
705 468 735 519 et
756 480 791 519 ox
814 461 936 533 antiqua
948 470 977 527 A
1044 458 1201 515 Prasulem
1216 460 1289 527 viso,
1305 462 1440 515 metuens
1453 456 1605 513 docentem

113 550 216 623 lingua
230 550 330 607 Italica
345 567 451 624 magua
475 551 574 609 labore
597 555 627 609 in
651 554 784 609 Latinam
800 566 939 608 conversa

114 639 243 712 rhythmi
258 639 386 713 leporem
403 645 431 696 ct
443 643 631 698 vernaculam
641 642 860 715 simplicitatem
875 656 938 712 por-

114 729 207 795 deret,
222 727 306 784 faeile
320 729 417 785 locum
433 732 497 802 ejus
508 732 657 803 supplebit
671 733 800 805 hymnus
813 728 937 802 Sapphi-

114 834 167 875 cus
182 833 217 873 er
227 818 372 873 Breviorio
382 818 627 877 vallumbrosano
640 821 816 893 descriptus,
828 819 877 892 qui
894 822 939 875 est

114 905 203 962 veluti
228 908 362 978 quaedam
395 909 538 980 praedicta
563 910 712 966 cantilena
738 908 883 983 synopsis.
911 909 938 963 ls

114 994 214 1066 itaque
229 996 270 1051 sie
294 995 418 1053 habetur
433 1000 511 1070 apud
528 998 695 1072 Philippum
721 998 884 1055 Ferrarium
908 997 937 1052 in

115 1083 250 1155 Catalogo
265 1088 437 1142 Sanctorum
453 1087 543 1143 ltaliae
558 1089 605 1145 die
619 1107 659 1143 rn
671 1089 753 1145 tulii.

171 1264 246 1320 Dum
263 1264 362 1322 Crucis
379 1266 496 1338 signum
512 1268 590 1323 videt
605 1268 651 1325 hie
667 1268 696 1323 in
712 1268 805 1336 hoste,

170 1352 276 1421 Parcit,
293 1358 322 1409 et
338 1360 476 1411 constans
492 1356 592 1411 odium
608 1357 731 1413 remittit
747 1374 753 1411 :

169 1441 940 1519 Oratintemplumllepctemplo],caputoecetlhristi

328 1532 432 1587 Flectit
447 1532 476 1588 in
494 1533 587 1588 illum.

170 1620 272 1675 Postea
288 1618 405 1676 saelum
421 1621 537 1693 fugiens
554 1621 717 1693 malignum

170 1708 207 1764 Se
222 1709 285 1765 suis
298 1713 393 1766 vestes
408 1712 547 1766 manibus
561 1713 687 1767 loannes

170 1797 269 1853 Induit
283 1814 392 1864 sacras,
409 1800 631 1871 monachusque
645 1798 732 1856 servit

331 1886 497 1959 Relligioni.

170 1973 223 2029 Hic
239 1973 287 2030 Dei
302 1973 363 2031 zelo
374 1975 486 2047 Jugiter
501 1977 669 2048 porardens,

170 2064 264 2136 thue
277 2064 321 2121 vir
335 2064 429 2134 fortis,
445 2065 548 2121 vitium
564 2066 690 2121 duorum

168 2152 330 2209 Prasulum
346 2154 490 2227 pandens,
507 2154 649 2226 populum
665 2159 798 2213 ruentem

328 2244 445 2300 'l'erruit
460 2260 588 2301 emnem.

168 2334 200 2387 ln
216 2333 263 2388 via
276 2348 411 2405 pergens,
426 2333 505 2406 inopi
525 2336 639 2406 reperto

168 2420 293 2476 Unicum
309 2437 416 2493 panem
432 2421 522 2491 dedit,
539 2438 572 2476 ac
586 2422 696 2495 recepit

168 2510 234 2580 lpse
248 2512 319 2565 tune
335 2514 448 2577 lernos;
466 2510 561 2565 Deitas
576 2526 714 2581 suprema

1206 548 1349 619 Dogmata
1364 546 1446 603 falsa.

1046 635 1139 693 Cessit
1152 654 1168 692 e
1183 636 1241 692 vita
1257 636 1403 692 meditans
1419 634 1581 709 olympum,

1045 727 1155 798 Corpus
1169 725 1200 782 in
1216 726 1301 781 terris
1315 729 1470 781 veneratur
1484 724 1573 795 hujus

1045 814 1170 886 Spiritus
1184 814 1269 871 laelus
1285 831 1421 887 superam
1438 812 1538 885 petivit

1206 905 1341 960 Protinus
1356 920 1462 959 arcem.

1045 993 1117 1048 Ecce
1132 1009 1210 1049 nunc
1226 993 1310 1066 fagus
1326 1009 1439 1049 memor
1454 995 1498 1048 est
1511 990 1655 1048 loannis:

1047 1081 1129 1138 litore
1144 1100 1213 1137 nam
1228 1083 1341 1139 cunctis
1357 1081 1483 1153 folioque
1497 1080 1584 1154 fagis,

1046 1172 1176 1244 Singulis
1191 1172 1277 1229 annis
1292 1172 1381 1245 prior,
1397 1176 1425 1228 et
1439 1171 1552 1226 videtur

1205 1261 1348 1318 Omnibus
1362 1260 1428 1317 ista.

1048 1352 1118 1405 hnle
1133 1355 1279 1407 sacratum
1294 1350 1443 1406 tumulum
1457 1349 1580 1405 Joanuis

1048 1440 1093 1495 fit
1108 1439 1190 1496 salus
1203 1440 1300 1513 agris,
1315 1439 1466 1495 medecina
1480 1439 1577 1507 fessis,

1049 1529 1160 1584 Lumen
1176 1529 1294 1601 orbatis,
1312 1529 1485 1600 fugiuntque
1501 1531 1634 1584 monstra

1209 1618 1338 1675 Tartaris
1352 1622 1426 1674 atra.

996 1705 1119 1763 Romani
1136 1706 1289 1763 Pontifices
1314 1707 1446 1778 ejusdem
1462 1706 1562 1763 Sancti
1586 1703 1700 1762 cultum
1725 1706 1813 1782 magis

996 1796 1149 1868 magisque
1172 1796 1314 1868 paulatim
1339 1799 1571 1868 promoverunt:
1595 1811 1664 1852 nam
1686 1795 1814 1855 Clemens

996 1884 1059 1941 Vlll
1074 1885 1200 1940 decrevit
1231 1889 1263 1942 ut
1290 1886 1326 1940 de
1355 1901 1389 1942 eo
1417 1886 1499 1941 fieret
1526 1886 1765 1942 commemoratio
1788 1886 1817 1942 in

997 1974 1098 2030 Officio
1113 1974 1246 2030 Ecclesia
1263 1976 1410 2032 Domana.
1422 1975 1494 2031 Dein
1505 1973 1674 2031 ClemensX
1689 1973 1820 2047 permisit

996 2065 1031 2120 de
1046 2080 1078 2119 eo
1093 2064 1208 2120 recitari
1223 2063 1358 2119 Officium
1381 2064 1532 2137 proprium
1548 2064 1605 2119 ritu
1622 2062 1820 2137 semiduplici.

996 2154 1127 2209 Tandem
1142 2154 1317 2209 lnnoeentus
1331 2154 1367 2209 Xl
1378 2153 1471 2224 jussit
1492 2156 1525 2208 ut
1544 2152 1602 2209 ritu
1617 2151 1730 2225 duplici
1746 2152 1823 2227 lege·

996 2248 1075 2297 retur
1089 2241 1183 2313 ipsius
1196 2242 1342 2313 Officium,
1360 2244 1446 2315 prout
1468 2241 1627 2298 hodiedum
1641 2244 1689 2298 est
1704 2241 1736 2299 in
1751 2246 1824 2300 Bre-

995 2331 1085 2386 viario
1098 2331 1238 2388 ftomano.
1252 2330 1429 2403 Respublica
1444 2329 1611 2387 Florentiae
1621 2331 1688 2402 jam
1699 2330 1738 2387 ab
1748 2347 1823 2387 anno

996 2422 1067 2475 1506
1080 2418 1230 2492 publicum
1254 2419 1345 2475 edidit
1371 2420 1606 2492 decretumque
1630 2420 1689 2475 sub
1713 2418 1849 2477 mulcta.

995 2509 1166 2582 pecuniaria
1181 2510 1324 2580 jubentur
1336 2508 1433 2565 claudi
1450 2509 1573 2566 officina
1588 2514 1617 2565 et
1630 2508 1765 2566 tabernae
1778 2510 1823 2567 die

328 2598 409 2654 Misit
419 2598 455 2653 ad
471 2598 566 2654 illum.

168 2684 261 2742 Vallis
274 2686 424 2742 umbrosa
440 2687 528 2742 struit
543 2687 612 2742 indo
628 2703 711 2742 saera

167 2774 255 2831 'foeta
269 2774 321 2830 Vir
334 2779 465 2843 sanctus,
483 2775 571 2832 simul
588 2779 675 2847 atque
690 2793 790 2833 secum

168 2863 276 2920 lidocet
289 2864 399 2921 multos
414 2865 549 2921 homines
564 2864 679 2920 beatam

328 2953 440 3010 Ducere
456 2954 557 3009 vitam.

167 3039 243 3096 Dum
258 3042 331 3114 tegit
345 3041 446 3115 culpas
462 3041 625 3099 monachus
641 3044 761 3116 pudore,

168 3129 281 3202 Detegit
295 3130 361 3187 illas
375 3131 482 3187 humili
497 3132 625 3189 loannes

166 3217 253 3287 Voce,
270 3236 306 3276 ue
321 3220 410 3276 frater
424 3224 524 3294 pereat
539 3221 651 3277 silendo

328 3308 448 3380 Propter
462 3309 582 3365 omissa.

167 3394 303 3453 Fluctuat
317 3396 439 3453 domans
454 3398 565 3470 rapidis
581 3398 610 3454 in
626 3399 714 3456 undis
730 3417 737 3456 ε

166 3485 284 3542 Invocat
297 3486 437 3542 Sanctum
453 3492 588 3544 metuens
603 3504 747 3561 aquarum

169 3575 300 3645 Impetus
315 3576 394 3642 Arni,
410 3575 534 3632 columis
549 3576 582 3632 fit
597 3593 699 3633 amens

995 2601 1096 2655 sancte
1112 2596 1270 2654 Gualberto
1285 2614 1377 2654 sacra.
1394 2597 1453 2653 lloc
1476 2597 1599 2671 publice
1623 2598 1849 2656 venerationisa

995 2686 1197 2743 testimonium
1212 2685 1242 2742 in
1259 2686 1385 2742 archivis
1397 2684 1654 2743 vallumbrosanis
1671 2704 1849 2745 conserva-

994 2780 1058 2831 tum
1071 2775 1118 2831 hie
1132 2775 1279 2832 indicasse
1295 2775 1415 2831 suffieit.
1431 2779 1497 2831 Haec
1521 2777 1557 2832 ds
1582 2775 1677 2833 cultu.
1691 2776 1779 2833 Nune
1793 2778 1849 2833 de

995 2864 1139 2937 reliquiis,
1147 2864 1271 2938 aliisque
1281 2865 1527 2922 monumentisad
1536 2866 1679 2923 Sanctum
1690 2870 1849 2924 nostrat:

994 2953 1207 3025 spectantibus,
1222 2970 1357 3027 agamus.

1032 3043 1092 3099 150.
1104 3043 1214 3115 Corpus
1228 3044 1257 3099 S.
1267 3042 1390 3099 loannis
1402 3041 1565 3111 Gualberti,
1577 3043 1667 3115 paulo
1682 3048 1753 3117 post
1765 3047 1820 3118 eju
1846 3096 1849 3101 ,

996 3132 1121 3201 obitum,
1131 3135 1165 3188 ut
1174 3136 1298 3204 utraque
1309 3136 1432 3189 narrant
1443 3134 1526 3199 Acta,
1536 3133 1724 3190 reconditum
1738 3140 1784 3192 est
1797 3136 1849 3195 l:

955 3204 977 3271 C
996 3221 1172 3278 monasterio
1187 3220 1374 3290 Passiniano;
1386 3222 1464 3293 quod
1481 3226 1514 3277 ut
1524 3220 1629 3293 majori
1646 3239 1718 3279 oum
1734 3223 1849 3297 splen

994 3313 1062 3367 dore
1087 3314 1318 3382 conservaretur,
1340 3311 1372 3366 u.
1389 3311 1423 3367 D.
1440 3309 1577 3368 Aurelius
1601 3310 1691 3384 vulgo
1717 3312 1849 3375 Foruli

994 3399 1104 3458 viensis
1119 3416 1195 3456 anno
1211 3401 1292 3468 1580,
1303 3398 1444 3456 sacellum
1459 3398 1608 3473 eleganter
1622 3401 1786 3473 exornavit,
1814 3423 1849 3466 e

995 3505 1183 3563 magnacum
1199 3505 1307 3562 pompa
1322 3505 1355 3545 ac
1380 3488 1538 3562 praesulum
1560 3489 1729 3562 frequentia
1743 3506 1797 3547 sae
1804 3512 1849 3556 ru

994 3595 1062 3635 essa
1077 3577 1225 3651 recognita
1241 3594 1274 3634 ac
1286 3577 1404 3634 visitata
1419 3594 1581 3636 marmoreo
1596 3578 1712 3635 tumulo
1727 3583 1843 3641 condi.

328 3664 410 3720 lotus
425 3669 453 3720 et
468 3669 558 3720 extra.
994 3668 1037 3723 lit.
1054 3670 1147 3740 Caput
1171 3666 1281 3723 ibidem
1298 3667 1328 3722 in
1345 3666 1439 3739 prima
1455 3667 1649 3724 translatione
1673 3667 1834 3733 inclusum

166 3750 296 3808 Nubium
311 3752 417 3825 plenus
426 3753 580 3810 minitatur
592 3771 652 3823 aer,

167 3839 244 3897 Dum
259 3858 330 3897 suas
344 3842 449 3899 fratres
465 3848 624 3916 properant
638 3845 755 3919 aristas,

167 3928 205 3984 Ut
218 3933 324 3998 terant,
341 3934 421 3998 orat;
439 3932 557 4003 penitus
572 3932 680 4005 refugit

327 4018 463 4075 Nubibus
478 4036 536 4075 aer.

168 4108 242 4159 Dum
257 4109 338 4161 tenet
353 4105 437 4163 laetus
452 4108 616 4166 monachus
632 4109 795 4183 malignum

167 4191 321 4265 Spiritum,
338 4195 462 4251 formam
477 4196 586 4269 leporis
600 4204 749 4271 gerentem

167 4281 318 4353 Nescicus,
334 4284 460 4342 Sanctus
475 4291 610 4345 metuens
625 4289 737 4358 retexit,

328 4374 542 4433 mmmm

168 4460 261 4517 Carne
275 4478 334 4519 uon
349 4465 459 4521 audent
474 4467 622 4535 monachi,
636 4474 769 4527 carentes

167 4551 256 4620 Pane,
273 4568 305 4609 sc
317 4555 409 4625 vesei;
427 4572 511 4628 prece
524 4558 717 4631 supplicantis

166 4640 297 4713 Angelus
312 4660 402 4717 panos
418 4646 497 4717 tulit,
514 4652 602 4720 atque
618 4650 732 4705 cunctis

327 4733 427 4791 Trusit
443 4737 564 4793 orexim.

167 4822 250 4876 Mane
266 4836 446 4894 consurgens
462 4831 563 4885 onerat
577 4830 709 4899 petentes

167 4910 313 4981 Pauperss
330 4910 450 4984 multos,
461 4914 627 4987 minuitque
642 4934 795 4990 nunquam

89 5018 93 5029 ·
167 4995 322 5071 Triticum,
339 4999 408 5055 dum
426 5001 491 5069 dat;
507 5004 623 5073 gravier
637 5004 688 5061 sed
705 5024 771 5063 area

327 5089 448 5161 Semper
463 5091 604 5147 abundat.

166 5175 260 5233 tussit
275 5177 367 5234 occidi
383 5178 519 5251 rapidum
535 5186 706 5253 sequentem

169 5264 428 5335 Buculasursun13
444 5270 608 5343 properavit
624 5271 700 5327 ultro

171 5350 262 5410 Ursus
277 5356 312 5410 ad
329 5360 453 5413 mortona
468 5360 621 5431 patienter,
637 5380 719 5433 aeque

330 5444 360 5500 Si
374 5446 447 5502 lbret
460 5465 565 5521 agnus.

171 5532 291 5589 uranei
306 5531 414 5592 illaesus
427 5539 589 5597 moriachus
603 5541 777 5613 perignem.

170 5623 304 5681 Pontifex
318 5623 403 5699 signo
417 5632 545 5686 removet
559 5630 717 5690 scelestum

890 3776 894 3783 ·
994 3758 1088 3813 fuerat
1103 3755 1245 3829 peculiari
1259 3756 1360 3825 thecae,
1377 3772 1467 3827 quam
1484 3757 1516 3812 u.
1533 3756 1567 3812 D.
1584 3756 1723 3813 Placidus
1738 3758 1827 3817 Pavu-

993 3845 1089 3903 ncllus
1099 3844 1257 3901 Patavinae
1273 3844 1351 3900 cirea
1360 3860 1471 3901 annum
1483 3845 1552 3900 illu
1565 3844 1659 3902 multo
1670 3846 1817 3919 pretiosio·

994 3951 1055 3991 rem
1064 3933 1201 3991 reddidit.
1212 3934 1245 3989 R.
1255 3933 1289 3989 D.
1299 3931 1490 3989 columbinus
1501 3934 1538 3989 de
1547 3933 1696 4006 Alphiano
1707 3950 1811 3991 conces·

994 4022 1551 4081 sitecclosiael'lorontinasanctissima
1559 4022 1805 4081 Trinitatismaril·

993 4112 1053 4169 lana
1068 4113 1096 4168 S.
1117 4110 1211 4168 Patris
1226 4110 1459 4183 Gualberti,quu
1475 4128 1552 4167 anne
1570 4113 1651 4183 1586,
1670 4112 1700 4169 in
1715 4110 1800 4169 secale

993 4202 1126 4273 ejusdem
1142 4199 1270 4257 ecclesia
1281 4199 1420 4256 collocata
1430 4204 1484 4257 est.
1496 4200 1655 4257 Brachium
1669 4202 1796 4258 dexterum

993 4290 1039 4346 bis
1055 4288 1230 4347 miraculose
1244 4289 1280 4345 ad
1295 4288 1600 4346 Vallem-Umbrosam
1621 4290 1748 4348 delatum
1758 4291 1789 4345 ast

993 4380 1037 4436 uti
1053 4379 1189 4453 pluribus
1199 4377 1341 4435 describit
1349 4377 1519 4435 Thesaurus
1529 4378 1631 4436 Velius
1642 4380 1717 4436 inter
1730 4376 1795 4435 min·

994 4467 1071 4537 cula,
1083 4472 1149 4541 post
1164 4468 1193 4524 S.
1209 4467 1331 4524 loannis
1345 4467 1442 4524 Vitam
1457 4467 1614 4541 impressa,
1629 4485 1695 4542 cap.
1711 4470 1736 4541 4,
1748 4464 1793 4535 5,t,

953 4560 1020 4641 gf,
1036 4560 1063 4629 8,
1078 4558 1096 4611 n
1110 4562 1139 4614 et
1153 4558 1197 4626 10,
1215 4555 1376 4613 Franchius
1399 4556 1450 4612 lib.
1469 4558 1511 4625 10,
1536 4574 1603 4631 pag.
1621 4559 1675 4614 370
1689 4562 1718 4615 et
1729 4560 1793 4628 heqq.

995 4650 1033 4705 Dc
1046 4649 1148 4703 eadem
1163 4646 1330 4719 prodigiosa
1339 4645 1451 4703 brachii
1466 4646 1660 4705 translatione
1670 4646 1756 4705 videri
1761 4659 1794 4717 pe

994 4741 1052 4793 test
1065 4736 1259 4809 Hieronymus
1273 4734 1457 4793 liadiolensis
1471 4735 1502 4792 in
1519 4736 1683 4807 miraculis,
1696 4737 1741 4794 hie
1749 4732 1795 4807 poti

993 4831 1150 4898 utramque
1173 4826 1264 4883 vitam
1289 4824 1421 4892 edendis,
1447 4841 1529 4881 num.
1544 4827 1606 4897 7,8
1628 4831 1658 4883 et
1682 4842 1756 4899 seqq.
1773 4820 1795 4876 11

993 4918 1096 4973 eodem
1111 4914 1365 4973 Vallis-Umbrosa
1389 4914 1567 4972 monasterio
1590 4919 1724 4974 servatur
1736 4924 1794 4975 crea

994 5023 1052 5078 qua
1062 5007 1088 5061 S.
1100 5005 1226 5060 loannes
1236 5004 1413 5060 Gualbertus
1423 5003 1570 5061 demones
1581 5004 1685 5078 fugare
1696 5000 1795 5063 solebat

994 5096 1029 5151 de
1044 5110 1102 5167 qua
1123 5098 1226 5167 praeter
1240 5092 1423 5149 Thesaurum
1440 5095 1468 5149 et
1484 5093 1662 5151 Franchium
1679 5094 1739 5169 agit
1749 5086 1795 5148 uie·

993 5200 1134 5257 ronymus
1148 5182 1331 5238 fladiolensis
1346 5182 1375 5237 in
1386 5182 1534 5239 htiraculis
1545 5200 1614 5240 mor
1627 5184 1725 5241 citatis
1734 5190 1795 5237 nuu-

992 5276 1010 5328 5
1025 5279 1053 5331 ct
1065 5276 1091 5329 6.
1106 5273 1265 5329 lhanchius
1280 5271 1331 5328 lib.
1352 5274 1393 5341 tlt,
1410 5288 1475 5345 pag.
1487 5274 1550 5346 361,
1567 5274 1643 5330 hane
1658 5276 1741 5347 putat
1751 5278 1796 5326 cett

993 5364 1137 5431 eamdem,
1150 5379 1239 5435 quam
1256 5364 1284 5417 S.
1301 5360 1476 5418 Gualbertus
1490 5365 1575 5420 Petro
1592 5365 1680 5437 lgneo
1703 5354 1796 5419 lunone

993 5451 1297 5509 ssarnmastranseunti
1308 5452 1480 5523 gestandam
1488 5444 1798 5526 deditouidquidsitdt

993 5559 1027 5600 ea
1042 5560 1082 5610 rc,
1095 5546 1209 5600 constat
1219 5556 1336 5598 crucem
1346 5540 1427 5597 illam
1443 5541 1524 5599 mira
1538 5542 1656 5603 virtutis
1671 5558 1735 5600 esse
1743 5550 1798 5598 ocu·

992 5637 1039 5691 tra
1053 5633 1209 5704 daemones,
1225 5632 1267 5691 ita
1286 5636 1319 5690 ut
1342 5648 1419 5690 anne
1434 5632 1515 5705 1631,
1529 5650 1547 5691 a
1560 5636 1594 5691 a.
1610 5638 1644 5692 l).
1660 5628 1798 5694 voluta
