3892 6096
10 188 12 193 Ι
53 240 115 303 fl'f
698 241 793 305 vira
815 242 849 303 S.
871 240 1124 307 holmrici.
1704 252 1765 316 418

56 372 126 431 dam
140 370 271 439 illorum,
288 371 336 428 cui
357 372 533 429 vocabulum
557 376 621 431 erut
643 374 767 441 huneco,
782 373 882 431 miuus
896 385 922 447 Α
936 374 1129 434 absconditus
1143 381 1206 434 erat
1219 378 1375 447 fatebatur,
1386 379 1579 438 intolerabilis
1595 382 1683 439 foetor
1696 400 1763 441 sen-

56 466 142 521 caute
166 461 326 533 respondit.
342 462 466 517 Sanetus
490 478 557 519 varo
583 461 713 519 famulus
734 462 786 518 Dei
804 461 884 519 velut
938 464 1074 521 tiebatur.
1092 467 1199 523 Deinde
1219 484 1286 523 mos
1311 470 1433 526 liberata
1447 470 1562 540 cecidit,
1578 476 1607 528 et
1621 472 1679 528 Deo
1695 488 1763 546 gra·

57 568 91 609 ox
119 551 328 625 conspersione
361 549 513 622 paululum
547 552 692 621 irascens,
723 551 883 607 devetando
939 553 1076 627 tiasegit.
1093 555 1313 613 Beatusautcrn
1329 559 1435 631 praesul
1455 576 1593 631 egressus
1616 561 1689 617 dixit
1712 562 1763 635 qui

58 640 231 715 suppliciter
254 639 317 696 suis
340 638 531 696 maledictum
554 641 647 697 oculis
668 639 802 713 ingessit.
819 640 885 696 Mox
938 644 1075 700 astabant
1089 645 1254 702 ministris:
1272 668 1286 698 a
1302 652 1343 703 lte
1357 647 1455 713 eitius,
1468 656 1497 705 et
1512 651 1666 708 mulierem
1683 652 1764 708 illam

58 729 231 805 husjusmodi
247 728 449 786 maledictione
460 729 611 797 fluita,illa
626 730 784 803 praedictus
796 729 884 784 homo
939 731 975 786 da
990 732 1112 789 ecclesia
1127 735 1233 801 ducite,
1249 740 1277 790 et
1291 736 1315 791 ei
1335 736 1415 807 velit,
1431 738 1498 792 date
1512 737 1554 793 illi
1572 742 1763 808 manducare,

59 835 177 895 gravem
201 834 308 891 passus
331 822 376 875 est
403 817 556 874 oculorum
585 818 727 876 dolorem.
752 818 886 889 Cumque
941 820 1106 894 pariterque
1117 841 1152 878 ue
1163 823 1298 891 ulterius,
1309 842 1363 897 pro
1373 825 1427 881 hac
1442 842 1531 882 causa
1546 828 1581 882 ad
1598 846 1651 885 uos
1665 830 1766 886 veniat

60 914 161 985 postea
175 908 280 966 heatus
295 906 400 981 presul
416 906 526 963 videret
539 926 606 964 eum
628 908 658 964 in
677 908 765 965 chore
781 907 883 963 seden-
939 909 1114 967 interdicite.
1127 934 1140 961 η
1153 912 1264 975 Quibus
1275 914 1370 969 verbis
1382 914 1455 970 satis
1465 916 1640 982 declaratur,
1655 923 1766 990 quauta

61 1004 117 1055 tem
132 1002 271 1071 cooperto
286 997 389 1069 capita,
403 996 480 1053 sicut
495 1014 559 1054 mos
575 1003 620 1054 est
633 996 836 1071 aegrotantium
855 996 885 1051 in
939 997 1068 1056 sollertia
1082 1000 1221 1073 qualique
1236 1003 1382 1058 industria
1397 1019 1515 1059 omnem
1537 1004 1645 1076 fugerit
1670 1007 1765 1063 inton-

62 1086 162 1157 oculis,
178 1085 379 1143 misericordia
398 1089 496 1142 motus
518 1087 641 1143 accessit
665 1087 701 1143 ad
726 1102 793 1143 eum
808 1087 841 1157 ⁸⁷,
857 1090 886 1141 at
939 1087 1048 1144 tionem
1064 1090 1238 1158 cenodoxiae,
1255 1092 1367 1146 mralens
1389 1092 1538 1147 interdum
1564 1109 1595 1148 sa
1620 1094 1765 1150 immitem

62 1176 129 1251 quid
154 1173 266 1232 doloris
289 1178 439 1247 pateretur
462 1176 599 1248 exquirit.
624 1178 659 1232 At
682 1175 730 1232 ille
754 1175 885 1231 dolorem
939 1175 1081 1233 simulare
1096 1194 1184 1250 quam
1205 1178 1376 1235 bominibus
1392 1179 1517 1251 placere.

62 1266 214 1325 oculorum
229 1268 363 1338 questus,
380 1263 533 1321 humiliter
553 1266 590 1322 ab
604 1282 638 1322 eo
653 1264 885 1322 benedictionem
975 1266 1019 1319 36.
1038 1265 1116 1321 Inter
1140 1266 1200 1322 brec
1225 1266 1312 1323 etiam
1341 1268 1412 1339 quid
1436 1267 1618 1327 vicedomino
1633 1288 1697 1340 suo,
1713 1288 1766 1329 eur

59 1354 230 1431 postulavit.
250 1355 341 1425 Cujus
363 1353 454 1410 dolori
480 1355 663 1427 compatiens
687 1359 808 1411 sanctus
830 1353 884 1419 vir,
940 1355 1765 1429 nemen'raginiu,eujus‹poquesuperiusmentionem

59 1445 160 1503 oculos
175 1446 242 1517 ojus
256 1443 393 1517 signavit,
409 1444 511 1516 sicque
526 1444 644 1501 sanitati
659 1444 789 1517 pristine
805 1443 887 1500 resti·
939 1441 993 1497 teci
1009 1443 1076 1513 (79),
1101 1444 1234 1516 contigit,
1251 1461 1308 1499 uon
1334 1446 1567 1516 praetercundum
1591 1448 1717 1504 videtur.
1736 1450 1765 1505 ls

61 1536 129 1593 tuit.
144 1535 204 1591 Sed
239 1549 277 1590 ne
299 1550 352 1605 pre
376 1533 431 1589 hoo
454 1533 538 1606 signo
562 1532 770 1605 divulgaretur,
801 1534 885 1606 quasi
939 1531 1550 1606 etenimprecipuesanetiviritVoltlmngt
1566 1535 1765 1595 familiaritate

57 1642 111 1701 pro
125 1623 244 1681 medela
263 1622 368 1679 facicm
390 1622 487 1679 lavaro
497 1624 600 1695 jussit.
940 1620 1127 1691 fungebatur,
1143 1626 1171 1677 et
1186 1620 1301 1688 merito,
1317 1624 1456 1691 quoniam
1482 1640 1533 1695 per
1555 1640 1672 1681 omnem
1694 1627 1763 1682 fidei

91 1715 139 1772 at.
155 1716 231 1769 Cum
254 1712 332 1768 idem
355 1711 461 1784 presul
483 1716 613 1785 tempore
628 1714 754 1785 quodam
772 1713 886 1769 sederet
941 1710 1101 1780 profectum
1128 1711 1192 1781 ejus
1211 1727 1242 1766 se
1257 1711 1402 1767 subdebat
1416 1712 1567 1783 obsequio.
1584 1714 1659 1769 Dum
1675 1714 1766 1787 igitur

58 1806 140 1879 juxta
150 1801 347 1861 cementarios
357 1803 436 1873 apud
449 1801 547 1858 Sancti
562 1801 646 1858 Pauli
662 1801 884 1871 monasterium,
939 1804 1039 1855 esseut
1051 1798 1269 1871 weltinopolim
1278 1801 1299 1835 ⁹¹³
1309 1802 1365 1871 (80)
1379 1800 1407 1855 in
1419 1801 1529 1857 estatis
1540 1806 1680 1873 tempore,
1690 1820 1766 1875 quo·

58 1889 166 1947 mulier
177 1889 312 1962 quaedam
323 1890 359 1944 ab
371 1888 524 1945 immundo
534 1894 635 1946 vexata
645 1890 751 1961 spiritu
764 1894 832 1946 anto
847 1890 884 1945 il·
940 1887 1007 1942 dam
1024 1887 1081 1955 die,
1098 1886 1173 1943 sicut
1187 1888 1296 1944 estivis
1314 1887 1409 1944 solent
1423 1890 1617 1962 temporibus,
1634 1892 1764 1950 tonitrua

58 1978 120 2037 lum
131 1977 329 2037 deferebatur.
341 1977 396 2033 Sed
413 1994 480 2034 mox
496 1982 528 2033 ut
538 1982 606 2035 ante
621 1980 806 2050 presentiam
819 1979 884 2051 eJus
941 1992 1009 2032 oum
1024 1978 1276 2033 coruscationibus
1291 1979 1405 2050 mugire
1420 1983 1579 2050 coeperunt.
1596 1982 1659 2046 Qua
1672 1982 1708 2037 dc
1732 1998 1764 2038 re

57 2070 148 2137 venit,
159 2068 268 2125 cadens
283 2066 313 2121 in
328 2070 434 2123 terram
447 2066 653 2124 miserabiliter
663 2068 749 2140 coepit
760 2068 884 2139 fatigari.
941 2062 1099 2137 episcopus
1115 2070 1144 2121 et
1168 2067 1217 2137 qui
1242 2082 1273 2122 sc
1288 2084 1354 2122 curn
1377 2068 1493 2123 fuerant
1514 2069 1670 2140 perterriti,
1697 2086 1766 2128 cum

59 2160 300 2215 Sanctusautem
316 2156 366 2212 Dei
388 2156 517 2213 famulus
541 2157 705 2229 suspirans,
722 2158 758 2212 ad
783 2158 884 2226 ussit,
942 2153 1023 2209 ouini
1051 2172 1171 2226 precum
1194 2155 1346 2227 diligentia
1371 2173 1402 2211 se
1427 2156 1608 2213 nruuieruut.
1633 2160 1765 2232 Cumque

61 2248 111 2321 qui
124 2261 228 2303 secum
243 2249 315 2301 tunc
330 2244 479 2300 fueramus
495 2244 563 2316 (78),
579 2243 674 2299 dixit:
703 2244 761 2300 «Si
778 2244 886 2316 dignus
944 2242 1035 2298 niruio
1049 2245 1213 2300 tonitruum
1229 2244 1525 2317 coruscationumque
1544 2250 1653 2303 terrore
1665 2249 1766 2305 affice·

63 2352 156 2395 asem
173 2334 333 2408 quicquam
358 2334 394 2389 ab
414 2333 612 2405 omnipotente
626 2333 684 2390 Deo
700 2334 886 2406 impetrando
941 2338 1052 2400 rentur,
1070 2334 1187 2389 tandem
1204 2337 1263 2389 tam
1286 2333 1383 2406 gravis
1406 2335 1483 2390 ictus
1507 2338 1690 2408 tempestatis
1705 2343 1764 2394 tre-

66 2425 204 2499 accipere,
220 2439 274 2495 pro
289 2421 371 2478 nulla
385 2438 415 2478 re
440 2422 579 2479 libentius
595 2422 687 2478 Deum
703 2423 885 2494 deprecarer,
941 2422 1055 2477 mendae
1080 2422 1218 2488 intonuit,
1241 2427 1274 2478 ut
1299 2423 1392 2494 ipsius
1416 2423 1574 2479 habitaculi
1604 2441 1707 2482 murus
1730 2444 1765 2483 es

70 2530 151 2587 quam
167 2519 201 2569 ut
214 2528 303 2569 suum
319 2512 434 2584 plasma
443 2511 616 2584 dignaretur
630 2528 647 2567 a
662 2511 886 2584 malignihostis
941 2527 1049 2583 magno
1064 2511 1247 2567 scinderetur
1261 2516 1352 2585 parte.
1367 2512 1449 2568 Tune
1464 2517 1493 2569 et
1508 2514 1664 2585 praedictus
1688 2516 1765 2572 vica·

73 2599 184 2659 incoram
205 2600 340 2657 liberare.
357 2598 416 2655 Hoc
435 2603 533 2655 autom
548 2598 672 2667 illisqui
689 2599 768 2669 digni
784 2603 853 2655 sunt
869 2616 885 2655 a
941 2601 1078 2657 domiuus
1091 2600 1543 2667 itaexanimiselfectuscorruit,
1556 2606 1588 2658 ut
1600 2605 1766 2676 omnesqui

75 2690 121 2747 llco
133 2688 266 2747 aaudiri
281 2687 490 2761 relinquentes,
502 2705 556 2745 uos
568 2686 613 2744 vel
627 2687 740 2760 aliquos
755 2688 886 2761 psalmos
940 2690 1061 2746 aderaut
1076 2689 1279 2747 existimarent
1301 2705 1368 2746 eum
1393 2694 1444 2746 aut
1467 2676 1617 2748 mortuum
1634 2697 1686 2748 aut
1707 2693 1764 2750 cito

79 2777 398 2853 mmpaliendointerim
410 2777 580 2834 dicamus.»
595 2777 707 2833 Touc³⁹
723 2777 887 2849 psalmodia
943 2779 1128 2835 moriturum.
1146 2778 1254 2834 Prmsul
1276 2784 1375 2835 autem
1400 2796 1489 2835 manu
1514 2780 1765 2853 comprehendens

80 2866 212 2942 inposita,
229 2867 450 2925 lacrimabiliter
463 2884 515 2939 pre
530 2885 563 2924 cu
578 2866 739 2924 orationem
755 2867 840 2922 fudit.
853 2870 887 2923 tt
942 2885 1008 2923 cum
1035 2868 1134 2935 erexit,
1151 2874 1180 2924 ct
1203 2873 1235 2922 ut
1259 2868 1383 2924 viriliter
1406 2872 1504 2942 ageret
1528 2873 1557 2925 et
1580 2870 1619 2925 iu·
1637 2870 1761 2927 Domino

81 2956 146 3015 illa’⁰
159 2960 264 3030 jacens
278 2957 363 3030 quasi
378 2957 560 3024 dormiendo,
576 2973 628 3029 per
641 2956 740 3013 omniu
755 2957 887 3013 membra
941 2974 991 3013 cor
1015 2958 1080 3029 ejus
1104 2958 1317 3013 confortaretur
1340 2958 1511 3019 admonuit:
1532 2958 1633 3031 sicque
1648 2960 1764 3015 semivi-

81 3047 250 3105 contremuit.
264 3048 378 3103 luteres
389 3047 411 3081 ⁹¹
428 3047 512 3103 nobis
523 3046 591 3115 quid
607 3046 739 3103 facturus
750 3051 827 3103 esset
840 3046 886 3101 in·
941 3063 1010 3101 vum
1040 3045 1169 3102 reddidit
1202 3063 1318 3101 sanum.
1349 3048 1413 3119 lpse
1445 3047 1532 3103 etiam
1565 3048 1766 3105 vicedominus

83 3138 265 3203 tendentibus,
275 3135 326 3192 ille
341 3136 523 3207 suspiciens:
541 3158 555 3185 «
571 3134 795 3207 Tolliteiuquit,
811 3152 886 3213 eam,
903 3122 924 3188 C
944 3136 1132 3210 postmodum
1148 3135 1328 3191 serenissimi
1340 3136 1417 3207 regis
1428 3136 1553 3191 lleiurici
1564 3137 1767 3194 munificentia

84 3224 245 3299 donumque
257 3227 440 3293 reducentes,
451 3224 490 3281 sit
502 3225 604 3297 possit,
616 3225 726 3298 aliquid
741 3228 860 3282 reficite.
874 3248 889 3277 »
945 3222 1165 3295 Parthenopolis
1189 3223 1457 3295 archiepiscopatus
1479 3223 1656 3280 sublimatur
1670 3226 1765 3297 digui-

85 3314 131 3380 Cua
145 3315 264 3374 sublata
276 3320 304 3373 et
321 3315 435 3383 refecta,
452 3331 506 3370 nos
521 3316 543 3349 ⁰²
566 3330 631 3371 eam
655 3312 810 3370 liberatam
825 3332 889 3372 esse
943 3318 1003 3370 tate
1019 3313 1085 3385 (er).

86 3404 329 3478 comperiebamus,
341 3405 391 3460 sed
406 3419 491 3460 uerno
501 3408 636 3460 nostrum
647 3420 738 3460 ausus
748 3407 793 3460 est
804 3404 889 3459 dilfa·
979 3404 1023 3457 37.
1039 3402 1070 3457 lu
1083 3400 1497 3473 territoriolluhiloceusis(82)
1508 3402 1636 3459 ecclesiae
1645 3403 1766 3475 quidam

89 3506 160 3551 uere.
944 3492 1032 3547 homo
1047 3490 1194 3546 contraria
1208 3478 1367 3546 valitudine
1389 3507 1440 3563 per
1461 3495 1577 3563 tempus
1593 3491 1767 3548 diuturnum

113 3584 149 3641 35.
163 3584 235 3641 llem
257 3582 317 3641 alia
332 3583 439 3641 mulier
464 3602 481 3639 a
507 3584 641 3640 demonio
656 3580 777 3640 obsessa
791 3599 889 3639 coram
944 3582 1015 3637 adeo
1030 3581 1193 3636 tabefactus
1208 3583 1262 3647 est,
1279 3583 1311 3634 ut
1325 3596 1397 3651 pene
1412 3596 1464 3652 per
1483 3597 1593 3636 anuum
1617 3581 1765 3654 integrum

91 3669 124 3729 illo
141 3675 264 3731 deducta
287 3677 341 3731 ost.
357 3672 409 3728 Vir
430 3677 528 3728 aufem
546 3673 594 3727 Dei
616 3673 728 3729 favores
743 3672 889 3729 humanos
945 3670 1063 3727 fastidio
1088 3668 1191 3725 edendi
1216 3668 1363 3724 laboraret
1385 3674 1414 3724 et
1429 3668 1636 3726 alimentorum
1653 3670 1768 3739 solatia,

92 3757 190 3835 lapsus,
207 3763 245 3819 ad
269 3779 320 3819 eos
343 3762 394 3834 qui
417 3762 548 3818 ferebant
570 3760 667 3817 dixit:
696 3786 709 3814 a
727 3762 801 3826 Quid
818 3761 890 3818 rnihi
946 3777 1009 3832 qum
1025 3759 1175 3831 sospitatis
1190 3758 1284 3829 gratia
1307 3757 1445 3829 exposcit,
1462 3758 1610 3829 percipere
1636 3777 1694 3815 uon
1719 3776 1769 3832 po·

93 3858 176 3909 raama
185 3852 332 3909 advehitis
342 3850 607 3908 infirmoleucite
617 3868 682 3907 eam
693 3851 722 3906 iu
736 3851 889 3908 ecclesiam
944 3848 1059 3905 fuisset.
1077 3846 1129 3903 llic
1144 3847 1243 3919 itaque
1258 3847 1293 3902 ad
1310 3850 1444 3903 structum
1463 3846 1672 3921 Wolllrangum
1695 3848 1773 3921 lege·

95 3946 183 3999 mnes
192 3958 246 4015 pro
256 3940 324 4009 illa;
336 3941 458 3997 forsitan
470 3940 500 3997 in
511 3940 648 3997 hoeDeus
658 3957 709 3997 vos
720 3940 863 3997 exaudiet.
876 3963 891 3989 ι»
944 3940 1056 3994 tionem
1072 3935 1201 4007 mittens,
1219 3940 1252 3991 ut
1265 3937 1302 3992 ab
1322 3937 1386 4007 ejus
1411 3935 1516 4008 pietate
1538 3938 1702 3993 remedium
1718 3937 1772 3993 ali·

96 4021 277 4103 ltrqaonnm
285 4033 473 4102 tompuserat
481 4046 654 4103 congruum,
662 4031 757 4087 ratorlb
765 4045 891 4102 sequens
947 4029 1024 4101 quod
1035 4031 1273 4098 consequeretur,
1284 4025 1458 4098 suppliciter
1469 4030 1576 4082 exorat.
1589 4026 1770 4096 Concedite,

97 4114 190 4176 umam
201 4118 370 4177 celebravit.
385 4120 447 4185 Qua
462 4118 617 4186 celebrata,
629 4119 679 4191 qui
693 4120 815 4175 aderant
827 4136 891 4175 om·
946 4118 991 4172 vir
1006 4116 1057 4172 Dei
1073 4115 1242 4172 omnimode
1256 4114 1416 4182 excusavit,
1433 4114 1543 4179 dicens,
1560 4130 1592 4170 se
1614 4132 1673 4172 non
1697 4115 1773 4171 tanti

98 4216 131 4263 lte
141 4214 238 4281 preter
251 4210 401 4265 infirmam
416 4208 560 4264 exiebant.
577 4207 658 4264 Unus
673 4215 772 4265 autem
788 4208 823 4265 de
844 4225 892 4264 ca·
947 4222 1010 4262 esse
1026 4204 1133 4272 ureriti,
1150 4220 1200 4276 per
1211 4204 1288 4273 quod
1301 4203 1471 4274 hujusmodi
1487 4204 1579 4259 virtus
1596 4208 1695 4276 posset
1709 4204 1772 4260 adi-

98 4291 191 4360 putans
206 4299 263 4355 suh
280 4298 448 4370 saugmario
462 4298 645 4353 abscondens
666 4314 697 4353 so
715 4296 803 4365 filtro,
821 4298 892 4369 quid
947 4294 1030 4368 pisci.
1046 4298 1176 4364 Cumque
1191 4292 1242 4348 diu
1258 4296 1397 4347 tractaret
1410 4290 1579 4364 popularem
1592 4293 1718 4365 effugere
1730 4294 1771 4349 fa·

11 4442 14 4447 .
99 4386 189 4445 Clarus
198 4393 288 4456 essct,
299 4386 470 4459 diligentius
482 4386 662 4442 intuebatur.
674 4386 762 4443 Porro
772 4391 893 4443 sauctus
947 4400 1044 4441 vorem
1054 4382 1188 4452 ctaegroli
1198 4380 1358 4453 adimplere
1367 4380 1673 4452 petitionem,velulob
1682 4380 1772 4437 aliam

10 4532 12 4537 .
98 4466 134 4541 b'r,
154 4476 227 4533 brevi
251 4476 383 4533 oratione
409 4476 565 4548 completa,
591 4475 689 4547 egredi
718 4475 813 4548 eoepit.
842 4475 894 4531 Cui
910 4487 1067 4562 Donusam
1082 4469 1408 4535 missascelebravit,et
1425 4467 1771 4542 perfidelerupresbyte·

98 4562 290 4627 commuue
300 4563 472 4622 demoniaca
484 4564 598 4621 obviam
609 4567 702 4631 stans,
714 4565 799 4621 solito
815 4582 895 4621 more
950 4580 1016 4620 rum
1044 4561 1160 4616 infirmo
1183 4575 1288 4630 corpus
1314 4557 1499 4613 Douriulcum
1520 4557 1696 4612 transmisit.
1711 4559 1773 4622 Quo

97 4644 211 4713 heheu
225 4660 280 4713 est.
295 4656 332 4711 At
356 4653 404 4711 illa
423 4654 573 4710 conlidens
589 4654 618 4709 in
633 4654 793 4723 Christum,
812 4654 895 4726 quasi
950 4656 1067 4724 accepto
1078 4647 1230 4723 paululum
1240 4643 1617 4717 obdormiens,dcindccibi
1628 4650 1773 4717 potusque

95 4748 221 4809 fomutere
232 4760 297 4801 eam
321 4742 418 4815 vellet,
432 4742 561 4815 palmam
573 4743 712 4815 ostendit,
725 4743 895 4816 occulteque
949 4740 1135 4798 refectionem
1147 4736 1311 4807 suscipiens
1321 4734 1427 4790 iterum
1441 4734 1549 4806 quietis
1562 4749 1635 4789 usus
1646 4738 1690 4790 est
1703 4750 1772 4806 sup-

93 4826 170 4888 fixit:
194 4856 209 4885 a
223 4834 287 4903 Exi,
307 4832 497 4906 nequissima.
514 4854 528 4885 »
554 4832 645 4902 l'uuc,
669 4832 745 4890 sieut
771 4831 820 4889 ille
844 4831 895 4905 qui
951 4831 1107 4904 plemeuto.
1124 4827 1229 4897 Sicqua
1244 4823 1351 4880 mentis
1365 4827 1394 4880 et
1408 4822 1537 4897 corporis
1551 4822 1677 4881 sanitate
1691 4838 1774 4881 roco·

747 4976 869 5034 VARIAE
891 4973 1098 5033 bucularius.

113 5072 227 5133 “illum
241 5078 269 5133 2.
307 5076 330 5112 ⁸⁸
345 5078 380 5133 ad
396 5093 445 5134 eos
465 5093 493 5149 q.
509 5094 533 5133 s.
559 5077 675 5133 fueraut
688 5080 715 5132 2.
753 5076 776 5111 ⁸⁹
790 5077 823 5132 T.
849 5074 978 5148 psalmos
1002 5073 1146 5147 quosdam
1173 5072 1295 5126 cantans
1318 5067 1493 5140 suppliciter
1516 5084 1567 5141 pro
1592 5084 1626 5123 ea
1648 5068 1676 5121 2.
1715 5065 1773 5120 νοἰ.

78 5144 190 5204 iuterim
205 5149 226 5204 i.
241 5150 270 5203 2.
308 5150 329 5185 ⁹¹
346 5149 477 5221 Cumque
491 5149 579 5204 linem
596 5149 702 5205 faceret
717 5148 817 5203 eraudi
831 5150 867 5204 ad
883 5147 1109 5204 circumstantes
1123 5141 1283 5215 respiciens
1297 5142 1324 5195 2.
1362 5141 1385 5175 ⁹¹
1401 5157 1424 5195 r.
1448 5156 1516 5197 mox
1540 5138 1662 5195 liberata
1686 5140 1731 5193 est
1744 5140 1775 5196 2.

73 5218 232 5294 ¹'lfoxque
245 5221 334 5276 ducta
348 5226 393 5277 est
407 5221 437 5277 iu
452 5219 605 5278 eeclesiam
620 5225 649 5276 et
660 5220 687 5276 2.
726 5219 866 5293 ⁹‘ipset
904 5220 927 5256 ⁹⁸
940 5218 1021 5293 tegni
1034 5218 1061 5272 2.
1100 5211 1325 5285 'luveltinopoli
1342 5212 1380 5268 lf
1397 5211 1439 5268 cd.

867 5342 981 5403 NOTAE.

109 5450 167 5539 (ΞΒ)
180 5450 214 5580 ν.
227 5450 431 5582 {prefationem
446 5458 587 5512 nostram.
989 5444 1034 5593 {gg
1059 5438 1251 5572 hicffifff'
1268 5437 1427 5497 Thielmar.
1443 5453 1470 5507 v,
1487 5434 1532 5493 24.

114 5522 167 5675 igi
177 5526 374 5675 ifeltenhurg
388 5597 424 5657 ad
438 5596 617 5659 Danubium.
