3892 6096
120 329 179 393 347
625 330 798 395 orflnottl
820 327 1000 396 dennuni
1022 330 1055 394 S.
1078 327 1326 394 EMMERAMMI
1766 328 1827 393 348

122 460 315 536 tutorumque
330 461 478 535 quoddam
491 460 559 522 inde
574 464 709 523 miraculi
724 465 823 540 magni
844 464 943 540 presi·
957 469 986 537 Α
1000 463 1178 540 puniendam
1193 467 1344 523 censerent
1360 479 1368 521 ε
1384 461 1501 521 inerant
1519 459 1607 521 eham
1623 459 1673 521 aiii
1685 463 1748 523 tam
1764 463 1825 523 moi

123 556 245 628 gnatum
256 552 392 609 mihimet
406 553 534 624 credidi;
551 554 675 627 ideoque
686 555 801 612 intimis
809 556 944 628 precibus
999 572 1088 630 quam
1104 552 1347 630 archipresbyteri
1362 553 1495 626 ejusdem
1510 551 1598 611 amici
1613 551 1743 612 dicentes
1754 571 1824 614 eum

123 657 199 716 sepe
212 645 282 698 tuac
306 641 464 700 Dominum
486 644 610 715 exoravi,
628 649 670 714 ut,
686 645 711 702 si
727 645 753 702 ei
778 645 883 703 luisset
898 663 945 703 ao·
999 645 1117 703 incauta
1129 643 1240 718 aliquid
1256 642 1451 701 commotione
1465 643 1496 699 in
1511 659 1559 700 me
1574 643 1731 701 excitatum
1746 661 1826 716 sess,

123 730 274 804 captabile,
302 732 337 789 ad
362 731 513 807 religionis
536 734 705 793 monastice
729 735 830 808 vitam,
856 751 946 810 quam
999 733 1123 808 ideoque
1137 733 1261 791 relaxari
1276 733 1391 790 debere.
1407 732 1519 799 Quibus
1533 732 1623 791 etiam
1637 732 1827 807 prevalenti-

123 820 195 878 olim
210 836 328 894 quoque
352 836 419 878 cum
445 821 542 879 adhuc
556 840 651 882 essem
677 824 828 897 parvulus,
845 842 897 898 pro
912 841 945 882 eo
1000 823 1067 893 bas,
1088 823 1174 897 legati
1197 824 1234 880 ad
1258 838 1306 880 me
1329 823 1414 879 missi
1438 825 1517 893 sunt,
1540 822 1591 896 qai
1616 822 1826 897 maproiicisci

124 909 202 984 quod
218 925 276 982 pra
292 909 395 967 multis
419 911 450 967 in
464 911 601 970 discendo
625 913 781 986 pollebam,
797 912 946 988 pollicitus
1000 912 1195 988 Frinsingiam
1219 913 1437 987 persuaderent.
1462 915 1516 970 dat
1536 928 1601 987 ego,
1617 911 1686 969 licet
1708 913 1760 970 diu
1776 929 1826 971 re·

123 1017 202 1072 aum,
227 1014 361 1057 revocare
386 1000 566 1074 dignaretur.
587 1002 643 1059 Sed
668 1004 704 1060 de
728 1002 776 1060 his
799 1002 948 1060 soliloiant
1000 1005 1245 1072 nuerem,tamen
1260 1001 1572 1060 consentienstandem
1585 1000 1830 1075 perrexivirum·

124 1088 211 1146 dicta.
1002 1093 1154 1166 quejuxta
1168 1093 1364 1165 quorumdam
1379 1091 1542 1149 amicorum
1565 1090 1688 1149 masilia
1701 1091 1827 1167 placavi.

408 1198 503 1256 vygqo
523 1199 663 1258 pgppqp,
1001 1182 1058 1239 Sed
1081 1181 1147 1256 ipsa
1170 1181 1294 1257 placatio
1313 1181 1365 1238 diu
1390 1181 1511 1238 minime
1536 1181 1741 1255 perseveravit,
1756 1182 1829 1257 qnia

126 1288 236 1346 oyyoyy
263 1288 299 1344 ay
322 1290 409 1344 „gam
438 1292 617 1347 monasticam
650 1293 801 1361 convenio,
826 1291 949 1366 mem,
1002 1276 1070 1346 post
1084 1289 1142 1328 non
1167 1271 1295 1329 muitum
1316 1270 1457 1345 temporis
1479 1270 1669 1328 exacerbatus
1692 1272 1829 1330 estmeis

162 1359 296 1415 dimetiar
310 1362 350 1415 im
368 1361 578 1433 octispromota.
589 1362 743 1419 Prudentia
759 1370 786 1420 et
800 1365 949 1421 moderatio
1001 1361 1228 1419 contumacibus
1250 1360 1356 1418 verbis.
1381 1362 1444 1417 llaec
1469 1363 1566 1418 autem
1581 1360 1682 1418 omnia
1707 1361 1748 1419 ita
1761 1378 1829 1420 eve·

162 1433 193 1487 1⁷³
207 1376 377 1501 Miltiadi
388 1448 539 1504 Wrmm
552 1435 652 1490 miii
665 1433 755 1491 emm
769 1443 884 1492 ‘'iimit-
1003 1450 1083 1507 nisse
1098 1450 1159 1507 scio
1173 1451 1298 1523 peccatis
1313 1450 1387 1508 meis
1406 1449 1561 1519 meruisse,
1577 1449 1647 1523 quia
1660 1450 1687 1507 ei
1703 1451 1754 1525 qui
1770 1456 1829 1509 Do·

160 1537 227 1595 Jam
242 1554 309 1594 vero
328 1539 365 1595 ad
380 1539 472 1596 tertia
488 1540 609 1597 visionis
632 1541 738 1599 aeriam
753 1544 949 1599 enarrandam
1004 1540 1084 1596 mino
1100 1541 1271 1597 adversatur
1280 1540 1380 1597 omnia
1394 1540 1595 1598 adversentur.
1605 1539 1679 1597 Cum
1688 1539 1781 1615 igitur
1794 1547 1832 1599 ex

124 1642 281 1700 properare
294 1625 369 1695 volo,
380 1644 454 1701 qua,
471 1631 580 1701 quanto
594 1629 700 1702 maiori
714 1628 895 1688 districtione
905 1646 950 1687 ao·
1004 1629 1126 1703 repetita
1149 1629 1259 1702 injuria
1281 1634 1311 1686 et
1343 1629 1577 1703 archipresbyter
1599 1630 1757 1688 adversum
1782 1646 1830 1689 mc

125 1714 293 1783 cidit,tento
307 1715 472 1789 prolixioris
482 1718 628 1775 sermonis
643 1735 697 1794 ope
712 1719 833 1793 indiget.
845 1721 950 1787 Quam·
1004 1719 1186 1790 incitaretur,
1202 1723 1231 1776 et
1245 1734 1298 1792 ego
1313 1719 1350 1775 ob
1363 1718 1491 1776 scientie
1506 1717 1649 1791 liberalis,
1664 1718 1832 1795 quaimbu·

107 1804 236 1871 ὀιιιοιιι,
253 1807 286 1860 ιιι
311 1804 439 1878 amplius
462 1806 636 1879 faciliusque
659 1813 836 1881 agnoscatur
859 1824 949 1882 quam
1003 1810 1053 1864 tus
1067 1825 1133 1865 esse
1145 1808 1218 1865 mihi
1232 1808 1362 1878 videbar,
1372 1807 1552 1867 inflationem
1564 1807 1659 1883 magis
1674 1807 1831 1884 magisque

120 1894 204 1967 justa
218 1892 370 1950 severitate
385 1899 554 1969 quantaque
568 1896 706 1968 pietatate
720 1914 767 1954 me
781 1898 858 1955 inter
867 1915 948 1956 eam-
1004 1914 1072 1955 eum
1086 1901 1115 1955 et
1129 1896 1215 1955 dictis
1229 1901 1258 1954 et
1277 1897 1395 1970 scriptia
1419 1896 1570 1955 criminari
1585 1897 1744 1966 studerem,
1760 1914 1829 1973 pos·

124 1981 193 2039 dem
207 1981 390 2040 severitatem
401 1985 531 2058 potentia
546 1985 644 2042 divina
657 1986 892 2062 amplecteretur,
904 2005 950 2045 re·
1004 1990 1099 2045 tremo
1121 1986 1194 2044 mihi
1219 1985 1325 2044 melius
1349 1985 1503 2044 videbatur
1523 1987 1581 2044 aiio
1605 1988 1829 2062 transmigrare,

126 2070 287 2127 minisceas
300 2070 433 2130 videlieet
445 2074 476 2129 in
494 2073 538 2129 ira
561 2074 767 2133 misericordia
783 2093 853 2146 sua,
870 2094 950 2134 com·
1004 2092 1094 2149 quam
1108 2076 1280 2149 hujusmodi
1290 2076 1406 2149 injuriis
1416 2077 1594 2150 subjacendo
1605 2076 1671 2151 plus
1683 2075 1829 2135 laborare.

126 2176 289 2218 memorare
303 2160 375 2218 libet
397 2161 496 2237 aliqua
509 2168 577 2220 ante
591 2168 700 2238 etpost
724 2166 845 2224 visionis
858 2167 950 2240 hujus
1004 2167 1103 2239 quue
1117 2165 1185 2239 plus
1198 2165 1228 2223 id
1243 2166 1341 2225 animo
1356 2167 1508 2238 successit,
1524 2183 1581 2240 quo
1596 2165 1737 2224 libentius
1750 2166 1829 2225 inter

126 2250 296 2308 enarrandae
311 2254 433 2308 textum.
1005 2255 1153 2314 studiosos
1167 2272 1300 2330 quosque
1314 2261 1343 2313 et
1355 2256 1498 2314 doctiores
1513 2255 1633 2314 clericos
1647 2272 1737 2329 quem
1755 2257 1833 2314 inter

161 2339 234 2397 Cum
250 2355 318 2413 ergo
333 2345 400 2414 post
413 2341 555 2400 visionem
568 2345 700 2418 proxime
714 2345 864 2418 prefatam
880 2345 952 2403 assi·
1004 2344 1126 2403 villanos
1140 2345 1251 2402 versari
1265 2363 1341 2419 saepc
1356 2346 1570 2402 desiderabam.

126 2428 186 2486 dua
208 2429 398 2487 meditatione
411 2430 441 2487 id
465 2431 501 2487 ad
518 2433 594 2505 quod
617 2435 797 2491 conscientia
810 2435 952 2493 innuente
1041 2434 1161 2492 Relictis
1171 2451 1239 2509 orgo
1246 2435 1283 2491 ad
1298 2438 1416 2509 tempus
1428 2434 1500 2491 meis
1510 2432 1658 2503 omnibus,
1669 2433 1784 2508 perrexi
1795 2434 1832 2492 ad

127 2515 227 2573 divina
250 2518 448 2576 admonitione
463 2523 587 2595 cogebar
609 2526 777 2593 tractarem,
794 2524 905 2582 scilicet
919 2528 952 2582 ut
1004 2524 1197 2597 Ratisponam
1218 2523 1377 2592 civitatem,
1392 2523 1493 2597 ibique
1516 2522 1719 2580 Barchardum
1744 2539 1833 2581 vene·

127 2606 164 2663 ad
180 2607 348 2664 monastica
364 2608 513 2682 religionis
521 2616 587 2668 vota
601 2629 773 2683 remearem,
785 2631 802 2670 a
812 2630 952 2687 quapene
1006 2614 1131 2670 randum
1148 2612 1285 2670 abbatem
1301 2611 1426 2670 cenobii
1445 2611 1540 2670 sancti
1555 2611 1767 2669 limmeremmi
1781 2627 1834 2685 pro

128 2692 238 2750 invitus
253 2695 346 2769 patris
363 2699 420 2754 mei
437 2701 572 2772 precibus
596 2701 724 2759 assiduis
739 2703 873 2773 discessi,
888 2704 949 2773 sed,
1006 2702 1064 2759 mai
1078 2701 1264 2776 susceptione
1279 2716 1397 2774 rogans,
1409 2702 1466 2759 cito
1481 2701 1635 2776 impetravi
1649 2704 1764 2775 rogata,
1780 2716 1834 2774 pro

130 2781 289 2841 obstaculis
299 2786 435 2858 plurimis
445 2788 716 2860 intervenientibus,
727 2791 952 2865 paulatimeam·
1005 2807 1040 2849 eo
1068 2790 1180 2848 scilicet
1205 2791 1283 2864 quod
1307 2790 1431 2848 ooenobii
1454 2791 1587 2863 ejusdcm
1602 2789 1740 2848 monachi
1770 2806 1836 2864 pro·

96 2910 97 2914 ,
129 2871 196 2928 dem
212 2875 431 2934 meditationem
457 2878 647 2953 negligerem,
663 2880 774 2939 interea
799 2881 905 2938 accidit
920 2885 953 2938 ut
1006 2882 1171 2938 luctuosum
1199 2880 1256 2937 sibi
1286 2880 1348 2937 iore
1386 2879 1604 2937 arbitrabantur
1628 2894 1728 2937 meum
1758 2879 1854 2957 scire·

130 2960 252 3032 quidam
280 2965 523 3042 archipresbyter,
539 2970 658 3027 nomine
682 2970 897 3038 Werinharius,
921 2969 953 3028 ia
1005 2969 1036 3027 in
1051 2969 1204 3028 scribendo
1212 2968 1255 3026 vel
1266 2969 1295 3027 ιιι
1311 2970 1442 3028 docendo
1452 2969 1607 3026 canonicos
1617 2967 1777 3042 quoslibet.
1789 2956 1843 3026 ln?
1846 2962 1861 2971 ”

130 3050 299 3126 episcopatu
315 3054 522 3129 Frigisingeasi
532 3060 804 3132 prestantissimae,
814 3062 954 3135 omnique
1006 3064 1086 3117 terea
1100 3075 1168 3132 ergo
1184 3076 1251 3116 cum
1262 3059 1371 3116 ibidem
1384 3058 1558 3131 aliquandiu
1572 3057 1749 3132 hospitarer,
1764 3074 1836 3116 con-¹

132 3159 191 3200 non
206 3143 302 3201 solum
327 3143 403 3202 clero
426 3150 456 3203 et
480 3146 567 3220 plebi,
592 3150 643 3206 sed
658 3149 746 3207 etism
770 3151 954 3225 principibus
1008 3150 1076 3224 tigit
1086 3150 1214 3221 quadam
1229 3148 1318 3206 dicut
1332 3153 1399 3206 ante
1413 3148 1490 3206 iores
1501 3147 1619 3222 hospitii
1628 3146 1690 3205 dati
1699 3147 1835 3205 residens

131 3233 259 3290 summis
281 3233 312 3288 in
335 3248 370 3290 ea
393 3234 510 3292 dimossi
534 3239 654 3295 statutis
676 3240 831 3308 verendus,
853 3240 883 3297 in
907 3221 991 3317 mail
1010 3239 1040 3295 in
1060 3237 1183 3295 lectione
1208 3236 1317 3294 Lucani
1341 3253 1508 3310 occuparer.
1525 3237 1650 3310 Lagente
1672 3234 1775 3311 itaque
1789 3252 1838 3293 me

131 3326 364 3380 commoveretur
377 3340 430 3397 pro
438 3324 507 3382 vitio
521 3328 659 3400 quodam.
671 3328 761 3394 Quem
776 3347 845 3388 cum
858 3329 954 3403 multi,
1010 3327 1063 3398 ibi,
1079 3326 1178 3385 subito
1201 3329 1307 3384 ventus
1326 3343 1415 3384 urens
1429 3331 1458 3383 ct
1479 3326 1636 3384 vehemens
1651 3326 1689 3384 ab
1712 3322 1838 3384 australi
1856 3362 1861 3397 ι

132 3411 309 3470 arbitrantes
330 3413 394 3471 sine
408 3431 498 3472 eausa
512 3415 621 3488 aliquid
647 3423 749 3476 contra
764 3437 811 3477 me
825 3437 956 3478 commo·
1011 3422 1094 3492 parte
1108 3416 1267 3473 adveniens
1280 3415 1395 3473 vicibus
1412 3415 1509 3473 trihus
1523 3432 1571 3473 me
1585 3415 1657 3473 adeo
1671 3413 1791 3485 invasit,
1806 3416 1840 3471 ut

131 3504 195 3558 tum
210 3518 285 3573 esse,
296 3520 350 3578 pro
361 3521 406 3562 me
418 3504 468 3561 diu
484 3504 713 3579 interpellarent,
724 3525 778 3566 neo
794 3511 956 3583 quidquam
1012 3509 1079 3580 post
1090 3504 1182 3562 vicem
1197 3504 1315 3561 tertiam
1326 3508 1408 3561 extra
1421 3507 1532 3561 tectum
1546 3503 1672 3562 residere
1687 3501 1751 3561 illic
1764 3502 1841 3561 ultra

133 3590 233 3663 gratim
249 3590 380 3649 obtinere
392 3596 523 3665 possent,
538 3597 687 3667 postremo
701 3597 790 3653 etiam
805 3612 868 3670 ego,
880 3597 956 3654 ildu-
1012 3611 1070 3651 non
1086 3593 1235 3661 auderem,
1252 3592 1314 3662 sed,
1330 3592 1405 3650 libro
1424 3596 1588 3667 assumpto,
1603 3592 1775 3667 ingrediens
1788 3591 1840 3648 do·

134 3678 180 3736 oia
194 3684 322 3756 accepta,
338 3685 440 3739 contra
454 3697 521 3739 eum
537 3682 582 3739 ira
596 3682 727 3741 stultitie
742 3686 956 3757 commovebar,
1011 3699 1106 3755 mum,
1117 3682 1213 3755 primo
1228 3681 1347 3755 quidem
1362 3681 1392 3737 in
1403 3697 1543 3753 magnum
1554 3672 1723 3754 stuporem,
1735 3678 1841 3737 deinde

134 3768 207 3827 adeo
223 3774 256 3827 ut
268 3769 486 3842 voraussplures
501 3770 564 3845 (qui
578 3788 682 3831 versus
699 3772 741 3830 ita
755 3774 956 3847 incipiebant:
1012 3789 1079 3831 vero
1095 3772 1227 3830 celeriter
1241 3770 1412 3829 cecidissem
1433 3771 1465 3826 in
1485 3770 1667 3844 languorem.
1680 3767 1851 3847 Verumtm,

250 3859 271 3919 0
286 3861 359 3917 lotor
373 3860 438 3933 treis
452 3876 587 3918 renovans
600 3861 709 3920 decreto
724 3863 844 3930 Cotoms,
1012 3878 1080 3920 men
1096 3861 1223 3919 necdum
1238 3861 1318 3918 sensi
1329 3860 1400 3935 quid
1415 3864 1499 3918 tanta
1506 3858 1685 3933 signiticaret
1697 3855 1840 3932 impulsio

217 3950 363 4006 Multorum
375 3964 469 4009 caarae
481 3951 553 4008 mihi
566 3952 620 4009 solt
631 3956 696 4009 suot
710 3953 873 4026 reserenda)
1012 3950 1102 4018 venti,
1114 3955 1213 4008 utrum
1229 3949 1317 4007 solita
1327 3948 1493 4007 communis
1504 3947 1688 4022 tempestatis
1698 3946 1776 4006 toret
1785 3945 1841 4004 im·

134 4035 164 4093 in
189 4053 284 4096 meam
311 4038 509 4096 detonsionem
544 4041 667 4113 ejusque
690 4041 959 4115 reprehensionem,
1014 4041 1148 4112 mutatio,
1159 4057 1197 4096 an
1213 4038 1312 4113 aliqua
1327 4040 1362 4096 ad
1376 4055 1423 4096 me
1434 4038 1619 4096 solummodo
1634 4034 1843 4112 pertinansdi·

136 4129 247 4201 quanta
256 4126 837 4202 potuiargumentosaeulitilitateeditos,
849 4131 879 4188 in
891 4148 959 4188 con·
1014 4128 1215 4203 vinapietatis
1224 4128 1362 4202 operatio.
1377 4127 1523 4185 Omnibus
1534 4124 1842 4200 quippetuncntrins·

135 4215 202 4273 cilio
214 4217 342 4289 quodam
354 4234 406 4291 pro
422 4219 478 4275 mei
494 4236 584 4277 causa
597 4219 697 4278 habito
708 4237 806 4278 coram
821 4221 960 4281 omnihus
1015 4236 1072 4292 que
1084 4216 1212 4274 hominis
1223 4217 1361 4274 sensibus
1375 4217 1416 4274 ita
1425 4220 1544 4290 repente
1558 4214 1709 4274 efficiebar
1722 4212 1845 4273 cuasa

136 4303 197 4361 illic
211 4307 467 4365 commanentibus
482 4306 509 4365 ei
524 4308 663 4383 legendos
677 4310 833 4380 traderem,
859 4310 960 4368 dicens
1013 4312 1073 4375 tus,
1083 4312 1115 4364 ιιι
1129 4324 1181 4381 pro
1193 4307 1297 4364 timore
1312 4323 1365 4364 seu
1376 4310 1496 4380 stupore
1511 4305 1660 4363 interdum
1676 4303 1753 4362 mihi
1763 4303 1845 4361 vids·
1868 4332 1875 4347 .

136 4393 172 4449 ad
187 4392 272 4451 illum
289 4411 296 4451 ε
315 4395 389 4461 Quia
412 4395 443 4452 in
467 4413 601 4454 sermone
616 4398 765 4455 communi
790 4415 848 4456 non
872 4398 914 4456 ita
928 4402 962 4456 ut
1014 4414 1061 4454 rer
1075 4398 1113 4455 sb
1127 4396 1226 4469 aliquo
1241 4399 1372 4453 monstro
1387 4398 1569 4453 attrectatus.
1583 4395 1714 4468 ideoque
1726 4392 1845 4469 quoties
1855 4410 1875 4451 a

136 4483 498 4559 necessitaefmea'sexigit
520 4486 661 4561 eloquens
680 4505 757 4557 sum,
774 4488 859 4562 legite
884 4489 960 4545 hanc
1016 4487 1071 4544 hac
1085 4485 1236 4544 detinebar
1249 4485 1398 4542 dementia
1411 4483 1457 4543 vel
1473 4483 1621 4554 illusione,
1633 4487 1696 4542 tam
1709 4482 1875 4541 interito-

135 4571 289 4644 epistolam
312 4575 507 4647 etysttendite
521 4575 547 4633 si
569 4575 639 4649 quid
654 4575 761 4633 litteris
785 4578 962 4651 respondere
975 4593 1000 4660 D
1015 4576 1111 4634 mines
1132 4575 1258 4650 positus,
1273 4591 1362 4648 quem
1386 4574 1475 4633 etiam
1489 4573 1581 4642 solus,
1603 4570 1686 4630 velut
1700 4570 1875 4647 litigandi:

134 4660 248 4720 valeam
271 4662 377 4735 vohis(
389 4664 502 4732 Quibus
526 4666 653 4740 acceptis
676 4669 706 4723 et
729 4665 873 4740 perlectis,
895 4666 963 4724 iicet
1016 4661 1741 4738 contraeliquemmeJamJamqueimpugnantem
1752 4658 1875 4721 coati-

135 4751 289 4810 iracundia
302 4753 395 4811 nimia
410 4754 579 4829 repleretur,
596 4755 740 4813 continuit
755 4773 786 4814 ae
801 4759 899 4814 ιιιιιιοιι
911 4756 964 4814 ali·
1017 4759 1108 4815 nuata
1121 4755 1225 4812 utebar
1239 4752 1492 4812 sermocinatione.
1506 4751 1721 4810 Verumtamen
1733 4749 1875 4811 intem·

135 4848 291 4918 quantum,
318 4848 346 4902 et
370 4844 454 4917 quasi
481 4845 642 4920 tranquillo
665 4845 764 4904 animo
787 4845 861 4904 dixit
876 4864 883 4903 ι
901 4847 960 4905 tias
1017 4845 1084 4903 nisu
1093 4861 1152 4918 quo
1164 4847 1315 4919 potueram
1326 4841 1480 4900 lectionem
1492 4840 1868 4916 demisissent-usn.-

134 4932 259 5005 litteras,
270 4933 300 4991 in
315 4933 424 5007 quibus
439 4951 456 4991 a
469 4938 498 4992 ts
513 4935 608 5008 magis
618 4952 708 5009 quam
719 4936 755 4993 ab
771 4934 830 4993 ullo
840 4935 960 4994 homine
1051 4934 1124 4992 Cum
1140 4939 1238 4992 autam
1251 4950 1303 5008 par
1317 4949 1406 4991 unam
1419 4932 1479 4989 iere
1493 4929 1711 4989 hebdomadam
1726 4929 1783 4989 tall
1796 4930 1875 4989 tis-

135 5040 268 5100 nnquam
291 5024 593 5097 dehonestetusfeum,
611 5025 718 5082 seniori
742 5042 807 5083 meo
822 5025 959 5100 episeopo
994 5017 996 5020 ’
1014 5023 1125 5081 tineror
1136 5021 1317 5091 inilrmitate,
1329 5037 1382 5080 nec
1396 5022 1462 5079 ideo
1473 5018 1705 5094 aliquantulum,
1717 5018 1875 5095 peccati!

134 5118 310 5191 presentare
323 5113 399 5186 volo,
415 5118 448 5169 ut
463 5112 513 5170 ille
528 5114 665 5171 decernat
688 5113 758 5186 quid
774 5130 864 5188 super
877 5118 960 5173 ιιιιιιι
1013 5112 1331 5188 meisexigentibua,de
1341 5110 1447 5169 anime
1458 5126 1530 5169 mee
1539 5106 1858 5179 uacummutffltats,

134 5204 303 5277 stultitiasset
317 5202 440 5261 audacia
454 5203 610 5259 adversum
620 5218 668 5259 me
682 5206 798 5276 patrata
811 5205 959 5280 agendum
1013 5201 1111 5260 subito
1122 5201 1151 5259 in
1168 5202 1297 5276 quadam
1312 5204 1396 5259 nocte
1407 5199 1481 5258 mihi
1495 5197 1582 5258 solito
1595 5210 1680 5257 more
1693 5197 1727 5256 in
1738 5195 1849 5259 tutat

135 5294 183 5351 sit.
198 5294 251 5350 llis
265 5294 356 5367 igitur
370 5291 456 5349 dictis
468 5293 502 5348 lit
514 5290 631 5349 concilii
646 5307 763 5364 quoque
777 5291 854 5351 duis.
1013 5291 1186 5366 quiescenti,
1213 5290 1258 5349 vir
1281 5291 1404 5365 quidam
1428 5288 1538 5348 minaci
1561 5287 1646 5348 vulta
1669 5286 1839 5351 omnim&

170 5383 238 5447 One
266 5385 425 5456 postquam
452 5383 537 5455 gesta
565 5383 647 5452 sunt,
671 5384 700 5437 et
725 5380 960 5458 archipresbyter
1012 5375 1837 5454 terribilihabitujuxtamevisuseatstare,etiaham

136 5468 312 5543 Pdsingiam
328 5486 461 5528 reversus
475 5469 629 5544 epistolam
652 5469 750 5527 datam
765 5470 883 5547 collegis
896 5472 959 5532 suis
1013 5488 1060 5528 me
1075 5469 1189 5546 dagello
1197 5471 1326 5546 quodam
1335 5468 1531 5547 castigarent
1539 5465 1621 5527 nullo
1634 5464 1837 5531 moribunde·

135 5558 277 5629 ostendit,
289 5560 408 5617 luerunt
422 5560 543 5633 quidam
558 5561 636 5619 inter
649 5576 701 5618 eos
714 5560 765 5632 qui
780 5561 870 5619 talem
883 5577 958 5636 prae·
1011 5559 1088 5619 litati
1102 5559 1146 5618 vel
1161 5560 1308 5622 severitati
1328 5559 1465 5620 humana
1479 5555 1578 5619 simlia
1591 5554 1664 5634 quid
1677 5553 1837 5623 achima

135 5648 959 5725 sumptionemhaetenuslnauditamsummadistrietione
1011 5648 1043 5711 ln
1056 5648 1121 5726 ipso
1142 5665 1220 5715 esse.
1233 5649 1325 5714 Valde
1342 5650 1450 5714 etenim
1475 5649 1551 5713 dats
1562 5660 1599 5713 so
1618 5641 1839 5729 &ahmins
