3892 6096
783 272 898 336 ACTA.
1631 286 1693 348 710

93 401 252 476 sperimus,
262 418 330 459 cum
342 402 397 460 hac
407 420 441 461 ex
451 408 532 479 parte
543 404 815 477 magislaudandns
828 405 856 473 Α
870 403 887 478 §
901 405 935 461 11.
951 405 1103 465 dementia
1121 409 1217 464 Sancti
1236 426 1305 482 erpo
1326 412 1437 485 hostem,
1449 413 1610 486 prodigiose
1625 418 1693 474 Crar-

93 492 160 565 [nod
184 492 364 549 evidentiora
383 494 413 549 in
433 509 466 551 eo
489 508 524 549 ex
546 492 593 548 bis
616 493 816 551 elucescerent
1010 478 1092 548 ⁶'filil'
1105 480 1259 553 inclinant,
1275 485 1301 538 02
1314 485 1373 555 itui
1393 484 1549 559 demitis&

93 580 148 638 veri
163 581 360 653 apostolatus,
377 581 522 654 siquidem
537 582 696 656 Apostolus
711 583 790 639 dicat
807 600 814 638 :
907 585 949 639 ll.
961 586 1159 642 Narrantacta
1170 587 1573 658 posthunccommcntariam
1585 594 1692 668 danda,

102 669 286 727 vocationem
296 674 434 743 vestram,
446 671 561 744 iratres,
571 672 641 744 quia
656 689 713 729 nan
729 671 815 728 multi
872 694 886 723 v
901 673 1059 744 quemdam
1076 675 1298 747 propinquum»
1315 679 1343 733 S.
1354 679 1477 736 loannis
1491 681 1641 741 Gualberti
1657 686 1693 741 ab

93 762 137 816 tes
157 760 320 816 seeundum
345 776 472 829 carnem,
489 777 547 816 non
564 759 648 816 multi
671 764 814 833 potentes,
871 759 1693 843 alteroluisseoccisam.CumvcroSunctuspostmodum

95 846 149 903 alti
163 845 286 920 nobiles,
298 849 349 904 sed
361 864 424 920 quac
436 849 527 904 stulta
537 853 607 904 sunt
617 848 720 904 mundi
730 847 817 921 elegit
870 851 899 906 in
915 854 996 907 arcta
1011 852 1058 907 via
1072 850 1188 907 obvium
1207 853 1330 911 haberet
1344 855 1533 927 homicidam,
1546 877 1633 932 quem
1648 879 1695 918 ar·

93 940 119 994 rt
128 937 290 994 contundat
304 937 461 1009 sapientes,
475 948 504 992 et
514 938 632 993 inilrma
644 937 747 993 mundi
763 935 817 992 ele·
872 939 992 1012 migcris
1001 941 1127 1014 stipatus
1138 940 1222 997 facile
1233 941 1400 1000 interimere
1410 947 1696 1017 potuisset,clemea·

93 1043 134 1098 as,
146 1031 179 1083 ut
190 1026 351 1081 contundat
361 1027 457 1093 fortia,
469 1031 497 1082 et
512 1025 654 1099 ignobilia
664 1025 779 1093 mandi,
789 1029 818 1081 et
872 1032 915 1085 ter
929 1029 955 1085 ei
970 1029 1007 1085 ob
1021 1029 1126 1085 Christi
1151 1030 1284 1087 crncifixi
1309 1049 1438 1089 amorem
1464 1036 1602 1108 pepercit.
1628 1039 1697 1095 Post

93 1113 224 1188 nptibilia
238 1115 326 1187 elegit
340 1116 429 1183 Deus,
445 1120 473 1171 et
487 1132 521 1171 ea
536 1132 599 1187 quae
616 1132 674 1171 non
689 1120 768 1184 sunt,
785 1117 818 1170 ut
870 1118 950 1173 hunc
968 1132 1142 1190 generosum
1165 1119 1282 1175 virtutis
1307 1127 1405 1177 actum
1421 1122 1448 1177 S.
1467 1121 1597 1180 illinistis
1620 1129 1694 1182 tem·

93 1208 188 1261 esunt
198 1204 371 1272 destrueret,
384 1208 417 1259 ut
432 1221 490 1260 nen
505 1204 647 1277 glorietur
661 1205 759 1260 omnis
774 1221 819 1261 ca·
871 1206 953 1280 plum
968 1210 1105 1265 oraturus
1120 1207 1293 1281 ingreditur,
1305 1209 1335 1265 in
1347 1226 1415 1282 quo,
1427 1212 1498 1267 dum
1508 1210 1643 1268 crucifixi
1659 1213 1697 1270 el·

93 1297 241 1367 :cospectu
257 1293 330 1365 ejus.
340 1294 403 1348 llac
413 1291 570 1365 Apostolus
583 1311 589 1348 :
602 1310 669 1349 cum
685 1292 817 1365 alioquin
873 1295 970 1367 ligiam
982 1295 1038 1352 sibi
1054 1302 1142 1369 caput
1155 1295 1297 1353 inclinare
1307 1298 1394 1370 videt,
1407 1300 1562 1357 sanctioris
1572 1302 1635 1358 vitae
1646 1303 1696 1359 de·

93 1380 221 1439 resimis
236 1386 355 1454 respuat
378 1382 527 1438 humanus
543 1383 637 1438 fastus
661 1382 768 1439 natalis
785 1381 818 1437 ti·
872 1384 1014 1440 siderium
1030 1385 1167 1457 concipit,
1178 1389 1265 1457 atque
1290 1388 1390 1455 eliam,
1406 1387 1499 1445 inscio
1521 1395 1650 1460 parente,
1665 1392 1697 1448 in

114 1469 209 1543 illam,
232 1488 289 1544 quo
319 1476 394 1527 Deus
419 1471 525 1526 Filium
552 1488 640 1527 suum
668 1471 818 1528 hominem
872 1474 1696 1550 codemS.ltliniatismonasterioreligiosuminstitutum

93 1577 101 1616 ι
124 1559 217 1616 voluit
245 1559 436 1633 insigniri,ut
461 1560 535 1616 sobri
559 1560 638 1617 filius
661 1560 816 1617 diceretur.
872 1561 1069 1634 amplectitur.
1081 1562 1165 1619 Nune
1180 1564 1314 1635 qaedam
1329 1565 1364 1622 ad
1385 1565 1461 1622 hanc
1475 1567 1629 1624 historiam
1645 1569 1697 1625 cb-

93 1652 111 1705 vt
124 1664 192 1705 vero
208 1649 266 1704 ista
281 1649 316 1705 de
329 1649 403 1704 sobri
420 1648 496 1717 lili03
513 1650 591 1721 quod
607 1666 674 1705 cum
690 1665 764 1721 puer
776 1647 818 1704 lu·
873 1651 1016 1708 servanda
1030 1656 1197 1708 occurrunt.
1213 1653 1393 1710 Breviorium
1409 1655 1574 1713 itomanam
1596 1661 1624 1713 et
1645 1674 1697 1729 po-

93 1737 124 1794 rd
139 1738 228 1811 pedes
242 1738 334 1809 patris
350 1736 431 1811 ligna
446 1737 583 1807 dolantis,
598 1754 632 1793 err
649 1738 818 1809 rojectaneis
873 1739 1029 1796 steriorum
1052 1740 1227 1797 seculorum
1249 1743 1408 1815 scriptores
1425 1748 1562 1800 asserant
1576 1746 1696 1802 unicum

95 1826 166 1898 atis,
178 1843 245 1882 cum
257 1825 382 1882 nesciret
396 1824 599 1897 litteras,cosu
610 1825 755 1883 elementa
768 1825 821 1883 illa
874 1829 904 1885 S.
920 1827 1042 1885 loannis
1064 1828 1195 1897 tratrem,
1212 1830 1331 1885 nomine
1355 1829 1496 1903 Ugonem,
1512 1833 1698 1892 interiectum

93 1915 138 1986 rit,
153 1931 188 1972 ex
204 1915 313 1986 quibus
329 1913 418 1971 simul
434 1915 599 1986 conjunctis
614 1913 687 1970 illud
703 1915 820 1971 Davidi-
874 1917 976 1989 luisse,
992 1934 1025 1973 ae
1039 1917 1185 1973 loannem
1201 1917 1392 1974 Gualbertum
1411 1924 1511 1977 sancto
1526 1920 1699 1979 Paruscsves

93 2003 287 2077 xprimerctur
302 2003 453 2059 oraculum
470 2020 477 2058 ι
493 2004 698 2060 Dominabitur
713 2021 730 2059 a
745 2003 820 2061 mari
875 2006 921 2063 die
938 2007 1112 2063 interfectori
1129 2007 1193 2078 ejus
1208 2007 1370 2079 ignovisse;
1386 2025 1448 2080 que
1464 2013 1589 2082 utroquo
1603 2028 1699 2068 osser·

102 2094 139 2151 ad
161 2110 258 2162 mare;
275 2110 333 2166 quo
358 2092 583 2165 significaretur,
600 2109 721 2149 manum
737 2093 820 2165 paeri
874 2097 915 2152 tio
930 2096 1028 2152 forsan
1048 2096 1136 2152 veteri
1152 2095 1306 2152 traditione
1327 2098 1431 2154 nititur
1446 2116 1452 2154 ε
1470 2116 1539 2154 nam
1554 2101 1698 2173 antiquis·

93 2186 132 2239 rte
146 2182 279 2252 numine,
291 2184 356 2254 ejus
368 2183 427 2238 lore
443 2182 656 2254 amplissimam
668 2182 697 2238 in
710 2183 820 2238 mundo
875 2184 943 2241 simi
958 2184 1030 2240 Vite
1056 2185 1211 2256 scriptores
1240 2201 1293 2241 nec
1317 2190 1428 2242 certum
1453 2203 1592 2245 accursus
1621 2190 1698 2246 diem

93 2272 211 2329 itatem.
224 2294 238 2322 »
875 2289 929 2329 nce
943 2271 1035 2329 ullam
1053 2272 1316 2346 consanguinitatis
1331 2274 1455 2347 gradum
1470 2277 1647 2348 exprimunt.
1661 2282 1699 2333 At

94 2360 139 2418 oio
155 2361 231 2418 hanc
247 2361 364 2418 Baronii
389 2361 566 2418 sententiam
592 2378 649 2417 non
673 2376 737 2418 esse
759 2365 819 2416 tam
874 2363 954 2418 dctis
968 2361 1106 2417 omnihus
1122 2365 1220 2432 aperte
1236 2362 1450 2433 contradicunt,
1466 2365 1515 2436 qai
1531 2366 1560 2421 S.
1576 2366 1699 2423 ioannis

93 2467 116 2520 r,
132 2450 204 2524 quin
219 2450 299 2506 varia
321 2450 363 2505 illi
386 2451 494 2523 opponi
517 2451 643 2522 possint,
659 2450 820 2522 proescrtim
876 2450 1026 2508 Gualberti
1042 2461 1154 2523 patrem
1171 2451 1206 2506 ab
1222 2451 1277 2507 hoo
1292 2451 1410 2509 inimico
1425 2453 1635 2527 interemptam
1651 2473 1699 2514 vo-

93 2540 225 2597 remincm
241 2557 293 2612 pro
304 2556 338 2595 ea
348 2540 427 2596 citet.
438 2539 549 2595 Saltem
560 2540 638 2595 circa
652 2539 742 2611 hujus
753 2556 820 2596 san·
876 2541 951 2610 lunt,
968 2540 1044 2595 inter
1058 2556 1133 2611 qnos
1155 2544 1200 2595 est
1223 2540 1386 2596 Ludovicus
1400 2542 1559 2599 Zaoconius
1573 2544 1605 2599 in
1620 2560 1699 2601 com-

93 2629 197 2685 ntisreis
220 2629 345 2701 patriam
369 2628 518 2702 plerisque
542 2629 714 2685 adversatur
738 2633 821 2701 Hago
876 2629 982 2703 pendia
991 2628 1125 2684 vitarum
1142 2628 1274 2684 omnium
1289 2629 1559 2703 Sanctcram‚qaod
1571 2633 1701 2691 exvariis

93 2717 224 2775 lacensis
239 2719 269 2773 in
283 2717 426 2774 Chronico
438 2717 629 2788 virdunensi,
641 2718 718 2789 quod
733 2715 820 2772 edidi.
876 2717 1085 2791 hagiographis
1100 2716 1255 2773 collectum
1267 2717 1368 2774 ordine
1379 2717 1562 2791 alphabetico
1571 2719 1701 2778 Venetiis

93 2809 342 2865 ensnostertoml
353 2806 628 2865 chaebibliotbeeae
637 2792 821 2878 manuscript
877 2824 953 2863 anno
969 2805 1151 2862 16121taliee
1166 2805 1266 2863 edidit.

93 2913 154 2965 um,
178 2897 228 2953 ubi
252 2896 300 2952 sol.
317 2898 380 2964 206,
405 2896 544 2969 antiquus
566 2895 615 2952 ille
638 2896 763 2969 scriptor
787 2897 823 2951 de
913 2896 957 2950 12.
976 2896 1109 2952 fortasse
1144 2894 1213 2951 huic
1241 2895 1332 2952 errori
1359 2896 1542 2954 occasionem
1577 2898 1703 2971 prebuit

94 2985 138 3042 rio
151 2990 204 3042 vn
218 2985 280 3042 haeo
296 2985 414 3042 disertis
433 2985 529 3041 verbis
545 2985 673 3041 affirmat
687 3003 715 3042 :a
729 2985 823 3043 Natus
877 2987 904 3041 S.
923 2985 1023 3041 Petrus
1047 2989 1215 3052 Damianus,
1233 2983 1283 3056 qui
1304 2983 1459 3042 historiam
1482 2986 1512 3042 in
1536 2987 1703 3046 substantia

93 3074 148 3132 itur
164 3075 194 3130 in
209 3075 281 3131 urbe
295 3078 397 3142 Roma,
409 3073 581 3146 parentibus
591 3073 704 3131 civibus
715 3074 823 3130 Roma·
878 3072 1016 3139 similem,
1032 3073 1083 3129 sed
1111 3073 1141 3127 in
1170 3072 1402 3131 circumstantiis
1430 3074 1646 3150 discrepantem
1661 3076 1704 3133 sic

93 3207 97 3231 ,
112 3165 190 3237 quod
201 3164 362 3219 maximam
374 3168 429 3231 est,
441 3161 595 3235 religiosis,
612 3162 825 3219 adscribendus
839 3145 861 3212 C
879 3160 998 3234 exponit
1012 3160 1064 3216 lib.
1075 3161 1102 3226 i,
1111 3160 1196 3233 epist.
1214 3162 1265 3218 17:
1283 3182 1295 3210 v
1311 3161 1392 3219 Unde
1403 3180 1460 3220 non
1472 3164 1598 3221 otiosam
1615 3165 1705 3222 credi-

93 3252 177 3309 curiae
191 3251 328 3309 coelestis.
342 3275 356 3302 »
372 3252 412 3308 Ex
427 3251 481 3307 bac
502 3251 673 3324 opinionum
690 3250 828 3306 varietate
881 3266 959 3317 mus,
972 3249 998 3305 si
1011 3247 1059 3304 his
1069 3248 1166 3304 verbis
1182 3248 1331 3317 inseritur,
1344 3252 1422 3321 quod
1438 3250 1543 3308 celebri
1554 3252 1706 3308 anennul-

93 3345 127 3397 et
148 3341 280 3397 arborem
306 3340 387 3397 illam
412 3340 630 3414 genealogicam
645 3357 662 3394 a
680 3339 713 3395 lt.
729 3338 763 3395 D.
778 3337 826 3393 'li-
880 3338 917 3395 lis
943 3337 1081 3395 relatione
1095 3336 1241 3409 vulgatur.
1257 3337 1308 3393 Vir
1322 3338 1454 3410 quidam,
1471 3344 1503 3394 ut
1520 3340 1636 3408 dicitur,
1650 3357 1704 3413 po-

101 3431 244 3487 Petraccio
259 3430 418 3499 inventam,
434 3446 492 3485 non
508 3426 628 3484 omnino
644 3427 737 3483 sirmis
752 3425 828 3483 radi·
881 3426 1035 3483 tentionem
1063 3441 1095 3481 se
1118 3425 1268 3481 hominem
1290 3424 1446 3499 interiecit,
1467 3444 1484 3483 a
1507 3428 1592 3499 cujas
1615 3426 1704 3484 etiam

101 3518 164 3576 niti.
178 3519 213 3576 llt
227 3537 298 3576 sane
312 3535 419 3575 novum
435 3535 492 3573 non
508 3521 597 3586 esset,
613 3516 759 3573 indebitos
775 3532 826 3571 no·
881 3516 942 3572 filio
953 3531 1034 3571 more
1044 3513 1153 3585 seculi,
1165 3530 1222 3569 non
1233 3512 1348 3586 legibus
1358 3512 1517 3586 Evangelii,
1527 3512 1705 3570 maltasbsl·

93 3608 123 3665 is
143 3608 244 3665 titulos
267 3609 383 3664 Sanctis
407 3606 519 3679 alssngi,
535 3622 603 3662 eum
626 3605 654 3661 in
682 3603 827 3661 Breviorio
883 3604 979 3660 lorum
995 3602 1144 3660 molestias
1160 3601 1282 3675 protulit
1294 3619 1302 3658 ε
1314 3601 1430 3658 Paterni
1445 3600 1557 3659 scilieet
1572 3601 1650 3659 ultor
1663 3603 1706 3659 in·

92 3714 130 3754 nc
144 3698 308 3770 Antverpioe
324 3714 401 3753 anno
417 3695 614 3766 MDCXXXVl,
626 3695 705 3766 apud
720 3693 827 3749 Plauti·
882 3692 998 3764 teritus,
1009 3696 1038 3747 et
1053 3697 1167 3763 strages
1182 3690 1338 3747 anhelabat
1349 3689 1515 3761 bominum,
1531 3694 1560 3747 et
1573 3691 1707 3763 frequen·

118 3785 263 3860 impresso
279 3786 314 3843 do
329 3787 359 3841 S.
376 3785 532 3842 catharina
547 3783 670 3840 Senensi
695 3783 825 3855 lageran·
882 3782 956 3838 tium
983 3780 1149 3853 reportabat
1172 3778 1328 3835 manubias
1353 3779 1534 3852 rapinarum.
1551 3779 1629 3835 Inter
1653 3779 1708 3835 bas

93 3876 220 3950 vqnentia
235 3894 241 3932 :
256 3899 269 3926 α
284 3875 442 3931 Catharina
462 3875 543 3947 virgo
560 3873 710 3940 Senensis,
726 3889 761 3928 ex
774 3872 827 3927 Be·
882 3870 974 3943 igitur
994 3868 1143 3925 homicida
1157 3867 1356 3940 deprehensus
1378 3868 1540 3940 angustias,
1557 3867 1708 3942 imperiale

93 3965 131 4022 ria
146 3982 205 4021 unu
220 3982 287 4020 cum
304 3963 467 4039 Borghesia
482 3962 594 4019 familia
609 3979 643 4019 ex
657 3963 760 4018 eodem
775 3961 827 4016 sti·
882 3958 1009 4015 decrevit
1023 3957 1102 4014 adire
1118 3957 1312 4030 fastigium,si
1324 3958 1401 4029 quod
1413 3958 1487 4014 forte
1501 3960 1545 4014 tot
1558 3956 1708 4014 calamita·

94 4055 272 4120 reveniente,
288 4054 345 4126 piis
361 4056 425 4108 orta
440 4052 626 4125 parentibus,
639 4051 717 4107 beati
733 4050 829 4106 Domi·
881 4048 961 4104 tibus
976 4051 1076 4119 posset
1096 4046 1223 4118 reperire
1238 4045 1387 4103 solatiam.
1405 4048 1466 4113 Quo
1482 4049 1642 4119 comperto,
1657 4062 1709 4118 pa·

95 4143 220 4210 ebitum,
232 4159 320 4214 quem
336 4159 450 4199 sorores
463 4143 499 4198 de
512 4140 686 4197 Paenitentia
700 4143 826 4212 gestant,
882 4137 959 4193 terni
975 4134 1128 4208 sanguinis
1153 4134 1230 4191 ultor
1253 4134 1430 4207 insequitur,
1452 4150 1591 4208 eumque,
1603 4135 1663 4191 sive
1679 4139 1712 4190 nt

94 4233 194 4289 ravit.»
205 4233 271 4289 tam
288 4236 398 4302 autem,
414 4231 533 4287 amissis
548 4230 707 4302 prudenter
720 4229 827 4285 harum
883 4224 1077 4282 tribunalium
1093 4223 1155 4296 lege
1171 4225 1364 4297 constringat,
1377 4224 1436 4281 sive
1458 4228 1492 4280 ut
1515 4228 1634 4296 repente
1648 4222 1711 4297 gla-

96 4339 181 4379 arum
197 4321 301 4392 titulis,
318 4323 359 4378 ita
378 4320 505 4393 legimus
521 4337 527 4373 :
541 4342 554 4371 v
572 4318 729 4375 catharina
747 4319 828 4390 virgo
883 4314 940 4370 diis
964 4314 1121 4387 opprimat,
1147 4312 1273 4386 impiger
1301 4312 1469 4369 comitatur.
1487 4312 1518 4369 In
1543 4311 1712 4369 'teutonicis

93 4412 141 4468 sis
156 4411 212 4485 piis
228 4415 291 4467 orta
307 4411 479 4483 parentibus
495 4407 571 4465 beati
585 4407 731 4463 Dominici
746 4405 829 4462 habi·
883 4420 949 4460 vero
964 4403 1098 4476 partibus
1112 4406 1182 4458 tune
1197 4401 1359 4474 imperator
1371 4403 1487 4475 agebat.

93 4516 181 4574 quem
207 4516 322 4556 sorores
336 4501 372 4555 de
395 4496 568 4554 Paenitentia
592 4499 720 4569 gestant,
737 4495 828 4567 impe·
843 4513 868 4580 D
919 4493 963 4547 13.
976 4514 990 4543 «
1002 4492 1075 4548 Cam
1087 4491 1187 4561 itaque
1203 4490 1363 4562 procedens
1379 4490 1520 4557 modeste,
1533 4488 1617 4560 quasi
1628 4503 1711 4545 seeu-

93 4632 97 4646 .
883 4599 935 4639 rus
949 4580 1107 4649 incederet,
1119 4579 1305 4650 subsequens
1317 4581 1416 4633 autem
1433 4576 1557 4633 celerius
1573 4592 1713 4648 propera·

98 4679 195 4736 Nolim
212 4684 309 4735 tamen
334 4682 366 4733 ut
390 4676 508 4749 quises
528 4674 574 4730 bis
597 4672 722 4744 aliisque
747 4676 832 4728 antea
887 4675 941 4737 ret,
950 4670 1068 4726 tandem
1079 4665 1369 4739 contigitutsibimet
1380 4664 1502 4720 invicem
1515 4664 1713 4736 propinquan-

103 4767 263 4834 existimet,
286 4784 333 4822 me
358 4765 430 4822 velle
445 4763 535 4821 nobili
561 4763 590 4819 S.
606 4761 730 4818 ioannis
745 4761 831 4817 Gual-
887 4764 942 4827 tes,
968 4758 998 4814 in
1022 4760 1142 4812 mutuos
1167 4759 1289 4825 uterque
1313 4755 1468 4809 duceretur
1496 4757 1641 4825 aspectus.
1657 4752 1713 4808 Sed

94 4856 279 4928 aliarumque
293 4854 468 4928 genealogiae
485 4868 663 4925 repugnare3
681 4867 749 4906 nam
765 4866 833 4905 cum
888 4865 954 4904 cum
976 4847 1012 4915 is,
1029 4844 1080 4917 qui
1104 4842 1255 4899 homicidii
1280 4859 1346 4898 reus
1370 4846 1441 4909 erat,
1458 4841 1505 4897 vix
1529 4844 1656 4914 quatuor
1664 4841 1715 4913 ‚vel

93 4945 181 5018 liquis
198 4943 399 5000 monumentis
415 4940 488 4997 nihil
504 4942 575 4997 certi
590 4941 626 4996 ad
637 4939 834 4996 dirimendam
890 4938 1020 5011 quinque
1035 4933 1177 4991 comitum
1201 4931 1353 4987 fulciretur
1368 4929 1476 4987 auxilio
1491 4929 1636 4988 interiecti
1648 4946 1715 4987 vero

94 5033 325 5092 controversiam
339 5031 512 5098 invenerim,
525 5030 695 5103 praedictum
710 5032 835 5084 stemma
890 5027 968 5083 filias
993 5023 1115 5097 triginta
1130 5022 1221 5078 ferme
1235 5021 1401 5094 cingeretur
1415 5020 1564 5093 obsequiis
1588 5024 1715 5077 armato·

93 5123 212 5181 admitto
241 5139 293 5178 nec
322 5121 432 5194 rejicio.
457 5121 568 5191 ltaque,
593 5135 660 5174 cum
687 5134 780 5190 genus
808 5120 836 5172 et
891 5132 967 5183 rum,
980 5112 1201 5186 quaternionem
1214 5127 1301 5166 suum
1315 5110 1495 5174 cohortatur,
1508 5109 1653 5181 utlugiat.
1666 5107 1717 5164 llle

93 5214 164 5282 ’i,et
187 5230 251 5285 quae
279 5228 336 5267 non
362 5209 485 5266 lecimus
505 5209 636 5280 ipsi,le
664 5205 836 5264 nostradici
891 5224 923 5263 se
938 5201 1121 5274 conspiciens
1136 5202 1172 5257 de
1191 5199 1432 5273 persequentium
1449 5197 1718 5254 manibusavolare

93 5307 132 5371 nt,
140 5301 295 5375 plurisque
309 5299 441 5356 iacienda
453 5296 650 5365 sintvirtatis,
662 5312 751 5367 quam
767 5311 838 5351 sann
893 5312 950 5351 non
966 5307 1062 5362 posse,
1074 5290 1178 5346 animoe
1194 5289 1390 5362 patrocinium
1406 5287 1499 5360 petiit,
1516 5287 1552 5342 ad
1568 5285 1720 5344 humilita-

93 5392 428 5459 sdecara,transeamus
437 5388 473 5447 od
485 5386 631 5443 heroicam
641 5383 837 5453 clementiam,
892 5383 930 5439 tis
946 5379 1152 5436 umbraculam
1180 5377 1350 5448 coniugium
1371 5375 1447 5432 lecit.
1466 5375 1605 5447 Projectis
1629 5376 1720 5449 igitur

93 5483 112 5538 t.
123 5482 251 5538 loannes
272 5478 448 5535 Gaalbertus
463 5476 544 5532 dedit
558 5473 698 5530 sanctiori
714 5473 777 5528 vitae
789 5487 838 5529 ex·
894 5470 995 5539 armis,
1009 5468 1138 5526 brachiis
1153 5468 1242 5524 etiam
1267 5466 1296 5521 in
1322 5464 1444 5521 modum
1459 5463 1555 5521 crucis
1580 5467 1717 5534 extensis,

93 5588 140 5647 m,
151 5576 180 5629 et
194 5570 256 5629 orbi
272 5567 436 5629 Christiano
451 5563 627 5627 imitationis
641 5560 819 5644 exemplum.
894 5561 957 5621 solo
979 5557 1182 5637 prosternitur,
1198 5560 1227 5614 et
1246 5553 1291 5613 vel
1306 5553 1510 5641 miserentium
1533 5555 1659 5631 veniam,
1674 5553 1718 5615 vet
