3892 6096
804 380 917 449 ACTA.
1645 381 1705 447 920

93 518 243 573 renatare
259 515 423 591 sua,qussi
438 514 827 575 roseidcitur.111eillieoex
841 517 869 585 Α
884 514 996 593 Virgini
1011 516 1108 575 ilaris
1132 534 1209 576 oure
1223 517 1272 592 sit,
1287 517 1380 577 stubi
1402 517 1489 594 plura
1511 515 1653 576 beneficia
1667 515 1703 574 sb

93 604 254 677 prosiliens,
269 606 379 664 nullam
394 624 498 681 passus
514 607 758 675 combustionem,
775 624 828 664 neo
883 607 948 678 ipse
962 606 1080 682 Virgine
1092 609 1278 666 conferantur
1288 607 1474 681 mortalibus,
1483 612 1512 666 et
1521 607 1585 682 ipsa
1599 605 1705 663 merito

93 692 213 766 quidem,
230 697 341 768 lesum,
358 697 507 771 Virginem
528 697 661 764 Mariam,
678 701 829 754 sanctum-
882 696 985 754 devote
1019 697 1178 755 honorilice
1218 702 1377 771 sancteque
1406 696 1530 764 colatur,
1558 695 1649 754 veluti
1675 695 1707 751 in

93 784 222 841 'oannem
238 784 384 842 laudando
399 786 507 859 expleri
522 787 671 860 nequibat.
882 786 1012 856 Etruria,
1025 792 1054 846 et
1079 791 1240 863 presertim
1257 792 1287 846 in
1303 794 1443 865 seperta
1468 805 1565 863 quea
1591 786 1706 844 Floren-

93 902 104 930 ·.
121 874 201 938 Inde,
218 879 251 930 ut
265 874 320 931 sibi
335 877 422 933 eundi
434 876 594 950 copiadata
608 880 662 948 est,
672 881 829 948 utramque
882 876 953 933 tinis
976 876 1110 935 babetur.
1124 878 1233 937 Verum
1257 896 1336 936 nuno
1351 880 1387 936 od
1402 879 1596 952 propositum.
1613 875 1706 949 Igitur

93 962 328 1031 qbanescilicet,
345 970 373 1022 ει
391 964 827 1041 illamaiiaml'irginisbiarie,
882 962 937 1022 hoc
961 970 1092 1042 tempore
1116 970 1184 1026 anui
1219 969 1335 1026 cuidam
1368 967 1563 1025 devotissima
1588 965 1704 1023 temtus

93 1056 159 1108 ntra
169 1051 316 1110 Casentini
328 1061 441 1112 montes
454 1059 482 1112 ct
496 1056 584 1128 Alpes
600 1060 700 1112 nostra
713 1069 844 1111 memo-·
881 1055 998 1113 loannes
1010 1058 1137 1128 nomine,
1146 1058 1261 1115 sarculo
1269 1074 1394 1133 granum
1406 1056 1544 1113 frumenti
1554 1051 1702 1128 purganti,

95 1144 230 1197 astructa
237 1147 295 1211 est;
308 1144 407 1217 dequa
418 1145 569 1219 (quoniam
578 1145 613 1201 ad
624 1145 679 1201 hoo
689 1160 740 1218 per
749 1143 829 1199 huuc
881 1144 969 1219 Virgo
984 1146 1086 1214 Maria,
1103 1147 1153 1205 ubi
1168 1148 1378 1207 nonceeolesia
1391 1146 1534 1203 aedilicata
1548 1148 1602 1214 est,
1614 1159 1703 1216 appa·

93 1230 161 1286 >lam
185 1229 370 1305 devenimus)
395 1249 452 1289 non
480 1232 635 1307 indignum
659 1233 755 1290 visum
783 1237 829 1289 εει
883 1232 951 1306 ruit,
967 1250 1036 1293 sexo
1046 1237 1172 1310 desuper
1186 1237 1302 1303 sedens,
1313 1237 1445 1309 quod,nt
1459 1250 1549 1308 supra
1563 1231 1705 1301 diximus,

93 1317 149 1374 ism
164 1318 271 1387 dicere,
287 1322 327 1392 et]
341 1323 514 1389 describere,
528 1323 616 1393 unde,
629 1339 686 1396 quo
697 1327 829 1394 tempore
882 1324 943 1380 ede
958 1323 1109 1399 flagrante,
1127 1325 1239 1382 meritis
1254 1324 1349 1398 ipsius
1363 1325 1462 1381 illaria
1486 1321 1615 1397 Virginis
1630 1320 1704 1378 mire

93 1410 122 1464 la
132 1406 180 1477 sit,
192 1410 225 1464 ut
238 1409 274 1465 ab
286 1408 331 1465 bis
343 1412 520 1483 accepimus,
529 1412 579 1484 qui
591 1412 737 1470 aniculam
747 1410 827 1469 illam
883 1430 943 1469 una
956 1430 1023 1471 oum
1035 1414 1213 1486 quibusdam
1224 1413 1346 1487 picturis
1357 1413 1481 1469 illesum
1491 1414 1637 1469 serentum
1649 1412 1704 1467 est.

93 1496 164 1553 ·lroo
178 1511 338 1554 convenere
351 1499 468 1572 sapius,
480 1501 527 1556 cui
539 1501 627 1574 Virgo
638 1499 729 1557 Maris
738 1517 827 1574 appa·
882 1500 991 1560 Verum
1005 1503 1150 1576 apparitio
1165 1502 1233 1560 talis
1247 1503 1313 1560 luit.
1324 1502 1398 1560 Cum
1414 1502 1493 1558 enim
1508 1503 1614 1574 prater
1629 1502 1705 1556 aeris

93 1582 203 1658 lignata
217 1590 271 1641 est.
288 1586 364 1643 illud
380 1588 458 1644 idem
474 1587 826 1661 indicantannalia(212);
883 1604 1005 1659 morem,
1020 1596 1156 1665 utsupra
1170 1593 1283 1648 dictum
1299 1596 1354 1660 est,
1366 1589 1475 1664 copiosi
1486 1589 1637 1662 subitique
1651 1589 1705 1644 im·

93 1677 138 1729 ml
152 1677 180 1729 et
197 1673 327 1747 picturae,
344 1692 409 1747 quae
424 1677 566 1733 memoria
580 1682 609 1733 et
623 1675 762 1749 religione
777 1693 827 1750 pa·
883 1680 949 1736 bres
972 1681 1002 1735 vi
1022 1685 1176 1738 ventorum
1204 1680 1303 1737 omnia
1318 1679 1376 1738 late
1398 1677 1578 1737 vastantium
1593 1695 1610 1736 e
1632 1677 1705 1735 eaelo

97 1760 238 1819 beoterms
255 1763 284 1818 in
295 1763 413 1819 dextero
424 1780 515 1820 cornu
528 1763 629 1820 altaris
641 1764 829 1836 conspieinn·
883 1767 1111 1836 dimitterentur,
1129 1769 1178 1842 qui
1193 1773 1263 1826 tunc
1278 1770 1308 1825 in
1333 1768 1412 1841 agris
1425 1770 1519 1834 erant,
1535 1767 1585 1825 alii
1609 1771 1704 1839 antra,

93 1853 225 1906 ’ratores
249 1851 367 1907 additur
382 1852 423 1907 rai
448 1852 635 1909 miraculum.
652 1852 725 1909 Cum
749 1853 827 1909 enim
843 1886 867 1954 B
883 1855 932 1914 alii
946 1858 1065 1931 tuguria
1080 1858 1114 1916 ad
1130 1858 1188 1914 vim
1204 1874 1287 1931 aqua
1301 1856 1488 1915 devitandam
1504 1859 1644 1929 peterent,
1661 1872 1705 1911 se-

93 1939 152 1996 lum
167 1937 241 1995 illud
260 1939 307 1995 bis
323 1940 524 2012 superioribus
547 1941 633 1997 sanie
648 1942 828 2016 conflagras-
883 1961 1019 2019 eumque,
1037 1945 1077 2002 uti
1089 1964 1152 2003 mos
1167 1950 1222 2018 εει,
1234 1945 1402 2003 alteralteri
1413 1945 1539 2002 diceret:
1556 1944 1638 2002 Unde
1651 1943 1706 2002 hoc

93 2026 219 2085 arietem
234 2026 319 2085 illum
334 2029 411 2101 ignis
436 2030 514 2085 baud
530 2034 575 2086 est
589 2047 682 2087 ausus
703 2032 827 2104 attinge·
882 2032 1140 2092 intortuniumisto
1149 2052 1224 2092 anuo
1233 2035 1317 2092 nobis
1326 2034 1443 2092 miseris
1452 2032 1708 2107 mortalibuspre-

93 2116 112 2173 ri
128 2115 221 2188 hujus
234 2117 336 2189 templi
352 2118 433 2190 origo
446 2118 476 2174 in
493 2118 626 2190 picturis,
643 2123 675 2176 ut
688 2119 828 2187 diximus,
882 2128 927 2178 ter
935 2124 1130 2180 aerismorem
1139 2128 1168 2179 st
1181 2123 1377 2181 conditionem
1391 2121 1604 2181 accidithrob
1617 2122 1706 2179 fldem

93 2205 322 2279 respicientium
338 2207 450 2263 occurit
463 2207 569 2264 adhue.
581 2209 674 2275 Quid?
687 2211 759 2265 Cum
773 2225 827 2267 ea·
884 2211 932 2266 Dei
953 2220 1041 2285 atque
1066 2210 1239 2269 hominum!
1266 2212 1344 2285 quod
1360 2212 1385 2268 si
1409 2210 1460 2267 diu
1475 2210 1523 2267 hic
1547 2210 1664 2267 subitus
1678 2214 1708 2266 et

93 2295 242 2366 tucinam
257 2294 318 2351 iilic
334 2311 471 2352 saxorum
482 2297 680 2370 ingenscopio
693 2299 749 2369 est)
764 2298 829 2370 igne
848 2335 853 2345 ·
883 2298 994 2356 nimius
1009 2299 1103 2357 imber
1127 2299 1262 2372 perrexit,
1278 2298 1442 2373 peribimus
1467 2298 1610 2355 funditus.
1637 2298 1706 2354 lodo

93 2387 142 2439 ret
154 2382 185 2439 in
209 2382 359 2456 pulverem
383 2385 501 2441 redacta
516 2391 595 2453 sunt,
611 2384 682 2442 iliud
700 2390 828 2458 tantum,
884 2387 932 2444 alii
945 2389 1096 2461 prosequi:
1108 2388 1296 2462 Undeputas,
1307 2387 1447 2445 nisiunde
1457 2387 1514 2444 dioi
1526 2387 1707 2462 solet,prop·

93 2488 109 2527 o
126 2470 212 2544 Virgo
228 2471 319 2529 Maria
331 2473 433 2528 sedere
446 2473 568 2545 dignata
579 2480 636 2543 est,
653 2474 777 2532 illesum
792 2476 829 2531 ab
883 2480 927 2532 ter
940 2484 1059 2550 peecata
1083 2477 1205 2534 veniunt
1228 2478 1373 2534 adversa?
1385 2476 1525 2533 Nostrum
1547 2480 1593 2532 εει
1605 2475 1707 2549 igitur,

93 2576 141 2632 pro
156 2560 296 2617 miracula
321 2566 525 2618 conservatum
541 2567 595 2619 est.
620 2568 659 2620 De
672 2564 759 2636 arrius
773 2564 828 2621 loci
883 2562 985 2622 habita
999 2565 1146 2638 imprimis
1169 2570 1336 2622 nostrorum
1352 2564 1494 2622 scelerum
1510 2580 1579 2621 vers
1592 2564 1706 2621 ooales-

93 2665 178 2707 >suos
193 2651 276 2722 prius
298 2649 481 2722 explananda
504 2656 583 2722 sunt,
599 2666 688 2723 qoam
711 2652 829 2709 initium
883 2655 974 2719 εῑεεε,
990 2654 1060 2711 lesu
1077 2654 1193 2726 Christi,
1208 2654 1397 2728 virginisque
1411 2653 1507 2710 Maria
1522 2651 1627 2709 matris
1641 2652 1706 2725 ejus

93 2737 144 2795 udi
158 2739 274 2795 faciam.
883 2741 1023 2799 auxilium
1035 2742 1194 2816 inquirere,
1207 2742 1231 2800 si
1247 2743 1320 2799 forts
1330 2759 1385 2800 sua
1397 2741 1484 2799 solita
1498 2741 1605 2815 pietate
1620 2756 1705 2814 opem

94 2864 102 2882 .
118 2825 151 2883 ln
167 2826 314 2883 Cessatini
339 2827 472 2900 partibus
495 2829 638 2902 oppidum
652 2835 708 2897 est,
724 2830 769 2888 val
784 2847 830 2887 re·
883 2830 994 2889 tulerit.
1035 2845 1037 2849 ·

96 2914 194 2973 dicam
207 2915 296 2983 ¹uilla,
311 2933 403 2989 quam
421 2917 476 2973 loci
500 2917 601 2974 incola
624 2918 724 2975 dixere
736 2919 830 2977 Stiam
917 2922 980 2978 298.
995 2920 1071 2979 Dum
1095 2919 1282 2989 benetalis,
1299 2925 1331 2977 ut
1345 2919 1481 2977 voluntas
1508 2918 1573 2987 fert,
1585 2918 1703 2992 iactita-

105 3020 198 3077 aqua
212 3004 395 3062 Occidentem
412 3023 514 3063 versus
540 3008 623 3065 abest
638 3024 723 3065 mons
738 3009 829 3065 terma
882 3008 1305 3082 rent‚aooidit‚utanus‚quam
1316 3006 1705 3081 diximus‚quoddemetiam

93 3092 174 3151 uillis
184 3110 338 3166 passuum,
349 3113 366 3153 a
376 3112 433 3168 quo
448 3096 543 3153 oritur
553 3097 661 3154 dumea
673 3102 827 3171 aseptem·
882 3096 1064 3170 tuguriolum
1088 3097 1202 3166 adierit,
1216 3097 1266 3153 ubi
1281 3096 1370 3171 Virgo
1385 3096 1478 3154 Maria
1490 3095 1542 3153 tali
1557 3095 1661 3153 babitu
1676 3100 1705 3153 et

93 3181 124 3241 di
146 3182 242 3258 plaga,
259 3183 375 3241 nomine
400 3187 518 3253 Arnus,
533 3187 582 3242 sed
601 3202 636 3243 ex
659 3201 693 3241 so
717 3187 825 3258 medio,
883 3186 988 3259 specie,
1003 3190 1036 3242 ut
1050 3185 1115 3258 ipsa
1128 3186 1235 3243 reterre
1245 3184 1332 3243 solita
1345 3188 1416 3253 erat,
1428 3199 1568 3258 apparere
1582 3184 1704 3257 dignata

102 3270 186 3331 soliis
199 3271 302 3342 oritur,
315 3272 389 3329 satis
403 3274 433 3329 in
443 3273 624 3331 immensum
639 3275 825 3348 pertingens;
840 3252 862 3320 0
880 3277 935 3331 est.
947 3272 1081 3330 Formam
1091 3273 1201 3346 iisque,
1212 3269 1584 3328 utivenersbilismatrone
1594 3268 1703 3338 velate,

93 3359 548 3435 urbumiliimisquercubus,seu
557 3362 685 3432 ilicibus,
703 3363 828 3437 aliisque
879 3361 1107 3419 vestibusetiom
1119 3359 1339 3418 candidissimis
1349 3358 1469 3425 induta,
1482 3356 1613 3430 galerum
1624 3357 1705 3413 ineu·

93 3448 731 3526 ibusarborum,quasbumussudaoiugere
742 3452 826 3511 solet.
881 3444 1705 3525 percapiteenstineutis,etinmanulibellum‚quemsssi·

93 3554 99 3597 r
113 3538 242 3612 prolecto
263 3541 362 3597 suavis
377 3544 405 3595 et
431 3557 577 3597 ammaus.
592 3541 625 3597 ln
639 3541 730 3612 huJus
744 3540 828 3599 collis
882 3539 939 3594 due
953 3537 1077 3610 legebat,
1093 3536 1255 3610 conspioit;
1271 3537 1358 3608 cajus
1382 3536 1507 3592 advento
1523 3549 1626 3592 ornnes
1640 3532 1705 3591 eceli

93 3626 222 3685 bnmsno
247 3627 370 3684 artificio
393 3629 592 3700 potiusquam
616 3634 721 3685 natura
736 3628 827 3703 plani·
882 3624 994 3684 nebula
1009 3627 1247 3700 dissipatesunt,
1262 3625 1357 3682 imber
1371 3623 1507 3694 concidit,
1517 3620 1562 3681 sol
1576 3622 1612 3679 de
1624 3638 1705 3680 more

93 3715 218 3786 eruitur,
234 3716 329 3775 muris
344 3716 373 3772 in
389 3717 485 3774 tribus
499 3717 544 3774 vel
559 3723 684 3790 quatuor
698 3718 827 3777 brachiis
881 3719 987 3772 cuncta
1000 3716 1063 3772 suis
1079 3714 1169 3772 radiis
1184 3713 1350 3771 illustravit.
1363 3714 1435 3770 Cum
1449 3710 1541 3786 igitur
1555 3726 1630 3767 anus
1642 3709 1703 3782 illa,

93 3803 125 3861 is
138 3805 270 3877 undique
283 3806 486 3864 vestientibus.
497 3806 626 3864 Medium
639 3810 718 3865 tenet
733 3808 827 3865 eecle-
881 3806 1000 3877 perlusa
1006 3804 1135 3871 horrore,
1144 3804 1407 3877 venerabundaque
1413 3801 1566 3867 astitisset,
1574 3814 1628 3857 nec
1634 3814 1703 3857 oon·

93 3894 219 3963 urende,
237 3899 266 3955 et
281 3894 422 3968 religione
436 3895 620 3968 dignissima,
636 3897 723 3968 oujus
738 3895 826 3954 talem
880 3896 926 3949 tra
941 3894 977 3949 ob
991 3894 1178 3966 splendorem
1199 3891 1305 3949 intueri
1320 3890 1436 3957 valeret,
1451 3890 1538 3964 Virgo
1552 3888 1644 3945 liaris
1657 3887 1702 3944 in-

93 3986 118 4041 st
131 3982 224 4041 tmere
237 3983 393 4057 originem.
409 3986 552 4057 Tempore
562 3984 678 4043 Martini
693 3986 776 4058 Papa
790 3987 825 4055 V,
881 3982 946 4054 quit
961 4000 968 4037 ι
984 3982 1048 4054 Abi,
1069 3982 1173 4039 nuntia
1188 3980 1312 4055 plebano
1331 3981 1409 4048 Stia,
1427 3977 1598 4051 caterisque
1612 3974 1704 4033 tibiti-

93 4071 266 4144 quibusdam
280 4072 676 4133 simultatibusetdiscordiis
686 4074 826 4132 Florenti·
881 4072 948 4139 mis,
957 4069 1049 4129 fllium
1061 4069 1443 4142 meumlesum‚llominom
1454 4065 1662 4138 nostrom‚boc
1673 4064 1715 4123 in>

93 4176 140 4216 um
155 4176 189 4216 ex
213 4177 247 4218 eo
263 4162 414 4229 Pontitice,
429 4167 493 4219 tum
508 4178 542 4220 ex
567 4163 745 4235 quibusdem
760 4163 827 4220 aliia
880 4158 943 4216 loon
958 4160 1101 4233 templum
1118 4160 1190 4217 mibi
1205 4160 1295 4217 dicari
1312 4158 1395 4216 velle.
1409 4160 1592 4230 Quapropter
1600 4154 1626 4212 si
1640 4158 1702 4211 tsn-

106 4248 214 4320 causis,
231 4253 264 4305 ut
277 4254 340 4305 tum
356 4250 512 4316 terebatur,
527 4251 629 4306 accitis
644 4250 752 4306 bellum
769 4251 826 4306 im·
881 4253 941 4304 tam
957 4248 1262 4321 cladem,tantamque
1283 4248 1425 4305 imbrium
1445 4244 1618 4303 effusionem
1630 4242 1702 4300 etlu-

93 4338 131 4394 ret
150 4336 231 4409 (nam
254 4336 408 4395 discordiis
422 4342 451 4394 et
475 4336 677 4394 simultatibus
692 4337 828 4395 incendia
880 4351 947 4410 gere
961 4340 990 4394 et
1003 4338 1124 4395 evadere
1138 4342 1249 4410 optant,
1264 4336 1318 4394 adi
1335 4338 1439 4393 itrturce
1460 4335 1578 4391 initium
1593 4347 1700 4390 mune·

95 4426 725 4499 mruinaquepaulatimalnoturlinsuperet
736 4427 827 4500 pestis
880 4425 962 4483 ribus
987 4429 1016 4483 et
1038 4427 1123 4484 donis
1148 4427 1304 4498 prebeant,
1329 4428 1359 4482 et
1378 4425 1433 4481 hoc
1456 4422 1608 4496 tugurium
1632 4435 1700 4476 oum

93 4515 395 4589 redequibusdamin
410 4515 481 4573 loeis
491 4517 611 4589 rigeret,
624 4514 712 4572 etiam
725 4531 827 4588 pecca·
881 4532 966 4572 cruce
978 4519 1007 4573 et
1023 4515 1129 4588 populo
1144 4517 1247 4571 devote
1262 4512 1399 4571 lustrent.

101 4604 295 4678 exigentibus,
306 4605 449 4677 repentini
463 4605 537 4678 largi
552 4603 677 4662 subitive
691 4603 865 4684 imbreseq
915 4604 978 4660 299.
994 4603 1144 4660 Dubitanti
1160 4603 1260 4674 itaque
1275 4603 1344 4658 anui
1358 4607 1388 4658 et
1413 4616 1473 4655 rem
1489 4596 1643 4671 prolatanti
1660 4595 1701 4669 [id

93 4687 299 4765 sinemurum,
312 4694 361 4766 qni
378 4694 478 4750 omnia
491 4693 686 4760 devastarent,
703 4706 737 4748 so
750 4710 826 4750 anno
881 4697 921 4748 est
934 4692 1100 4764 differendi,
1117 4708 1164 4761 ne,
1181 4692 1206 4748 si
1220 4687 1336 4747 nulium
1343 4687 1464 4745 visionis
1479 4685 1700 4758 darotsignum,

93 4784 231 4851 terantur,
248 4798 300 4857 pro
315 4798 347 4839 se
363 4783 489 4856 quisque
501 4782 603 4839 lesum
618 4780 827 4855 virginemque
882 4781 957 4836 inter
971 4779 1105 4837 homines
1113 4797 1166 4852 pro
1179 4777 1306 4835 ludibrio
1314 4777 1482 4843 baberetur,
1498 4789 1603 4831 rursus
1613 4772 1701 4846 Virgo

93 4874 208 4929 tratrem
223 4872 355 4943 Mariam,
371 4872 416 4946 [ut
428 4870 635 4946 liberarentur]
649 4888 666 4928 a
680 4875 760 4928 tanto
776 4887 825 4944 pe·
882 4869 982 4942 Maria,
994 4869 1109 4943 inquit:
1121 4867 1174 4924 Abi
1185 4869 1260 4939 jam,
1272 4866 1385 4940 etquod
1396 4864 1426 4921 in
1442 4868 1529 4921 tanta
1544 4863 1584 4920 rei
1595 4862 1701 4919 condr-

93 4965 140 5018 ιει
158 4962 280 5030 excidio,
297 4960 479 5018 orationibus
504 4963 533 5018 et
546 4960 783 5034 processionibus
797 4966 826 5017 et
881 4959 1009 5016 mationa
1025 4957 1098 5015 velis
1124 4957 1242 5030 signum
1266 4955 1340 5027 deri,
1351 4954 1414 5028 jam
1439 4955 1541 5010 datum
1556 4955 1610 5019 est,
1627 4951 1699 5007 mihi

96 5064 163 5123 qun
181 5048 283 5123 religio
298 5049 360 5107 tisri
386 5052 475 5120 amat,
491 5053 616 5120 orarent,
632 5048 720 5122 Vrrgo
735 5046 827 5107 Maria
880 5049 976 5105 crede.
993 5046 1044 5104 liis
1058 5044 1144 5102 dictis
1160 5045 1247 5118 Virgo
1259 5042 1351 5101 itioris
1366 5059 1455 5100 anum
1471 5041 1551 5098 illam
1562 5040 1618 5097 hac
1632 5055 1700 5096 ora-

103 5136 198 5196 voluit
211 5137 455 5196 excellentissime
479 5139 640 5204 ostendere,
657 5142 685 5195 ot
701 5138 824 5212 patriam
880 5136 958 5194 tione
970 5134 1121 5205 instruxit,
1132 5150 1221 5209 quam
1245 5150 1296 5190 uec
1312 5133 1449 5190 indecens
1462 5131 1558 5187 visum
1572 5134 1618 5187 ost
1631 5127 1701 5185 huic

105 5226 229 5285 liberam
243 5228 374 5284 reddere.
880 5225 1021 5282 miraculo
1031 5225 1174 5293 inserere;
1186 5228 1231 5280 εει
1239 5221 1391 5281 enimtaiis
1401 5237 1407 5275 :
1419 5219 1540 5287 «Oalto,
1550 5234 1566 5275 o
1572 5217 1701 5293 glorioso

94 5316 252 5375 ,Caeterum
264 5332 334 5390 paee
349 5317 482 5375 omnium
497 5316 713 5391 provinciarum
728 5315 823 5372 ausim
880 5314 961 5372 iddio
973 5331 980 5383 ;
991 5313 1128 5371 illumina
1141 5312 1166 5371 le
1176 5313 1296 5370 tenebre
1305 5311 1351 5367 del
1364 5327 1414 5367 cor
1424 5309 1482 5367 mio
1494 5326 1501 5378 ;
1515 5306 1626 5364 dammi
1638 5306 1702 5364 sede

93 5408 186 5479 atsto
197 5406 267 5464 orbe
280 5408 424 5464 terraram
434 5406 512 5464 baud
528 5418 592 5463 esee
602 5405 710 5476 locum,
723 5405 773 5478 qui
783 5406 826 5462 its
880 5403 979 5473 dritta,
990 5418 1133 5477 speranza
1145 5405 1234 5472 certa,
1243 5402 1334 5457 carita
1342 5399 1582 5473 perletta,senos
1596 5411 1700 5455 conos·

93 5568 248 5641 ilriunolic
262 5568 309 5624 hic
327 5567 404 5626 idern
429 5566 593 5641 significare
605 5565 728 5637 videtur,
745 5566 823 5640 quod
878 5566 1051 5623 Umbrossm
1074 5568 1103 5622 ει
1125 5560 1340 5633 camaldulum,
1363 5577 1419 5617 non
1443 5557 1545 5635 procul
1568 5575 1586 5617 a
1610 5556 1697 5615 iluvio

93 5638 345 5697 ronltsrtmales.
876 5639 964 5694 Arno.

93 5711 114 5782 ι)
131 5710 223 5768 ilatio
238 5715 334 5769 tractu
344 5709 508 5780 casentino,
517 5709 608 5768 ferme
622 5707 698 5766 inter
713 5707 822 5767 Vallem
