3892 6096
122 320 163 389 ts
432 323 506 388 LlB.
528 325 579 390 nn
600 324 916 393 aanrtnlouteus
939 327 1025 393 so1s
1047 328 1098 394 ur
1120 327 1307 397 sceleris.
1325 369 1364 384 -
1378 333 1479 405 eles
1501 329 1527 403 l.
1794 336 1835 406 80

125 462 263 535 cogitatio
279 467 501 537 prosternebam
518 487 564 528 me
579 473 609 529 in
625 479 760 543 terrram,
772 479 800 532 et
815 474 953 548 lacrymis
968 465 997 532 A
1011 478 1190 544 narrat,oum
1203 478 1269 532 ante
1279 481 1445 550 perceptam
1456 477 1537 552 regui
1548 475 1722 550 dignitatem
1733 477 1833 537 humi·

125 571 191 611 cam
207 555 367 615 infundens
382 559 477 632 ipsam
489 564 561 620 mihi
577 567 718 623 veraciter
727 567 843 624 adstare
855 585 953 639 spera·
1007 563 1044 621 lis
1060 565 1193 638 mihique
1207 571 1286 624 esset
1301 573 1448 642 acceptus.
1466 573 1566 643 postea
1579 588 1645 628 vero
1669 573 1772 630 eadem
1785 571 1832 630 di·

123 644 193 702 bam
211 663 276 717 qne
292 665 339 704 me
354 650 590 723 fidejusseratid
606 663 649 712 est
663 658 879 714 sanctissimam
896 657 947 715 Dei
1007 655 1116 725 gnitate
1132 657 1305 729 superbiens
1321 675 1338 714 a
1354 675 1399 715 me
1417 663 1462 717 est
1486 661 1633 733 repulsus.
1650 663 1716 735 lpse
1743 662 1832 722 etiam

123 732 302 794 Genitricem
315 754 321 792 :
332 739 412 796 etsie
427 746 695 816 perseptemdecim
707 765 799 805 annos
810 746 949 821 periculis
1006 746 1107 815 David,
1124 746 1190 805 licet
1204 765 1305 821 regum
1317 749 1443 806 eximius
1458 752 1486 807 ct
1501 751 1601 823 pietati
1618 768 1689 810 mea
1706 751 1832 826 placitus

122 825 239 894 multis;
257 831 290 882 ut
305 828 364 884 dixi
376 829 538 888 luctabar.»
553 836 624 892 Ecce
639 837 720 893 vides
736 842 881 910 quantum
891 854 949 894 non
1006 842 1098 905 esset„
1110 838 1192 909 prius
1207 843 1307 896 tamen
1321 856 1411 911 quam
1427 841 1463 896 ad
1480 839 1561 913 regni
1574 841 1737 899 elevaretur
1752 842 1833 902 nett-

122 916 222 972 solum
237 918 395 982 virilis‚sed
411 920 500 977 etiam
515 924 659 982 femineus
673 944 760 983 sexus
775 927 951 985 laboraverit
1005 926 1054 996 gio
1068 927 1172 998 maj0ri
1188 945 1219 984 se
1233 928 1391 985 contrinxit
1406 928 1555 1002 religionis
1570 929 1726 988 curalium
1744 935 1833 1003 antea

118 1009 210 1076 etpro
219 1006 397 1078 integritatis
407 1013 612 1081 constentiact
622 1033 673 1088 pro
682 1017 879 1090 corruptionis
891 1033 949 1088 poe·
1008 1014 1084 1071 bona
1095 1033 1147 1087 pro
1158 1017 1360 1090 malis‚postea
1372 1035 1438 1076 vero
1450 1019 1529 1077 mala
1539 1018 1666 1076 reddidit
1677 1037 1729 1094 pro
1743 1021 1832 1095 bonis

120 1094 950 1178 nitentiaNumquidergoseptemdecimannianmlabo·
1004 1103 1129 1178 ideoque
1143 1106 1374 1179 iniquitatissua
1390 1125 1448 1165 non
1460 1109 1617 1166 immemor
1627 1108 1656 1166 in
1672 1111 1833 1171 centesimo

119 1185 195 1241 resti
209 1202 324 1257 pugnas
338 1193 441 1246 contra
456 1193 646 1264 cogitationes
661 1196 874 1254 desideriorum
890 1213 951 1254 ear·
1004 1195 1099 1265 primo
1112 1195 1225 1267 psalmo
1235 1198 1439 1270 gemebundus
1450 1198 1486 1254 ad
1502 1214 1549 1255 mo
1560 1198 1623 1259 sit:
1641 1199 1831 1269 Quineteuunr

120 1275 239 1331 nalium
252 1276 266 1331 t
279 1276 347 1342 Quid
365 1285 462 1336 autem
477 1286 521 1338 tot
536 1299 628 1340 annos
652 1285 725 1352 dico,
743 1288 793 1359 qui
819 1304 871 1344 nec
891 1305 949 1345 uno
1004 1283 1119 1339 allisisti
1131 1302 1195 1347 me:
1210 1287 1273 1343 acsi
1285 1287 1514 1359 apertedivetet:
1527 1288 1640 1354 Quanto
1652 1288 1826 1355 Sublimiort

119 1381 234 1436 passus
246 1370 364 1422 estante
376 1369 733 1443 annointegrolNondum
744 1372 949 1445 igiturlaboris
1004 1387 1050 1428 mc
1066 1373 1207 1444 dignitate
1220 1374 1349 1432 elevasti.
1366 1379 1447 1432 tanto
1464 1376 1626 1448 majoribus
1641 1379 1828 1451 peccatisme

115 1453 196 1508 viam
214 1455 325 1526 coepisti
336 1460 365 1512 et
375 1463 474 1514 tomen
484 1459 607 1518 velutex
617 1461 716 1519 labore
727 1463 819 1520 nimio
832 1465 895 1535 jem
906 1466 948 1522 sa·
1003 1460 1148 1533 implicari
1164 1462 1479 1535 permisisti-Ptaeieret
1494 1470 1609 1539 quani&
1633 1466 1724 1524 tuin&
1739 1467 1830 1549 imni

115 1543 245 1616 tigatum
256 1545 457 1605 delecisti.Sod
469 1554 497 1606 et
508 1551 532 1606 ei
546 1568 620 1624 quos
630 1553 801 1610 tentationis
812 1561 838 1610 et
851 1555 949 1612 adver·
1003 1567 1061 1621 prae
1077 1553 1188 1608 catoris
1202 1552 1341 1621 elevatur,
1358 1557 1465 1625 pateat,
1491 1553 1568 1612 liber
1584 1555 1830 1629 Paralipomenon

116 1632 216 1690 sitatis
232 1634 384 1694 molestias
400 1639 552 1710 perterres‚
569 1643 714 1714 numquid
731 1649 885 1716 propterea
901 1662 950 1715 po·
1002 1639 1122 1697 indicat·
1141 1643 1178 1698 De
1197 1641 1267 1698 Jots
1283 1659 1412 1715 namque
1439 1659 1506 1716 rege
1532 1644 1614 1700 Judt
1644 1644 1741 1714 referi,
1758 1645 1830 1719 quit

112 1721 227 1780 tientiae
242 1729 269 1779 et
285 1727 347 1798 spei
368 1727 471 1784 solatia
500 1732 645 1801 deponere
673 1733 762 1790 dobes
777 1733 791 1789 ‘t
805 1734 907 1790 Nonne
919 1739 948 1791 et
1003 1733 1069 1799 post
1085 1730 1326 1788 mortemtoiada
1338 1732 1644 1806 sacerdotis,quieum
1655 1733 1690 1790 ad
1703 1749 1828 1808 reguum

114 1819 943 1896 cxsupracommemoratissauctorumPatrumexemplis
960 1843 985 1909 Β
1002 1821 1142 1893 provexit,
1158 1821 1189 1877 in
1204 1825 1317 1878 tantam
1333 1822 1489 1879 clationem
1513 1823 1626 1880 venerit
1655 1827 1697 1893 ut,
1728 1823 1829 1884 relicto

112 1919 147 1958 ex
161 1903 229 1960 aliis
241 1904 401 1978 Scriptura
413 1925 503 1965 sacrae
514 1912 666 1968 sententiis
676 1930 834 1985 agnoscere
848 1920 942 1986 potes,
1000 1909 1080 1966 cultu
1096 1911 1156 1975 Dei,
1174 1928 1190 1968 a
1206 1911 1269 1968 suis
1284 1927 1316 1967 se
1327 1911 1493 1984 permiserit
1508 1912 1694 1970 adorari.Pro
1710 1929 1770 1987 quo
1780 1930 1830 1972 su·

113 1992 638 2072 utileesseacneoessariumperterre
649 2001 944 2061 tentationestreoue
1000 1999 1106 2070 perbiae
1123 1999 1233 2074 flagitio
1247 2001 1325 2072 quod
1342 2002 1402 2074 regi
1418 2001 1513 2059 eidem
1528 2001 1657 2059 evenerit
1676 2001 1829 2076 Scriptura

114 2099 243 2155 namque
258 2086 409 2156 apostolus
424 2088 688 2148 dicitzdtcrissr'mi
710 2094 795 2149 notite
818 2096 944 2166 pereprt·
999 2089 1162 2163 subjungit,
1193 2091 1317 2147 dicens:
1348 2091 1470 2163 Curaque
1499 2093 1609 2149 notatos
1639 2101 1708 2150 erut
1727 2109 1829 2162 unam,

112 2175 177 2228 nuri
191 2175 223 2229 in
237 2177 355 2246 smera,
371 2179 419 2249 qui
433 2179 470 2235 od
486 2183 668 2238 tentationem
695 2183 770 2238 cobis
799 2190 845 2249 nt,
861 2184 943 2255 quusi
999 2181 1128 2235 aseendit
1142 2182 1239 2237 contra
1253 2197 1318 2236 earn
1337 2198 1387 2239 rec
1409 2181 1511 2253 Syriae,
1535 2183 1665 2255 venitque
1679 2183 1711 2239 in
1722 2181 1830 2244 iudom

111 2263 295 2334 otr'quidncui
305 2267 380 2322 vobis
393 2272 550 2341 eontinpuu
566 2272 612 2327 seat
620 2275 851 2329 communicantes
863 2272 942 2330 Cbrt·
998 2271 1024 2324 et
1033 2270 1199 2337 Jerusalem,
1216 2271 1393 2341 etiamsed!
1408 2280 1517 2329 cunctos
1526 2272 1668 2346 principes
1680 2273 1787 2344 pettit,
1798 2275 1828 2331 et

112 2356 151 2409 ati
164 2356 339 2424 passioribus
347 2358 480 2429 pendete.
491 2359 507 2415 J
510 2361 620 2416 acubus
631 2361 719 2417 ctiam
729 2362 879 2434 apostolus
892 2365 942 2419 do·
997 2360 1155 2415 universum
1167 2359 1291 2431 praestum
1301 2363 1439 2417 aruerunt
1452 2361 1696 2431 repentinorum.
1711 2363 1746 2418 ln
1761 2362 1828 2424 Ioue

116 2447 162 2499 oet
177 2444 279 2501 dicens
295 2463 302 2501 :
321 2446 548 2520 Omnepnudtum
562 2452 730 2518 existimate,
755 2452 859 2525 [ratres
874 2455 940 2521 mei,
996 2463 1102 2520 quoquc
1117 2449 1305 2519 ignominioso
1318 2458 1500 2507 emouerent
1522 2450 1633 2524 judicio
1655 2459 1681 2508 et
1695 2451 1828 2513 obeuntes

118 2549 181 2587 cum
204 2536 236 2590 in
265 2541 430 2595 tentationes
457 2543 549 2597 curios
562 2541 715 2597 incideritis
729 2543 843 2598 scientes
871 2541 941 2614 quod
996 2537 1163 2595 dimiserunt
1177 2555 1240 2595 enm
1254 2542 1284 2595 in
1305 2539 1487 2612 tonpuoribus
1513 2542 1631 2611 mopnir.
1660 2540 1701 2599 Ex
1716 2538 1825 2612 quibus

113 2623 244 2694 probatio
257 2624 432 2697 fideivestrae
453 2632 616 2701 patientiam
645 2632 940 2703 operntnr‚potientio
996 2627 1134 2683 omnibus
1149 2629 1252 2685 sentiri
1264 2629 1350 2696 valet,
1367 2630 1437 2700 quia
1453 2645 1539 2686 nemo
1553 2633 1604 2685 aut
1631 2628 1748 2687 virtutis
1772 2633 1824 2686 aut

111 2715 206 2766 cutm
221 2729 288 2784 opus
300 2718 454 2786 perfectum
468 2719 549 2775 babet
563 2727 595 2775 ut
606 2721 667 2775 sitia
688 2722 806 2792 perfecti
817 2725 844 2776 et
868 2720 938 2777 inte·
996 2715 1149 2787 dignitatis
1160 2718 1285 2789 nliqu’us
1294 2717 1821 2784 excellentiasublimatusmortilere

111 2801 166 2872 pri,
183 2803 214 2856 in
228 2804 307 2860 nntto
320 2805 486 2876 deficientes.
504 2808 575 2864 Item
592 2808 743 2882 apostolus
757 2809 835 2865 idem
847 2809 937 2865 dicit:
996 2806 1140 2877 superbie
1151 2807 1266 2864 ruinam
1283 2809 1395 2880 absquo
1406 2824 1513 2881 magno
1523 2807 1696 2865 contritione
1707 2808 1819 2866 evadet.

111 2890 211 2945 Beatus
225 2894 270 2948 vir
284 2896 333 2964 qui
343 2896 439 2965 auffert
449 2899 638 2962 tentationem,
654 2901 939 2970 qrvonicnaeurnpro-
995 2897 1049 2951 Sed
1066 2897 1211 2953 et’beatus
1226 2897 1334 2954 Paulus
1349 2898 1403 2954 boc
1415 2901 1578 2965 attestatur,
1595 2897 1646 2970 qui
1666 2897 1820 2971 patefactis
1915 2910 1926 2935 ⁸

110 2979 189 3036 octus
204 2984 301 3053 tuerit,
318 2988 433 3056 occipiat
446 3003 578 3043 coronam
594 2989 667 3054 viia,
684 3005 767 3060 quom
781 2989 941 3058 repromisit
997 2985 1175 3065 quibusdam
1194 2986 1353 3044 virtutibus
1368 2988 1424 3044 sibi
1441 2985 1590 3043 concessis
1604 2985 1820 3061 subjungit,di·

117 3073 191 3126 Dens
205 3072 386 3143 ditipenttbus
399 3092 437 3131 se.
454 3076 526 3133 Hinc
541 3081 570 3134 et
585 3077 693 3134 Paulus
709 3078 860 3150 apostolus
879 3078 938 3133 ait:
997 3090 1066 3130 oens
1083 3092 1089 3129 :
1106 3076 1139 3132 Et
1163 3093 1199 3133 ne
1218 3076 1378 3145 mapnitndo
1405 3077 1604 3135 revelationum
1632 3076 1745 3134 centur
1763 3091 1819 3149 me,

121 3158 278 3218 Gloriomur
292 3165 322 3218 in
337 3165 695 3233 tribulationibus,seico-tes
709 3167 781 3239 prend
797 3168 941 3224 tribulatio
998 3162 1079 3220 dotus
1093 3168 1132 3220 eat
1145 3167 1216 3220 mihi
1236 3166 1363 3223 stimulos
1377 3168 1468 3223 cornia
1493 3181 1565 3225 mete
1578 3165 1693 3238 necetur
1711 3164 1822 3222 soona

116 3252 280 3319 potientium
304 3263 443 3325 operatur,
459 3258 595 3327 patientia
623 3267 714 3313 autem
739 3260 939 3329 probationem.
957 3218 979 3285 C
999 3257 1029 3307 ut
1044 3270 1088 3308 me
1098 3254 1261 3323 colaphiset.
1278 3256 1307 3311 Si
1322 3255 1400 3311 enim
1421 3259 1522 3312 tantus
1540 3256 1585 3313 vir
1613 3252 1743 3311 stimulis
1757 3252 1822 3312 ideo

112 3340 242 3413 probato
256 3358 318 3399 vero
332 3360 419 3414 apen,
430 3361 489 3416 apes
502 3350 597 3402 cutem
610 3363 665 3402 ron
674 3347 941 3418 confundifflujus-
998 3343 1187 3424 premebatur
1201 3343 1379 3408 carnalibus,
1398 3361 1434 3398 ne
1448 3361 1500 3415 pro
1525 3341 1673 3400 concessis
1701 3340 1822 3398 extolle-

115 3431 198 3486 modi
215 3447 284 3503 ergo
298 3433 472 3490 documcnta
487 3439 515 3490 et
530 3436 644 3491 inNovo
655 3436 722 3491 etin
734 3437 941 3492 VeteriTesta·
997 3433 1078 3484 retur
1091 3430 1260 3496 virtutibus,
1277 3435 1401 3503 numano
1417 3431 1469 3486 tibi
1484 3448 1559 3502 opus
1583 3433 1629 3486 est
1649 3428 1750 3503 aliqua
1767 3429 1822 3486 ad-

115 3522 220 3573 mento
232 3517 519 3578 inveniunturmulta
531 3542 537 3580 :
548 3523 942 3596 quibussijugiterintendis
996 3518 1135 3576 versitate
1149 3519 1278 3593 fatigari,
1292 3537 1328 3576 ne
1343 3520 1378 3577 de
1403 3518 1545 3592 perceptis
1573 3517 1722 3576 beneflciis
1748 3534 1822 3592 prn-

115 3623 173 3662 non
187 3606 285 3663 solum
295 3609 471 3666 tentationes
479 3611 624 3683 quaslibet
633 3612 819 3668 advenientes
827 3613 942 3672 facilius
998 3624 1100 3664 sumat
1113 3607 1260 3681 gloriari?

117 3695 257 3765 devincis,
273 3699 323 3753 sed
344 3701 373 3753 et
385 3700 505 3768 majoris
530 3700 728 3774 intelligentia
745 3702 823 3757 dona
839 3718 941 3757 conso·
1034 3697 1126 3762 Ouum
1142 3698 1179 3754 ob
1195 3713 1258 3754 rem
1271 3698 1428 3771 perpende,
1445 3714 1554 3771 queso,
1574 3694 1749 3755 tentationis
1762 3698 1819 3753 tue

117 3787 226 3857 queris.
245 3787 291 3847 Vir
303 3790 425 3852 enimmt
439 3789 579 3863 scriptum
596 3793 688 3855 estin
702 3792 797 3847 inritis
812 3795 942 3862 expertus
998 3803 1116 3843 causam
1133 3790 1161 3843 et
1174 3787 1319 3852 ordinem,
1334 3784 1484 3843 exordium
1499 3789 1528 3842 et
1552 3785 1653 3852 tinem,
1668 3787 1702 3840 ut
1733 3800 1822 3857 agno·

116 3876 350 3943 cancromata
366 3895 376 3937 ,·
391 3886 417 3933 et
432 3881 480 3951 qui
491 3881 581 3936 mutto
594 3880 832 3940 didicitncrrobit
846 3880 941 3936 intelt-
997 3892 1078 3932 scere
1090 3875 1248 3948 possis,cui
1263 3880 1413 3948 postremo
1428 3873 1565 3933 amariori
1577 3888 1666 3947 quam
1682 3872 1823 3948 primitus

116 3966 199 4018 ctum
210 3964 301 4036 Cujus
316 3965 451 4023 videlicet
461 3969 501 4024 rei
511 3968 651 4025 indicium
667 3969 698 4025 in
709 3969 863 4041 temetipso
880 3985 943 4041 pro·
998 3968 1027 4020 et
1040 3963 1103 4033 ille,
1118 3981 1207 4036 quem
1223 3968 1254 4020 tu
1270 3963 1418 4021 insolitem
1435 3963 1543 4023 vocasti
1558 3962 1761 4030 tentationem,
1774 3977 1822 4018 ve-

117 4052 187 4108 hare
202 4053 292 4125 vales,
309 4055 449 4126 quio,nisi
462 4056 542 4113 varia
556 4058 752 4114 tentationum
769 4057 942 4114 molestiaet
997 4057 1085 4111 xatus
1100 4053 1244 4139 tuerisln
1260 4054 1363 4126 primis
1379 4069 1507 4126 namque
1521 4052 1587 4111 ideo
1604 4049 1765 4108 levioribus
1779 4067 1824 4108 so·

117 4144 378 4201 curaoxercitatus
398 4161 487 4213 esses,
515 4163 642 4220 nequam
672 4152 754 4204 tanta
778 4146 941 4219 Scriptura·
997 4143 1117 4216 litisque
1146 4143 1309 4216 permissus
1336 4159 1368 4199 es
1399 4140 1516 4216 fatigari
1544 4139 1767 4214 tentationibus,
1791 4143 1825 4196 ut

118 4249 184 4288 rum
198 4234 376 4291 documenta
392 4239 443 4291 aut
456 4235 626 4293 testimonia
637 4241 762 4293 tractare
777 4235 943 4292 studuisses
999 4233 1084 4305 quasi
1099 4249 1150 4304 per
1165 4232 1275 4306 gradus
1291 4233 1436 4305 quosdam
1451 4230 1486 4287 ad
1504 4230 1609 4287 altiore
1624 4227 1766 4302 paulatim
1777 4244 1824 4286 aa·

118 4320 206 4378 Plora
219 4323 329 4397 quippe
344 4324 426 4396 prius
441 4324 591 4399 incognita
605 4326 668 4397 jam
689 4325 871 4399 indagationi
884 4329 943 4381 tuae
997 4323 1137 4379 conderes
1152 4325 1181 4378 et
1195 4321 1323 4378 disceres
1338 4320 1475 4394 congredi
1492 4318 1747 4395 quandoquocum
1760 4332 1825 4393 gra·

117 4416 188 4468 sunt
203 4417 343 4470 reserate.
865 4428 868 4433 ·
997 4410 1140 4468 vioribus.
1156 4412 1211 4467 Sed
1227 4427 1295 4467 cum
1311 4409 1414 4465 intem
1432 4407 1486 4465 levi
1503 4411 1532 4464 et
1553 4411 1716 4482 temperata
1729 4405 1825 4478 impu·

153 4499 229 4557 Illud
244 4504 852 4576 quoqucsummoperenotandumtibiest
863 4501 941 4575 quia,
999 4500 1138 4575 guntione
1158 4499 1376 4572 aliquantulum
1406 4496 1572 4570 proficiens,
1602 4511 1636 4551 ea
1658 4491 1824 4593 quaeinte

117 4588 141 4646 si
157 4589 270 4663 absque
284 4592 444 4648 tentatione
459 4595 488 4648 ct
501 4591 691 4649 tribulatione
705 4592 805 4665 aliqua
829 4591 941 4649 diutius
955 4593 980 4660 D
996 4589 1091 4663 gratia
1107 4605 1172 4645 mea
1187 4589 1373 4661 operabatur,
1404 4586 1503 4659 magis
1531 4601 1564 4640 nc
1593 4581 1687 4656 magis
1710 4580 1822 4637 viribus

114 4680 941 4754 remaneres,graviuspericulosiusquedebeneilciorum
997 4678 1171 4750 meritisque
1186 4677 1246 4734 tuis
1262 4676 1438 4733 attribueres
1455 4692 1462 4741 ;
1479 4673 1509 4728 in
1540 4671 1630 4728 telem
1660 4669 1821 4733 tutandam

118 4784 251 4825 meorum
264 4768 402 4842 largitate
417 4770 611 4843 superbiendo
636 4770 856 4843 caderes,quam
872 4787 940 4826 cum
998 4767 1120 4840 permisi
1146 4766 1339 4823 tentationem
1374 4764 1533 4826 incurrere,
1563 4758 1822 4834 cujusimpugna-

119 4856 941 4932 sceleribuscmnimodisquondamdeditusesses.0uan·
998 4855 1088 4913 tionis
1104 4855 1307 4927 magnitudine
1323 4854 1491 4925 depressus,
1513 4865 1686 4923 agnosceres
1699 4847 1745 4905 cui
1759 4847 1821 4905 ins·

120 4947 491 5005 toenimexcellentioribus
501 4948 753 5020 quisquedotatur
763 4946 942 5016 donis,tnnto
996 4949 1107 5003 tantem
1126 4943 1282 5007 deiectum,
1294 4944 1322 4998 et
1336 4941 1384 4998 cui
1399 4938 1576 5013 preteritum
1592 4953 1767 5010 omnemque
1780 4933 1823 4993 la·

121 5034 943 5110 magispulsaturviticelationis.Undectillepraestan-
997 5034 1077 5091 boris
1096 5033 1139 5089 tui
1163 5032 1325 5106 proiectum
1355 5028 1508 5086 debuisses
1537 5028 1821 5126 imputarozacper

122 5112 233 5183 tissima
244 5125 417 5200 angelornm
433 5143 489 5183 non
504 5124 655 5183 sustinens
665 5125 809 5199 dignitam
825 5142 883 5182 sue
894 5124 945 5180 do·
998 5125 1053 5181 hoc
1068 5126 1149 5180 tanto
1164 5121 1269 5179 certior
1282 5121 1318 5177 dc
1332 5118 1431 5194 gratis
1446 5134 1517 5176 mee
1545 5115 1695 5174 beneflciis
1716 5117 1820 5174 existe-

121 5229 201 5285 nnm,
218 5231 252 5271 eo
277 5215 397 5289 gravim
426 5214 622 5290 superbiendo
652 5214 757 5272 cecidit
772 5231 829 5288 quo
850 5212 942 5270 subli-
998 5224 1055 5279 res,
1072 5212 1182 5285 quanto
1198 5208 1298 5266 minus
1313 5207 1349 5264 de
1365 5205 1478 5264 meritis
1493 5205 1554 5263 tuis
1568 5218 1773 5280 presumeret.

119 5304 191 5362 mior
205 5305 317 5364 ceteris
332 5305 453 5366 exstitit.
469 5303 540 5363 Saul
555 5320 684 5378 quoque,
697 5307 732 5361 ut
745 5303 819 5361 liber
829 5303 943 5377 Regum
