3892 6096
109 212 175 277 rsa
459 168 466 175 ⁶
600 192 757 277 clauae.
780 215 832 278 un
853 213 1332 288 rs1cusooasr10u1cus.
1480 234 1483 239 >
1760 229 1821 297 aas
1930 272 1944 293 .

148 343 247 493 ΜὲῙΙίε
259 346 290 403 et
303 341 467 403 dissolutus
480 361 540 403 non
566 345 622 414 vir,
633 347 684 405 sed
706 347 813 408 mulier
826 351 870 408 eat
894 348 939 406 di·
953 360 983 429 A
1030 349 1114 409 salue
1128 355 1173 410 est
1187 352 1312 411 divitum
1325 355 1481 416 subvenire
1495 359 1722 420 necessitatibus
1745 350 1818 437 pau·

111 453 168 495 ceu
191 452 237 492 us.
994 456 1110 512 perum.

149 524 256 583 ldnliar
267 525 342 583 daus
357 539 447 598 opera
460 523 563 582 virtuti
577 525 622 582 vir
635 531 732 599 potest
746 527 815 586 dici.
1031 530 1144 587 Summi
1159 531 1302 606 Principis
1317 524 1446 593 ministri
1460 537 1607 612 imprimis
1631 545 1701 599 sunt
1721 544 1819 617 provi·

148 613 251 672 Militis
266 612 425 686 cujuslibet
434 613 572 672 fortitudo
584 632 642 673 non
653 617 823 690 agnoscitur
837 617 896 674 nisi
910 617 940 673 in
995 619 1094 676 dendi.

110 703 202 763 bello.
1031 706 1175 780 Superbia
1190 709 1252 766 sola
1266 711 1429 784 corrumpit
1443 716 1541 773 omnia
1554 719 1641 777 bona.

147 791 249 851 Nescit
271 807 346 865 pene
360 791 431 865 quid
456 791 539 850 labor
553 793 592 850 sit
606 794 657 867 qui
672 811 824 868 nunquam
840 799 941 854 contra
1031 797 1187 870 Scriptum
1214 816 1303 856 sacre
1328 802 1480 860 meditatio
1508 812 1635 864 mentem
1659 813 1818 874 retrahite

111 881 285 957 spirituales
299 881 447 954 nequitias
462 885 573 939 certare
588 884 712 942 studuit.
995 885 1124 960 cogitatu
1140 887 1236 945 noxio.

147 971 242 1031 Nemo
257 987 289 1029 se
310 974 478 1043 peccantem
504 972 603 1028 credet
621 972 687 1031 ideo
703 973 802 1031 minua
817 974 941 1047 punien-
1030 975 1128 1031 Tenea
1141 975 1185 1032 vel
1200 977 1340 1050 prodigus
1353 978 1488 1054 nimium,
1506 986 1593 1041 ambo
1608 986 1637 1042 in
1654 1005 1746 1046 unum
1771 991 1819 1047 ni·

111 1063 185 1120 dum
200 1061 278 1135 quod
293 1059 513 1117 multitudinem
528 1060 660 1118 imitetur
674 1062 868 1136 peccantium.
996 1063 1124 1121 mietatis
1140 1066 1293 1123 confluunt
1306 1067 1421 1125 vitium.

148 1150 269 1209 Nullum
285 1152 401 1207 constal
415 1149 528 1206 malum
550 1167 608 1223 quo
624 1152 701 1209 Deus
717 1168 774 1210 non
790 1155 890 1211 utatur
904 1151 940 1208 ad
1031 1154 1238 1227 Temperatum
1254 1171 1340 1214 omne
1352 1161 1411 1214 tam
1424 1159 1480 1216 [leo
1491 1177 1580 1234 quam
1591 1162 1762 1227 bominibus
1773 1173 1818 1226 eet

113 1240 236 1315 aliquod
248 1240 373 1297 bonum.
995 1243 1181 1314 acceptabile.

151 1329 334 1405 Negligentia
348 1333 379 1386 et
404 1328 537 1387 otiositas
561 1329 712 1388 bominem
736 1331 773 1388 ad
787 1330 940 1390 interitum
1030 1331 1139 1404 'lepide
1154 1332 1283 1391 viventes
1295 1334 1452 1394 christiani
1468 1338 1617 1399 difficilius
1632 1346 1819 1422 corriguntur

114 1421 243 1479 ducunt.
995 1436 1085 1494 quam
1100 1423 1217 1496 pagani.

155 1508 255 1567 Omnis
269 1509 333 1567 dies
346 1506 427 1566 velut
441 1508 564 1567 ultimus
578 1513 751 1569 tractandus
765 1516 819 1569 est.
1029 1511 1135 1568 Tacere
1150 1513 1201 1584 qui
1217 1514 1319 1582 nescit,
1335 1515 1429 1573 nescit
1443 1521 1471 1573 et
1484 1518 1576 1591 loqui.

150 1598 288 1658 Oratione
302 1598 443 1655 continua
458 1604 636 1672 superantur
649 1601 730 1658 vitia.
1029 1599 1130 1656 Viator
1141 1600 1309 1660 illestultus
1320 1605 1425 1678 estqui
1438 1606 1468 1662 ia
1483 1607 1597 1680 itinere,
1609 1628 1725 1671 ammna
1735 1621 1819 1689 prete

148 1687 232 1747 Oculi
257 1687 434 1762 petulantes,
459 1688 556 1746 cordis
570 1688 711 1749 luxuriosi
726 1694 797 1748 sunt
811 1691 940 1765 prodito·
956 1689 1189 1805 Bconspiciens,
1201 1691 1381 1761 obligiscitur
1392 1711 1449 1767 quo
1463 1698 1582 1755 tendere
1597 1700 1781 1775 disponebat.

112 1783 203 1838 tom,
1033 1778 1086 1834 Ubi
1103 1795 1160 1835 uon
1176 1784 1221 1836 est
1233 1779 1323 1838 timor
1336 1782 1400 1851 Dei,
1416 1783 1457 1840 ibi
1473 1801 1596 1858 ragnum
1612 1794 1734 1862 peccati.

149 1868 244 1943 Opere
258 1866 367 1925 melius
383 1884 473 1941 quam
486 1868 584 1926 verbis
606 1869 684 1926 Deus
711 1870 886 1943 predicatur
914 1875 943 1928 et
1030 1867 1131 1924 Victus
1146 1869 1182 1925 ab
1198 1886 1256 1926 uno
1271 1870 1402 1942 quolibet
1414 1873 1485 1930 vitio
1500 1875 1556 1932 cito
1572 1876 1681 1935 labitur
1696 1881 1725 1937 in
1751 1881 1821 1941 alia.

114 1959 263 2017 landatur.
1031 1956 1139 2014 Valens
1153 1958 1278 2016 retinere
1292 1961 1449 2019 sanitatem
1465 1964 1577 2023 nullius
1592 1966 1712 2027 irrideat
1736 1970 1819 2029 intir-

150 2047 242 2105 Poeiti
259 2048 291 2104 in
316 2046 429 2105 deliciis
453 2047 601 2105 attendere
617 2053 767 2122 nequeunt
781 2054 892 2124 quantu
904 2050 943 2108 sit
996 2047 1141 2104 mitatem.

115 2153 200 2212 pasus
213 2136 363 2212 perennis.
1033 2136 1113 2194 Ultra
1127 2138 1247 2194 modum
1262 2144 1333 2197 sunt
1348 2141 1529 2215 delicatiqui
1546 2145 1627 2204 nulls
1641 2149 1762 2208 adversa
1772 2167 1819 2210 vo·

152 2226 291 2284 Parentes
305 2226 337 2282 in
364 2230 482 2283 tantum
497 2225 638 2300 diligendi
653 2230 724 2284 suut
737 2232 766 2284 et
779 2227 942 2285 honorandi
995 2225 1061 2282 lunt
1075 2225 1146 2298 pati.

115 2320 261 2391 qnantum
272 2314 316 2372 illi
331 2315 455 2388 subjecti
470 2320 541 2373 sunt
554 2332 671 2374 summo
687 2317 776 2373 Patri.
1241 2353 1414 2412 EPILOGUS
1434 2357 1560 2416 OPERIS

149 2406 304 2462 Peccatum
321 2406 439 2478 peccato
455 2403 601 2477 adjicitur,
617 2420 685 2461 curn
701 2404 730 2460 id
746 2404 824 2477 quod
838 2404 942 2478 nequi·
1563 2400 1570 2415 ‘

114 2498 162 2552 ter
173 2498 291 2569 gestum
310 2498 356 2550 cst
371 2493 505 2567 nequiter
518 2492 606 2550 stiam
621 2492 798 2551 detenditur.
1032 2494 1122 2552 lsthic
1151 2497 1317 2570 conscripta
1344 2498 1471 2572 legentes
1492 2502 1665 2576 suppliciter
1681 2521 1768 2579 posco
1783 2525 1820 2567 ne

148 2583 274 2641 Plurimi
297 2582 463 2652 infamiam,
486 2581 573 2656 pauci
600 2598 667 2638 vero
696 2586 943 2640 reatusverentur
996 2583 1182 2642 solummodo
1197 2586 1381 2658 superficiem
1396 2589 1822 2664 verborumquaalicubilor·

116 2671 337 2732 conscientiam.
996 2674 1073 2731 sitan
1089 2674 1202 2747 prolata
1216 2679 1287 2731 sunt
1300 2676 1472 2750 incongrue,
1487 2681 1539 2737 sed
1555 2681 1652 2755 potius
1666 2684 1821 2743 attendant

149 2762 204 2831 Qui
225 2778 380 2835 nunquam
396 2761 500 2819 didicit
526 2762 658 2831 subesse,
687 2760 762 2818 nulli
777 2765 874 2835 potest
888 2761 943 2819 rite
997 2763 1103 2821 intima
1113 2764 1336 2832 sententiarum,
1352 2771 1517 2825 scrutantes
1532 2769 1558 2826 si
1584 2788 1643 2844 qua
1663 2772 1695 2829 in
1717 2774 1760 2832 eis
1779 2791 1823 2831 re-

118 2867 255 2925 pressae.
997 2852 1085 2926 periri
1101 2852 1195 2927 possit
1210 2853 1363 2911 edilioatio
1378 2856 1555 2915 animarum.
1571 2859 1646 2926 Quid
1671 2862 1749 2918 enim
1772 2862 1823 2919 illa

151 2941 312 3013 Quousque
326 2939 442 2998 homini
457 2956 516 2997 non
530 2938 686 3012 displicent
701 2939 778 2997 mals
788 2957 806 2997 a
816 2939 943 3012 selecta,
997 2942 1117 3016 prodest
1129 2941 1223 3013 lectio,
1239 2943 1270 3000 in
1285 2959 1344 3017 qna
1357 2943 1456 3018 legens
1472 2945 1546 3003 nibil
1562 2947 1641 3005 uliud
1658 2951 1768 3020 studet,
1780 2952 1823 3009 ni·

123 3035 244 3104 mgnent
257 3030 287 3087 in
302 3047 335 3088 eo
348 3030 428 3087 vitia.
999 3030 1043 3087 bit
1070 3031 1235 3105 investigat,
1252 3033 1309 3089 nisi
1337 3037 1370 3090 ut
1397 3036 1569 3109 scriptorem
1589 3038 1634 3094 vel
1649 3039 1822 3098 dictatorem

152 3119 221 3184 Quas
235 3119 365 3193 quisque
377 3118 449 3176 velit
462 3121 571 3176 metere
586 3118 669 3192 prius
688 3119 774 3176 debet
788 3119 943 3178 seminare.
959 3114 981 3182 G
1000 3119 1202 3192 reprehendat,
1219 3121 1304 3193 qussi
1320 3122 1383 3195 ipse
1397 3127 1484 3180 tants
1504 3125 1543 3182 sit
1557 3127 1685 3184 scientie
1702 3134 1734 3184 ut
1757 3146 1822 3187 om·

153 3210 303 3275 Quantum
318 3209 385 3282 quis
400 3208 431 3264 in
445 3207 611 3265 humilitate
626 3208 781 3281 profecerit
803 3213 833 3267 et
861 3209 945 3267 casti·
999 3209 1048 3265 nia
1062 3209 1157 3281 possit
1170 3210 1404 3282 reprehendere?
1420 3211 1592 3284 hujusmodi
1617 3216 1708 3288 igitur
1731 3217 1823 3273 lector

125 3301 188 3370 tate,
200 3302 321 3355 tantum
336 3297 395 3354 Deo
409 3297 668 3371 appropinquabit.
999 3313 1058 3370 quo
1069 3295 1210 3369 plusaliis
1221 3301 1304 3369 parat
1314 3298 1550 3369 reprehensionis
1560 3302 1682 3369 foveam,
1691 3319 1724 3358 eo
1735 3304 1823 3360 citius

152 3386 238 3443 ilatio
252 3386 385 3443 bumana
399 3389 471 3457 quot
496 3387 639 3460 perversis
662 3386 888 3460 cogitationibus
903 3403 946 3444 re·
999 3385 1063 3457 ipse
1089 3382 1193 3441 incidit
1221 3383 1251 3439 in
1278 3383 1370 3455 illam,
1391 3389 1493 3458 raptus
1516 3387 1650 3445 videlicet
1673 3390 1771 3448 subito
1792 3392 1823 3447 in

125 3475 237 3543 nititur,
253 3477 299 3530 tot
313 3490 431 3532 coronas
445 3474 578 3533 coelestes
592 3480 783 3549 promeretur.
999 3473 1157 3547 reprobum
1186 3487 1306 3531 sensum
1333 3489 1391 3545 quo
1420 3474 1558 3533 seductus
1582 3480 1634 3534 aut
1646 3482 1757 3536 secreto
1773 3483 1825 3536 aut

152 3564 345 3621 Resurrectio
359 3564 452 3638 prims
475 3570 520 3622 ast
540 3581 693 3639 resurgere
716 3582 733 3623 a
754 3564 833 3623 uitiis
849 3565 878 3623 in
891 3566 946 3625 bac
1000 3563 1087 3619 etiam
1102 3560 1217 3635 publice
1232 3560 1350 3634 aliquod
1374 3564 1540 3621 committat
1562 3570 1725 3639 peccatum.
1742 3567 1825 3626 Unde

126 3653 185 3711 rim.
1000 3653 1081 3710 omni
1096 3651 1204 3707 erranti
1215 3651 1296 3724 prius
1307 3653 1472 3725 compassio
1483 3670 1572 3726 quam
1583 3656 1770 3729 reprehensio
1780 3662 1826 3716 est

155 3743 297 3816 Raptores
311 3743 474 3801 alienarum
503 3761 600 3802 rerum
623 3744 682 3819 ipsi
708 3746 882 3819 quandoque
904 3762 947 3802 ra·
1000 3740 1177 3808 adhibenda,
1189 3741 1275 3813 juxta
1289 3740 1361 3796 illud
1374 3740 1525 3814 Apostoli:
1540 3744 1606 3813 Quia
1621 3745 1826 3816 infirmatur,et

131 3830 286 3903 pienturad
302 3832 466 3892 interitum.
1001 3846 1050 3903 epo
1077 3845 1132 3887 con
1161 3829 1309 3900 infirmor?
1328 3830 1365 3903 (ll
1388 3831 1449 3888 Cor.
1475 3834 1516 3904 x.)
1539 3834 1573 3890 lit
1600 3834 1707 3890 iterum
1724 3853 1731 3891 ι
1747 3834 1826 3893 Alter

158 3921 281 3995 Reprobi
296 3922 328 3978 in
342 3923 399 3981 boc
411 3922 518 3981 seculo
534 3923 696 3999 fatigantur
706 3920 859 3979 desideriis
874 3925 903 3978 et
915 3920 946 3978 iu
1000 3919 1118 3977 siurim
1131 3935 1217 3976 onero
1228 3922 1345 3991 portate,
1360 3930 1387 3977 et
1399 3921 1439 3977 sic
1447 3921 1634 3995 odirnplctitis
1648 3923 1735 3994 legem
1745 3924 1825 3982 Chri·

132 4007 221 4069 loturo
234 4013 401 4070 tormentis.
1000 4012 1038 4066 sti
1052 4008 1185 4083 (Gotvr).

341 4338 515 4402 ornuottr
538 4336 680 4402 SUMMA
702 4336 907 4400 eteroscii
928 4336 981 4399 ub
1002 4335 1214 4407 ursruulls
1236 4336 1388 4399 NUblllltl
1410 4337 1612 4402 euersuri.

677 4498 795 4573 θααπτα
810 4496 887 4560 bonu
901 4497 932 4560 io
947 4497 1081 4560 orbitate
1095 4496 1279 4558 consistant?

164 4660 331 4731 Agnoscens
345 4675 433 4716 omne
447 4659 558 4717 bonum
586 4659 617 4715 ia
633 4658 764 4715 trinitate
779 4658 949 4723 consistere.
964 4658 988 4724 D
1003 4657 1054 4714 diu
1071 4657 1106 4713 ed
1126 4656 1274 4713 Christum
1302 4656 1423 4713 minime
1443 4657 1575 4714 conversi
1590 4656 1744 4715 fuerimus.
1755 4658 1827 4715 'l'res

136 4744 222 4801 studui
235 4747 402 4820 explanare,
415 4764 472 4821 quo
483 4749 697 4805 modotantum
708 4747 819 4803 bonum
830 4744 950 4820 agnosci
1004 4761 1121 4818 quoque
1138 4745 1320 4801 diversitates
1335 4746 1365 4801 in
1383 4746 1464 4801 omni
1493 4750 1627 4803 creature
1649 4745 1826 4804 consistunt.

137 4834 286 4903 possitSed
296 4837 445 4912 imprimis
460 4837 618 4895 dicendum
635 4836 712 4910 quod
723 4835 811 4893 etiam
820 4836 950 4910 primum
1004 4837 1063 4891 Aut
1077 4835 1156 4891 enim
1171 4837 1216 4891 cst
1230 4834 1392 4902 rationalis,
1401 4838 1435 4890 ut
1447 4835 1542 4908 augeli
1552 4839 1581 4892 et
1595 4835 1683 4893 bomo
1695 4854 1702 4905 3
1714 4835 1758 4892 vel
1768 4835 1829 4892 aui·

138 4926 212 4991 estet
225 4942 380 4984 summurn
390 4927 564 5001 cunctisque
573 4925 710 4984 fidelibus
721 4926 848 4983 maxime
858 4927 951 4981 alten·
1005 4922 1247 4995 malie,utomnia
1258 4939 1322 4996 qua
1335 4922 1406 4979 lletu
1421 4923 1502 4979 vitali
1514 4922 1578 4981 sine
1593 4922 1704 4981 ratione
1714 4924 1830 4997 potiun-

138 5008 261 5073 dendum.
283 5017 317 5073 In
332 5016 429 5074 tribus
443 5032 571 5090 namque
583 5016 727 5089 personis,
742 5013 845 5083 Patris,
860 5017 889 5070 et
903 5012 949 5068 Fi·
1003 5017 1072 5082 tur;
1090 5017 1142 5069 aut
1157 5000 1293 5068 neutrum
1309 5011 1432 5081 habeus,
1445 5016 1478 5069 ut
1492 5012 1605 5086 lepidas
1619 5019 1649 5070 et
1664 5013 1792 5070 arbores.

137 5095 173 5172 lii,
185 5107 210 5158 et
226 5105 353 5178 Spiritus
365 5106 469 5176 suncti,
488 5104 617 5162 Trinitas
630 5120 748 5161 summa
757 5101 906 5171 consistit;
922 5104 951 5158 et
1041 5103 1180 5159 ltemtres
1191 5106 1261 5158 sunt
1272 5100 1564 5173 gradussanctitatis.
1573 5102 1689 5159 Primus
1698 5102 1828 5174 quidem,

138 5189 225 5250 minda
239 5196 451 5253 omnebonum
465 5195 578 5268 incipit.
591 5192 701 5250 Deinde
714 5209 782 5250 vero
792 5192 850 5249 alia
864 5191 950 5265 cupio
1005 5191 1056 5263 qui
1070 5195 1098 5246 et
1113 5189 1271 5259 maximus,
1287 5194 1426 5247 constans
1441 5192 1471 5246 in
1486 5191 1545 5247 vita
1559 5188 1693 5263 virginali
1706 5208 1713 5258 ;
1725 5205 1828 5246 secun-

136 5280 261 5355 profarre,
277 5285 308 5341 in
323 5285 433 5358 quibua
448 5284 566 5342 trinitas
581 5282 681 5356 alique
691 5282 781 5339 simul
791 5280 948 5338 invenitur.
1004 5280 1070 5351 dus,
1085 5280 1115 5335 in
1129 5277 1239 5335 viduali
1255 5304 1263 5348 t
1278 5277 1394 5347 tertius,
1409 5278 1440 5335 iu
1456 5277 1614 5352 conjugali.
1881 5338 1888 5367 Ι

136 5365 604 5449 Internarioquippenumeroad
620 5371 779 5446 imaginem
795 5370 951 5428 Deirelor·
1040 5370 1112 5426 item
1127 5373 1185 5426 tres
1199 5372 1269 5425 sunt
1281 5367 1439 5441 qualitates
1454 5368 1603 5426 bominem
1619 5383 1683 5440 qua
1698 5384 1750 5441 per
1772 5386 1827 5426 nu·
1911 5410 1914 5414 .

136 5472 251 5536 mansur,
268 5464 320 5536 qui
335 5480 388 5537 per
398 5464 487 5538 primi
503 5462 633 5538 parentis
648 5465 802 5535 peccatum
812 5458 888 5530 lapsi
903 5475 950 5515 eu·
1005 5474 1118 5515 merum
1129 5458 1362 5531 distinguuntur.
1372 5456 1748 5530 Quarumprimaconaistit
1756 5457 1786 5513 in
1795 5473 1828 5516 eo

131 5551 230 5610 nusiu
242 5552 392 5614 binarium
402 5573 409 5629 ;
419 5554 449 5614 in
460 5557 590 5629 quotam
600 5551 651 5610 diu
661 5550 841 5610 iuberemus
856 5564 949 5626 quan·
1003 5563 1126 5606 numero
1147 5546 1199 5623 qui
1214 5545 1354 5606 dividitur
1368 5544 1553 5606 solummodo
1568 5544 1777 5630 internarium
1797 5551 1830 5605 ut
