3892 6096
166 293 208 358 d'l
670 281 841 350 oratoru
865 277 1042 351 Moblclss
1066 284 1098 348 S.
1121 283 1369 350 bMMueeMtss
1834 286 1874 351 68

171 427 265 502 possit
279 438 410 498 arguere,
425 421 449 478 si
464 419 534 494 quid
549 421 646 493 inepte
659 419 702 477 vel
716 419 824 476 incerte
836 419 991 489 [ceddren.
1008 418 1106 488 Anon
1123 436 1184 491 quae
1201 419 1239 474 sit
1259 436 1366 487 massa,
1390 419 1441 475 sed
1466 418 1562 491 qualis
1584 417 1622 475 sit
1646 419 1758 491 artifex,
1783 437 1818 477 ex
1835 419 1876 481 'ea

171 518 291 586 inrecte]
308 511 492 587 proterimus,
501 509 580 566 omni
594 509 706 566 bomini
722 508 843 565 meliora
858 508 993 565 sentienti
1049 509 1120 582 quid
1136 509 1466 575 lacturusattendentes
1480 508 1588 566 credite
1604 509 1672 581 quia
1686 510 1807 584 mcq'oris
1820 528 1874 584 po-

172 607 206 663 ad
223 602 439 661 emendandum
455 616 509 656 nos
524 599 708 671 subjicimus.
724 597 847 654 Videtur
868 614 994 670 namque
1048 598 1148 654 tentia
1164 603 1208 655 est
1222 615 1256 654 ex
1271 598 1358 654 rebus
1372 598 1482 656 indmis
1495 599 1623 656 maxima
1637 615 1725 670 quam
1749 615 1784 655 ex
1811 617 1874 658 ma-

171 695 274 750 divinae
289 691 391 765 gratiae
406 689 508 746 merito
523 689 707 744 referendum
721 687 865 759 quidquid
878 687 994 759 pietatis
1047 688 1114 759 gnis
1129 689 1226 745 lacere
1239 704 1355 761 magna.
1373 688 1419 744 Sic
1445 693 1474 744 et
1498 688 1618 759 majoris
1642 694 1686 745 esi
1710 688 1872 746 clementia

171 782 613 855 excogitaripotestactumerga
623 794 715 850 genus
726 775 994 840 humanumomd-
1048 792 1185 848 magnam
1206 793 1297 848 quam
1322 793 1440 850 parvam
1465 776 1547 849 lapso
1572 776 1719 834 dimittere
1741 778 1872 852 culpam.

170 871 240 945 quid
257 875 353 927 autem
371 867 532 924 severitatis
546 870 575 923 et
589 866 779 922 districtionis
790 865 902 936 judicio
917 869 993 920 Deus
1048 865 1090 920 dd
1106 864 1167 920 baec
1182 866 1269 920 etiam
1285 866 1456 941 perpendite
1471 866 1541 937 quia
1555 882 1674 922 necesse
1695 871 1739 923 est
1764 868 1795 924 in
1819 869 1873 925 ali·

170 963 199 1017 in
217 960 327 1017 mundo
342 957 487 1024 statuerit,
495 972 553 1011 non
568 958 602 1010 ut
616 954 646 1010 in
663 954 716 1010 hoc
732 952 895 1009 delectetur
908 952 993 1024 quasi
1047 970 1105 1027 qno
1120 954 1236 1027 probari
1251 960 1424 1026 argumento
1448 954 1518 1026 quid
1544 955 1579 1010 de
1603 955 1666 1012 suis
1690 957 1804 1014 meritis
1833 959 1874 1017 sit

171 1048 307 1117 crudelis,
325 1048 375 1104 sed
392 1049 424 1101 ut
438 1046 503 1116 ejus
523 1045 617 1117 gratia
641 1047 669 1098 ει
692 1043 821 1116 petentia
843 1047 992 1114 appareat,
1045 1041 1177 1099 homost
1192 1043 1261 1116 quid
1277 1044 1312 1099 de
1328 1043 1546 1116 gratiaedivinae
1562 1044 1648 1100 dono.

170 1143 315 1197 statutum
331 1137 426 1207 credo,
443 1136 513 1207 quia
523 1132 628 1205 judicii
653 1132 716 1187 sine
742 1131 936 1204 oppositione,
961 1133 994 1186 ut
1379 1152 1496 1204 cgpmr
1513 1153 1547 1206 v,

169 1247 259 1302 sulm
273 1228 386 1283 dlsslum
401 1227 456 1293 est,
473 1222 554 1279 nun&
567 1221 660 1296 ssffllil
673 1221 750 1278 lam
764 1236 913 1294 appllere·
1046 1238 1078 1293 ln
1096 1240 1208 1310 peceato
1230 1239 1364 1308 eripienti
1386 1241 1460 1309 secto
1484 1238 1605 1297 bominis
1619 1242 1765 1304 meritum:
1779 1245 1810 1299 in
1824 1244 1872 1301 di-

206 1323 244 1374 Ut
258 1333 325 1389 erge
342 1319 370 1371 et
384 1330 438 1370 nos
452 1313 576 1386 gratiam
592 1309 795 1382 judiciumque
822 1308 872 1365 Dei
897 1309 992 1381 possi·
1159 1311 1242 1366 misso
1256 1311 1361 1367 divinae
1372 1312 1485 1382 pietatis
1497 1311 1600 1367 denum
1611 1312 1754 1387 probatur.

170 1424 237 1463 mus
254 1405 438 1474 aliquatenus
453 1402 611 1465 attendere,
627 1399 811 1454 conferamus
832 1402 992 1471 utrumque
1082 1405 1295 1472 Argumentum
1309 1405 1405 1455 nutem
1421 1399 1480 1455 tale
1494 1405 1644 1472 peccatum
1660 1405 1869 1478 constntfftep,

170 1499 200 1553 in
216 1495 346 1569 angelica
361 1499 389 1548 et
402 1492 533 1547 humane
548 1489 723 1544 conditione.
740 1488 770 1543 Si
785 1488 876 1561 igitur
893 1487 928 1543 ad
940 1505 992 1543 en·
1047 1488 1202 1559 monstrnt]
1213 1487 1504 1560 originale,quoniam
1520 1489 1549 1544 in
1564 1490 1618 1545 boc
1633 1507 1693 1546 uno
1708 1492 1871 1567 eodemque

169 1586 292 1659 golionm
308 1581 457 1653 respicias,
475 1579 546 1652 quid
562 1596 595 1635 ea
609 1578 639 1633 in
655 1582 788 1634 creatura
804 1575 992 1649 preclarius?
1046 1577 1187 1648 probatur
1203 1581 1360 1648 utrumque
1377 1593 1384 1632 :
1400 1577 1429 1632 in
1446 1577 1520 1633 lacte
1537 1578 1655 1649 quidem
1671 1579 1801 1639 bominis
1813 1599 1872 1639 me·

168 1679 197 1731 et
209 1680 306 1730 tamen
324 1676 389 1744 post
401 1669 661 1741 trangressionem,
678 1682 730 1721 nec
756 1666 869 1721 veniam
885 1664 992 1720 babere
1046 1664 1135 1720 ritum
1144 1683 1151 1733 ;
1160 1665 1190 1720 in
1202 1664 1324 1721 dimisso
1335 1671 1431 1723 autem
1442 1683 1492 1739 per
1501 1667 1799 1739 baptismumdivinae
1810 1671 1872 1745 pie·
1934 1728 1936 1732 ,

169 1763 277 1820 meruit
291 1777 342 1816 nec
359 1758 521 1830 quidquam
538 1756 618 1824 boni,
632 1755 676 1811 vel
700 1754 773 1811 velle
796 1754 901 1827 potuit,
917 1758 991 1808 atte·
1006 1801 1030 1867 B
1045 1753 1114 1809 tatis
1130 1755 1250 1809 donum.
1267 1753 1331 1810 Haec
1346 1760 1391 1811 est
1405 1755 1496 1828 igitur
1511 1772 1601 1812 cause
1615 1757 1766 1830 originalis
1777 1758 1871 1832 culpan

168 1857 265 1909 stante
280 1851 381 1905 sancto
391 1844 553 1919 Augustino
569 1844 663 1916 qui‚in
678 1843 754 1899 libro
768 1861 816 1898 xiv
831 1849 869 1899 De
884 1844 992 1898 civitate
1046 1843 1149 1899 merito
1165 1844 1327 1916 reputanda
1340 1861 1392 1916 pro
1407 1845 1536 1900 antidoto
1551 1850 1652 1902 contra
1667 1863 1769 1905 omnes
1788 1865 1869 1907 mor-

166 1942 226 2008 oei,
241 1940 282 1995 ite
297 1936 399 1994 scribit
414 1952 420 1990 :
438 1939 559 2007 Propter
582 1932 734 1999 meritum,
761 1932 867 2003 inquit,
889 1933 990 2003 primae
1045 1933 1098 1988 bos
1112 1931 1255 2003 superbire
1271 1948 1345 2004 qua,
1362 1932 1406 1988 vel
1421 1950 1455 1989 ex
1470 1936 1579 1989 neturae
1595 1934 1774 2002 excellentia,
1793 1937 1870 1993 sicut

169 2029 251 2086 mala
261 2025 487 2083 voluntatissua
498 2024 719 2078 itedamnntum
731 2025 818 2092 atque
828 2021 990 2077 obduratus
1045 2025 1074 2076 ει
1088 2020 1200 2101 angelis
1215 2021 1346 2094 contigit,
1363 2021 1406 2077 vel
1421 2038 1456 2078 ex
1470 2026 1607 2078 natorum
1622 2023 1753 2095 prosectu
1769 2025 1869 2082 bomi-

166 2115 339 2190 estangelue
349 2111 856 2184 malusutjamvoluntatembonnm
867 2110 991 2167 ulterius
1045 2109 1133 2165 nibus
1148 2109 1217 2167 oriri
1241 2115 1349 2182 posset,
1374 2110 1445 2182 quia
1468 2109 1636 2181 superbiam
1660 2111 1797 2170 latentem
1825 2113 1869 2170 nil

166 2209 296 2265 haberet.
326 2205 455 2261 Rursum
485 2203 510 2257 si
543 2201 678 2256 humana
716 2200 892 2256 conditionis
921 2200 991 2272 jura
1045 2201 1140 2270 magis
1155 2199 1321 2268 comprimit
1335 2215 1424 2271 quam
1440 2198 1526 2270 culpa
1540 2204 1653 2270 patens.

166 2303 233 2371 post
252 2294 515 2367 transgressionem
540 2290 679 2363 imposita
702 2290 845 2357 attendas,
861 2289 931 2361 quid
956 2306 990 2345 ea
1080 2288 1161 2354 Quod
1179 2288 1204 2343 si
1220 2286 1427 2360 superbiave]
1443 2288 1616 2344 infidelitate
1632 2288 1868 2361 aliquaobcreca·

165 2386 252 2442 vilius
267 2383 429 2456 excogitare
445 2379 552 2452 potest
567 2368 774 2434 Verumtamen
785 2383 851 2451 post
861 2378 988 2450 culpam,
1043 2375 1082 2432 tie
1097 2376 1197 2433 minus
1213 2382 1291 2450 patet
1306 2394 1340 2433 ex
1355 2377 1525 2449 supradicto
1541 2385 1711 2451 argumento
1727 2380 1805 2437 velut
1819 2382 1868 2436 ob.

165 2481 193 2530 et
207 2476 322 2530 veniam
333 2477 362 2526 ot
372 2470 498 2542 eligendi
509 2468 577 2523 boni
590 2467 744 2523 arbitrium
753 2466 860 2523 babere
871 2468 987 2523 meruit.
1043 2467 1214 2538 scuro,quia
1229 2466 1258 2521 in
1274 2482 1333 2521 una
1347 2467 1508 2539 eademque
1521 2483 1562 2538 re,
1575 2472 1604 2522 et
1616 2485 1701 2540 poena
1715 2469 1867 2541 probatur,

164 2565 231 2629 Qua
246 2563 399 2632 utriusque
413 2564 524 2614 natura
538 2555 667 2612 conditio
682 2556 706 2611 si
722 2571 908 2628 summopere
922 2571 989 2610 con·
1042 2558 1071 2610 et
1084 2556 1180 2627 gratia
1195 2555 1300 2623 inesse,
1308 2555 1414 2611 addam
1426 2555 1505 2610 aliud
1518 2561 1725 2629 argumentum
1737 2558 1866 2630 planius.

165 2655 285 2719 lerator,
301 2650 393 2705 altera
405 2649 442 2703 ab
458 2649 549 2703 altere
563 2645 818 2701 declaratur.Nam
834 2646 862 2700 in
876 2644 988 2717 angelis
1041 2643 1123 2698 Multi
1139 2644 1265 2715 denique
1280 2650 1421 2716 vestrum,
1437 2645 1508 2700 dum
1525 2661 1634 2715 servos,
1654 2645 1698 2702 vel
1719 2646 1867 2719 quoslibet

165 2740 456 2815 peccantibus,quam
469 2736 654 2792 tremendum
666 2734 903 2806 horrendumque
909 2735 987 2806 judi·
1042 2733 1098 2788 sibi
1109 2734 1283 2789 commissos
1294 2751 1311 2789 a
1324 2733 1463 2805 nequitiis
1474 2735 1536 2790 suis
1548 2734 1628 2791 nullo
1638 2736 1755 2808 pietatis
1768 2738 1867 2794 mode·

164 2833 242 2887 cium
260 2831 307 2885 Dei
323 2830 361 2884 sit
375 2829 450 2882 valet
464 2824 592 2898 agnosci.
609 2824 641 2879 ln
657 2823 785 2879 hominis
800 2839 866 2879 vero
890 2822 985 2895 culpe,
1041 2823 1153 2877 ramine
1169 2822 1304 2878 cohibere
1319 2826 1453 2896 possunt,
1470 2824 1601 2880 dolentes
1616 2841 1665 2880 eos
1680 2827 1774 2897 perire
1785 2828 1865 2900 peni·

164 2918 299 2993 quamvis
314 2933 399 2989 poena
413 2914 510 2989 gravis
529 2919 557 2969 et
580 2912 737 2968 metuenda
752 2912 906 2977 sentiatur,
923 2929 984 2967 mu·
1040 2914 1151 2976 tus,nut
1167 2912 1362 2978 caecitnteeut
1373 2911 1499 2985 aliqu'us
1509 2913 1632 2968 membri
1644 2914 1864 2974 detruncatione

162 3008 350 3062 ximatarnen
364 3003 464 3078 gratia
480 3006 661 3074 argumenta,
678 3001 702 3055 si
713 3000 826 3071 judicio
850 2998 985 3072 angelicae
1040 3000 1076 3055 ab
1091 3000 1226 3073 inemptis
1252 3001 1424 3073 reprimunt.
1450 3002 1581 3074 itumque
1603 3001 1664 3057 baec
1690 3004 1820 3074 fecerint,
1845 3022 1863 3061 a

134 3138 138 3144 .
162 3102 272 3152 naturae
287 3095 485 3160 conferantur,
500 3091 596 3146 inesse
619 3090 765 3145 videntur.
795 3087 885 3143 Multo
904 3088 984 3145 enim
1040 3089 1153 3145 cunctis
1168 3090 1349 3162 sapientibus
1363 3090 1752 3164 ploseorumsalutisquum
1765 3095 1860 3166 perdi-

162 3185 334 3242 clementius
347 3188 392 3238 est
406 3183 441 3236 ab
457 3178 631 3249 intimis‚ubi
642 3196 708 3251 spes
719 3177 815 3233 omnis
826 3182 871 3234 est
882 3178 981 3244 venia,
998 3174 1019 3243 G
1037 3178 1126 3233 tionis
1141 3195 1230 3234 causa
1247 3180 1348 3236 lenisse
1362 3180 1521 3235 creduntur
1544 3182 1775 3251 attendentibus,
1791 3183 1861 3255 quia

162 3275 337 3330 adsumme
359 3269 519 3344 quemlibet
546 3267 666 3340 provehi
690 3284 779 3338 quam
803 3267 833 3321 in
857 3266 984 3323 summis
1037 3267 1120 3339 juxta
1134 3267 1299 3340 evangelica
1313 3268 1410 3336 verba,
1426 3269 1525 3324 nulius
1538 3273 1577 3325 eat
1593 3269 1628 3325 nd
1642 3272 1727 3326 vitam
1750 3272 1863 3346 ingredi

162 3364 366 3430 constitutum,
383 3360 433 3415 ubi
448 3359 530 3414 locus
545 3356 645 3413 nullus
669 3361 713 3412 est
738 3355 926 3428 peanitentiae,
948 3356 983 3410 ad
1037 3356 1153 3413 debilem
1168 3359 1212 3413 cel
1223 3358 1365 3424 claudum,
1377 3374 1459 3429 quom
1468 3358 1537 3414 dues
1547 3375 1646 3415 monus
1656 3361 1698 3417 vet
1707 3360 1863 3434 decapenta

160 3453 264 3508 infima
278 3451 387 3523 dell⁰l·‘
1038 3447 1182 3503 tacerem
1195 3449 1272 3503 mitti
1285 3449 1313 3503 in
1329 3449 1421 3517 ionem
1436 3452 1572 3505 aeternum
1587 3448 1691 3520 (daut.
1716 3458 1807 3519 xviri).
1831 3452 1861 3506 Si

197 3541 364 3612 derigitur
379 3543 501 3610 utraque
517 3536 739 3592 maximanobis
754 3534 905 3607 pensanda
916 3539 985 3589 sunt
1038 3552 1106 3609 ergo
1117 3537 1187 3592 talia
1205 3537 1292 3593 unius
1307 3538 1429 3593 i'orsitan
1437 3537 1566 3593 bominis
1578 3538 1697 3593 utilitati
1706 3540 1863 3596 consulens

160 3628 327 3684 bumilitate
343 3632 372 3682 et
387 3643 438 3698 pro
454 3625 593 3681 continua
621 3624 723 3678 divina
748 3622 864 3693 pietatis
886 3622 983 3677 conle-
1038 3625 1126 3681 homo
1142 3626 1221 3681 novit
1236 3642 1332 3698 agere,
1349 3642 1437 3698 quere
1458 3627 1548 3683 etiam
1563 3643 1621 3683 non
1636 3643 1682 3682 me
1698 3627 1727 3681 in
1744 3627 1865 3686 bomine

83 3749 87 3753 ·
160 3717 251 3773 reuda
263 3715 474 3781 admonitione,
491 3729 525 3768 ac
541 3711 566 3767 si
582 3711 657 3785 ipsis
670 3711 757 3766 rebus
772 3708 885 3765 collatis
906 3709 984 3764 Deus
1039 3714 1292 3787 primo,sapientia
1306 3716 1476 3773 omnimoda
1491 3734 1508 3772 a
1523 3732 1569 3772 me
1583 3716 1697 3772 imbuto
1712 3720 1740 3772 οἱ
1755 3717 1792 3772 ob
1807 3718 1865 3774 hoo

159 3805 295 3862 homines
309 3804 473 3861 admonens
494 3799 672 3872 loqueretur,
699 3799 798 3854 dicens
815 3815 821 3852 :
839 3799 985 3854 Attendite
1038 3804 1074 3858 ad
1087 3803 1289 3860 inobedientiae
1299 3805 1556 3879 presumptionem
1567 3808 1669 3862 eontra
1678 3822 1725 3861 me
1739 3804 1862 3879 elevate,

159 3894 378 3968 quepeccando
390 3890 539 3947 meruistis
552 3895 581 3946 et
591 3894 736 3961 quantum
749 3893 849 3961 postea
858 3888 983 3960 gratiam
1037 3892 1128 3948 totius
1142 3892 1265 3949 humani
1280 3895 1394 3966 generis
1410 3894 1535 3951 salutem
1552 3896 1724 3967 portendere
1741 3896 1863 3952 arbitre-

159 3984 278 4041 exbibui
292 3982 391 4049 vebls;
407 3987 436 4037 ει
450 3980 475 4037 si
491 3981 551 4036 bae
562 3979 640 4035 'aliae
655 3993 778 4050 pensare
792 3977 984 4048 nequitisan-
1038 3981 1196 4049 mini‚dum
1211 3984 1275 4053 ejus
1291 3983 1442 4056 dignitatis
1458 3989 1571 4057 portem
1587 3985 1746 4057 quamdam
1758 3985 1787 4040 in
1798 3985 1862 4057 ipso

158 4073 244 4146 gelici
260 4078 360 4128 reatus
377 4071 517 4127 ultionem
533 4067 737 4139 recordamini,
753 4067 823 4139 quia
839 4066 983 4138 quidquid
1038 4087 1105 4126 mox
1127 4070 1209 4127 initio
1232 4072 1367 4129 elationis
1392 4077 1544 4146 tantopere
1568 4074 1797 4130 abscindendam
1812 4074 1862 4129 de.

159 4163 228 4220 buic
254 4160 397 4217 dissimile
425 4176 477 4232 pro
506 4158 633 4232 peccatis
657 4157 760 4213 vestris
788 4161 834 4212 est
861 4157 982 4224 lactum,
1037 4160 1133 4215 crevi?
1156 4159 1192 4215 Ut
1215 4161 1293 4217 enim
1319 4161 1447 4218 bominis
1475 4167 1520 4218 est
1545 4163 1652 4219 delicta
1676 4162 1861 4220 solummodo

158 4251 258 4324 gratie
273 4250 459 4307 solummodo
475 4264 545 4304 mee
560 4251 674 4303 constet
693 4245 904 4318 deputandum.
922 4244 983 4300 Illis
1037 4249 1182 4320 preterita
1197 4251 1310 4322 punire,
1328 4251 1369 4307 sic
1387 4252 1434 4307 Dei
1450 4252 1660 4324 omnipotentis
1682 4258 1726 4309 est
1752 4253 1860 4322 lutura,

158 4357 286 4412 nlffiqlffl
301 4345 367 4412 P⁰⁸l
381 4339 509 4411 Midum,
526 4353 578 4393 nec
593 4337 686 4403 venia»
702 4350 755 4390 1¹2⁰
770 4334 839 4389 boni
855 4334 982 4405 eligendi
1037 4354 1073 4393 ne
1086 4339 1222 4395 evenient
1237 4340 1323 4411 mala,
1340 4342 1491 4397 occasione
1506 4342 1672 4415 omnigena,
1689 4359 1859 4415 precavere.

158 4429 283 4486 facultas
299 4428 358 4485 ulla
374 4427 474 4484 relicta
495 4432 549 4482 est.
566 4425 655 4482 Vobis
679 4430 776 4480 autem
801 4439 857 4479 non
884 4422 981 4479 solum
1072 4427 1136 4483 Hac
1151 4428 1249 4501 igitur,
1266 4446 1282 4485 o
1298 4430 1448 4499 mortales,
1463 4431 1499 4486 de
1514 4431 1649 4504 originali
1665 4431 1780 4489 macula
1792 4449 1862 4504 pen.

157 4518 218 4574 bac
234 4517 338 4591 reliqui
351 4533 357 4586 ;
374 4516 426 4571 sed
441 4519 479 4586 ει,
496 4520 528 4569 ιιι
543 4531 594 4570 νοε
609 4516 645 4569 de
659 4512 783 4568 terrenis
796 4511 979 4582 attentastis,
995 4546 1020 4613 D
1037 4524 1147 4587 santes,
1161 4520 1269 4587 sentite,
1286 4526 1317 4575 ut
1331 4521 1473 4592 scripturn
1489 4526 1543 4588 eet,
1555 4525 1593 4578 de
1606 4523 1721 4578 Domino
1736 4524 1768 4579 in
1781 4523 1860 4578 bont·

158 4608 236 4664 nnde
250 4607 337 4663 iidem
353 4603 476 4678 maligni
491 4603 587 4676 angeli
603 4602 717 4675 depulsi
742 4605 821 4669 sunt,
840 4602 982 4656 transier-
1036 4608 1579 4683 seneffia),,ppecopdaminiquoque
1599 4612 1677 4683 quod
1705 4611 1863 4669 psalmista

158 4711 230 4766 '⁰¹¹¹’
247 4694 442 4751 humanilsslss
456 4698 560 4750 V⁰⁸llae
577 4707 694 4748 ‘minem
705 4690 864 4762 ³⁸⁸¹¹¹1¹P⁸l
877 4694 906 4744 ¹¹¹
923 4705 981 4762 (lua
1036 4696 1113 4753 dicet
1128 4714 1135 4752 :
1152 4699 1289 4766 Quomodo
1302 4701 1453 4756 miseretur
1474 4705 1554 4773 poter
1581 4702 1713 4772 fitiorum,
1730 4703 1861 4758 misertas

157 4786 255 4852 etiam,
271 4791 304 4840 ut
318 4784 501 4840 ostenderem
516 4786 627 4854 quanta
638 4778 981 4856 mihiob'edientiadebs·
1034 4795 1071 4844 est
1095 4787 1227 4842 Dominus
1250 4789 1410 4845 timentibus
1438 4806 1477 4859 re,
1503 4792 1634 4863 quoniam
1658 4793 1715 4863 ipse
1735 4792 1862 4860 menonis

156 4879 200 4928 ret
214 4872 302 4928 homo
318 4872 415 4942 subdi,
432 4887 485 4944 ego
501 4870 671 4927 bominibus
690 4869 858 4926 omnimodo
881 4868 979 4939 subje-
1033 4877 1196 4948 fiqmffltum
1219 4886 1342 4934 nomm
1366 4879 1451 4950 (pm
1475 4880 1540 4952 ΕΗΒ
1563 4885 1593 4936 et
1612 4880 1719 4936 iterum
1737 4896 1744 4935 :
1759 4878 1862 4936 Fama

156 4968 221 5018 ctus
235 4961 368 5034 exempla
382 4961 570 5034 praebuiScio
585 4962 711 5032 denique
721 4959 791 5031 quia
805 4959 920 5014 cunctis
930 4957 981 5013 ho·
1033 4966 1165 5022 nomene,
1176 4968 1207 5022 fn
1221 4968 1346 5024 omnm
1362 4968 1449 5024 „ml-5
1461 4971 1521 5024 sug,
1535 4969 1622 5039 (pm
1638 4971 1743 5042 mlv).

157 5052 286 5108 minibus
300 5057 379 5108 esset
393 5050 564 5107 incredibile
578 5050 649 5123 quid
665 5051 752 5105 homo
771 5050 889 5104 deberet
910 5053 978 5114 Deo,
1069 5056 1104 5110 Et
1119 5060 1152 5111 ut
1166 5072 1250 5112 nemo
1260 5058 1427 5129 suspicetur
1437 5057 1506 5129 quia
1516 5074 1568 5132 pro
1580 5056 1752 5114 crudelitate
1762 5056 1862 5129 aliqua

158 5142 213 5199 nisi
229 5142 292 5213 ipse
305 5141 356 5196 teli
371 5140 525 5213 probarem
548 5139 690 5212 exemplo.
715 5139 838 5195 Proinde
860 5139 883 5193 si
907 5138 978 5209 quid
1033 5144 1183 5201 diabolum
1199 5147 1383 5217 permiserim
1395 5147 1425 5203 in
1439 5147 1541 5203 multis
1551 5146 1709 5215 dominari,
1720 5146 1863 5202 attendite

155 5227 979 5303 vosmoveatquodextamlrngilimassaorigobumana
1033 5234 1110 5305 quod
1124 5234 1160 5290 ad
1176 5235 1229 5290 tob
1242 5251 1288 5290 me
1304 5235 1414 5292 dixisse
1438 5236 1581 5309 scriptum
1600 5241 1645 5293 est
1670 5253 1676 5292 :
1702 5236 1761 5292 Non
1780 5235 1863 5306 qm·

155 5320 303 5396 Pl⁰⁰0d8b
319 5319 500 5376 ⁰⁰ss⁸id0ffll⁰
515 5320 545 5375 51¹
557 5318 660 5391 primis
675 5318 730 5374 h⁰⁰
745 5319 831 5374 m⁰d⁰
847 5334 912 5374 0⁸⁸0
924 5334 978 5391 pu·
1031 5323 1371 5380 recalescentem
1385 5326 1443 5396 (roe
1458 5328 1524 5400 xer),
1541 5324 1728 5398 subintellige
1752 5323 1856 5380 diabo-

155 5407 432 5482 ¹¹lt¹²¹1¹lll⁰l⁰l³lasti
447 5408 692 5479 inobedientiam
707 5410 778 5465 dum
801 5407 879 5464 enlm
904 5424 977 5482 ΡΝ)-
1032 5415 1105 5470 lum.
1122 5413 1200 5470 Inter
1215 5413 1274 5470 bac
1286 5415 1374 5472 etiam
1388 5414 1460 5472 libet
1476 5433 1638 5474 memorare
1653 5415 1769 5488 quiade
1781 5413 1863 5485 judi·

152 5498 246 5574 ⁰⁰Pli⁸
259 5500 334 5556 ”¹⁸5⁸
348 5496 442 5555 ⁰⁰¹¹¹il
457 5499 583 5569 ⁰b0dil02
601 5499 705 5556 merito
729 5499 859 5574 aliquam
881 5499 977 5556 cernis
1032 5503 1858 5562 ciorummeorumausteritatemultisolentmurmurare.

152 5588 361 5658 mummolinus
385 5588 486 5650 debuit
505 5589 712 5652 inevitabiliter
725 5589 843 5649 sentire.
867 5588 979 5650 Deinde
1031 5590 1088 5660 Sed
1103 5593 1205 5653 sedem
1220 5595 1377 5660 crebritas
1393 5610 1495 5673 ‘quam
1507 5593 1671 5656 ιιεοεεεειιε
1685 5592 1725 5656 sit
1746 5590 1858 5670 inundo
