3892 6096
138 300 196 374 itt
646 307 819 374 crunon]
841 308 1016 375 boulen}
1039 309 1071 374 S.
1095 307 1343 375 annualiter
1786 304 1847 373 its

137 442 220 500 tante
234 441 407 500 discretione
421 440 537 515 prolate
552 443 729 512 continetur,
747 445 824 502 utin
840 420 963 518 quibus·
979 448 1007 515 Α
1023 446 1264 515 bonorum,nunc
1272 462 1338 503 vero
1346 445 1496 502 deterrens
1504 442 1680 518 perlapsum
1688 443 1847 521 mulorum,

144 533 213 589 dum
227 547 330 590 omues
345 529 503 588 salvandos
519 531 669 590 instruens
694 535 730 590 ad
754 551 786 591 se
809 534 918 604 trahat,
935 536 964 593 in
1022 535 1063 592 sie
1084 536 1210 592 curretis
1235 536 1265 592 in
1289 535 1442 609 praesentis
1456 534 1521 590 vitre
1536 534 1632 591 stadio
1647 537 1793 605 quatenus
1809 536 1847 592 ud

142 622 319 697 quibusdum
344 636 411 676 vero
431 637 534 678 omnes
549 623 695 695 perituros
710 623 883 699 increpans;
899 643 966 683 cum
1022 628 1134 681 aterne
1149 624 1296 682 felicitatis
1310 625 1443 683 bravium
1459 624 1610 697 pervenire
1623 622 1755 682 valeatis.

143 728 176 770 se
188 715 250 769 tam
261 709 362 766 subtili
372 710 484 767 ratione
496 718 643 784 correptos
654 730 707 770 nec
717 716 867 771 attendere
882 732 967 772 cura·
1342 732 1457 790 CAPUT
1477 732 1524 787 1v,

141 801 307 872 verint,neo
316 799 629 873 emendaverint,juste
639 803 822 861 damnandos
833 821 969 878 praenun-
1025 827 1096 895 Quot
1117 830 1239 894 ecquam
1252 823 1375 893 efficacia
1392 822 1458 878 pm
1482 821 1614 878 mmet
1635 821 1797 879 documenta
1823 831 1853 881 η

143 889 204 948 dot.
1057 895 1182 967 example
1197 896 1228 950 in
1240 894 1340 950 Decide
1353 895 1465 967 eiusque
1476 895 1609 951 Psetterie
1624 895 1813 966 reperientur.

179 980 237 1038 sed
248 980 330 1054 prius
341 980 547 1038 salvandorum
558 983 658 1055 aliqua
668 1000 814 1057 ponemus
827 985 970 1059 exemplu,
1058 983 1125 1040 Jcm
1140 981 1269 1039 diximus
1284 999 1376 1056 pauca
1390 982 1426 1039 de
1440 983 1624 1056 profectuoso
1640 998 1740 1052 cursu,
1752 983 1804 1056 qui
1821 983 1853 1040 in

144 1071 250 1129 deinde
266 1070 485 1128 consideremus
500 1071 567 1128 alin.
583 1073 614 1128 ln
630 1073 754 1131 Abrahae
770 1092 899 1148 namque
913 1076 971 1132 ilde
1024 1072 1136 1130 Veteris
1156 1072 1335 1129 Testamenti
1359 1071 1482 1128 lectione
1507 1075 1604 1144 potest
1626 1071 1683 1145 agi.
1700 1072 1757 1129 Sed
1782 1073 1854 1146 quia

144 1160 458 1219 etobedientiaomnes
469 1161 569 1218 fideles
579 1167 607 1219 et
616 1163 784 1222 obedientes
796 1166 859 1222 suis
870 1182 972 1238 prece·
1025 1162 1121 1220 adhuc
1136 1161 1234 1236 eliqua
1246 1161 1349 1218 exinde
1364 1161 1435 1218 libet
1448 1160 1587 1235 prolerre,
1599 1178 1755 1218 curramus
1772 1179 1854 1218 nuno

146 1251 205 1325 ptis
216 1250 348 1307 instruit.
362 1251 394 1308 ln
404 1251 513 1325 loseph
524 1253 553 1308 et
562 1253 703 1309 Susanuae
715 1255 861 1324 castitate,
870 1272 973 1311 omnes
1027 1253 1063 1309 ad
1076 1256 1213 1309 sanctum
1225 1251 1410 1324 psalmistam
1423 1251 1526 1319 David,
1538 1250 1568 1307 in
1580 1267 1636 1324 quo
1646 1251 1724 1308 Deus
1737 1250 1859 1309 locutus

148 1340 357 1399 enetoslniob
366 1339 625 1413 patientia,omnes
634 1342 825 1415 patientesln
836 1344 973 1417 plurimis
1028 1345 1073 1398 est
1086 1344 1168 1396 tanta
1183 1339 1332 1413 mysteria,
1343 1344 1426 1396 tante
1439 1340 1580 1396 beneficia
1594 1344 1736 1411 tantoque
1750 1338 1857 1398 salutis

132 1420 137 1426 ’
148 1428 334 1487 virtitutibus
345 1430 567 1512 etfldocumentis
576 1431 667 1505 Moysi
678 1433 784 1506 populo
798 1450 852 1490 suo
863 1433 974 1507 preclnti
1029 1430 1216 1498 documenta,
1227 1433 1260 1485 nt
1269 1429 1298 1486 in
1310 1429 1360 1486 illo
1370 1446 1428 1486 uno
1439 1429 1536 1486 cuncti
1547 1427 1648 1485 fideles
1659 1429 1857 1508 sufficientem

150 1536 253 1576 omnes
268 1519 414 1592 prelatos.
426 1521 460 1576 ln
475 1524 600 1593 utroque
613 1522 712 1592 Tobia,
724 1528 807 1595 putre
822 1523 933 1581 scilicet
947 1528 976 1581 et
1029 1518 1192 1576 doctrinam
1203 1519 1310 1575 hebere
1324 1519 1449 1592 possint.
1460 1519 1534 1575 Nam
1550 1522 1654 1592 preter
1669 1517 1731 1591 illa,
1743 1535 1808 1591 quae
1820 1519 1858 1576 de

87 1646 93 1656 ,
153 1608 224 1678 illio,
235 1608 265 1664 in
280 1613 361 1681 patre
372 1609 491 1682 quidem
502 1610 613 1683 optime
625 1611 746 1667 docente
758 1612 862 1684 illium,
874 1613 904 1668 in
915 1613 976 1669 filio
1030 1625 1063 1665 eo
1078 1608 1108 1664 in
1120 1609 1232 1682 Regum
1247 1607 1321 1665 libro
1336 1608 1514 1677 referuntur,
1527 1607 1576 1664 ubi
1591 1612 1620 1664 et
1633 1607 1709 1682 lapsi
1723 1606 1754 1664 in
1766 1607 1859 1666 scele-

154 1701 253 1756 autem
269 1699 422 1755 obediente
437 1715 489 1771 per
504 1699 604 1755 omnis
618 1699 697 1770 patri·
709 1716 811 1758 omues
827 1706 935 1774 patres,
950 1705 978 1759 et
1031 1697 1113 1755 ribus
1124 1697 1308 1754 multimodis
1319 1699 1354 1755 ad
1367 1697 1552 1754 ostinendam
1563 1696 1676 1755 venium
1688 1698 1855 1754 confortan-

154 1786 231 1845 fllios
244 1803 296 1862 per
308 1787 481 1859 hujusmodi
497 1786 660 1844 doctrinam
676 1793 704 1846 et
718 1790 915 1848 obedientiam
926 1792 977 1848 ad·
993 1823 1018 1889 B
1032 1789 1091 1858 tur,
1107 1790 1136 1842 et
1149 1789 1259 1842 stantes
1275 1787 1402 1859 quadam
1419 1790 1628 1859 argumentosa
1643 1785 1755 1843 ratione
1779 1790 1812 1843 ut
1827 1786 1859 1842 in

156 1880 265 1934 monet.
281 1881 315 1932 ln
328 1876 433 1933 talium
453 1876 545 1950 igitur
558 1877 688 1934 virorum
704 1879 862 1937 virtutibus
877 1897 979 1938 omnes
1034 1875 1120 1932 bonis
1133 1879 1317 1947 perseverent
1328 1874 1454 1932 maxime
1466 1874 1636 1945 incitentur,
1647 1889 1699 1949 per
1709 1874 1764 1931 boe
1779 1873 1861 1932 scili·

156 1966 254 2024 adbuc
269 1969 383 2023 stantes
398 1967 433 2022 sd
455 1982 487 2023 se
501 1965 621 2024 trahens
635 1967 778 2025 Dominus
801 1970 940 2027 admonet
953 1974 982 2027 et
1035 1969 1090 2034 cet,
1107 1965 1177 2038 quia
1191 1965 1269 2022 Deus
1284 1965 1486 2039 peccatoribus
1499 1965 1648 2022 conversis
1662 1968 1775 2022 tantam
1790 1981 1859 2038 gra·

159 2054 305 2128 promittit
318 2058 352 2111 ut
365 2055 390 2111 si
405 2055 435 2111 in
450 2055 561 2112 eisdem
576 2056 735 2114 virtutibus
754 2060 980 2131 permanserint,
1036 2053 1108 2111 tium
1119 2055 1251 2112 conferre
1261 2054 1416 2128 dignatur;
1429 2054 1625 2128 multomagis
1637 2055 1684 2112 bis
1694 2054 1862 2123 miseretur,

157 2144 320 2202 neuselum
330 2145 873 2220 inhooseculogratiam,sedetiamin
883 2150 981 2206 tuturo
1037 2143 1085 2215 qui
1098 2160 1129 2201 se
1142 2144 1323 2201 continentes
1337 2143 1520 2201 immaculati
1530 2143 1560 2199 in
1575 2143 1622 2199 via
1633 2143 1750 2201 Domini
1764 2159 1863 2218 perse·

158 2235 279 2309 premia
293 2238 401 2292 eterna
424 2236 595 2309 percipiant.
612 2237 643 2292 lu
664 2237 705 2293 ais
726 2242 835 2305 autem,
857 2239 907 2310 qui
928 2255 980 2313 pro
1037 2236 1158 2302 verant;
1174 2233 1242 2306 quis
1255 2249 1390 2290 enarrare
1401 2233 1529 2290 sufficiat
1544 2249 1577 2288 ea
1593 2233 1779 2305 documenta,
1796 2248 1862 2306 que

160 2323 339 2397 negligentis
361 2323 406 2380 vel
428 2325 576 2397 superbie,
603 2341 653 2381 seu
681 2343 733 2398 pro
757 2327 984 2401 quibuscunque
1038 2321 1864 2396 inPsalterioreperiripossunt?lnqualectioue,queso,

157 2413 237 2469 vitiis
253 2412 348 2486 puniti
363 2412 501 2486 leguntur
515 2413 545 2469 in
560 2414 656 2471 Veteri
673 2415 869 2484 Testamento,
882 2434 984 2474 omnes
1039 2411 1186 2468 invenitur
1202 2414 1296 2485 maior
1314 2412 1478 2483 edificatio,
1495 2427 1583 2483 qnam
1608 2412 1638 2467 in
1661 2412 1794 2486 psalmis,
1812 2411 1865 2468 ubi

162 2500 253 2559 simul
276 2500 459 2575 negligentes
486 2505 516 2559 et
540 2504 658 2576 superbi
683 2504 807 2576 aliisque
829 2506 908 2563 vitiis
932 2507 981 2563 de·
1039 2500 1862 2572 multimodeetorandietdoeendisenteutiebabentur,

162 2591 217 2648 diti
245 2606 323 2647 nunc
351 2590 548 2664 corripiuntur
575 2596 603 2648 et
634 2598 865 2665 premonentnr,
894 2601 927 2652 ut
959 2596 985 2653 si
1039 2590 1089 2646 ubi
1105 2590 1301 2647 mediatoriis
1317 2589 1569 2663 personaDomini
1584 2590 1802 2666 ucnargusntis
1815 2588 1864 2646 vel

162 2697 195 2738 se
222 2697 280 2738 uon
309 2680 543 2748 emendaverint,
567 2682 650 2753 justo
679 2683 730 2739 Dei
759 2684 872 2756 judicio
904 2688 984 2742 eter-
1039 2678 1863 2754 consolantisinfertur,ubihumilesetpauperesspiritu

162 2769 269 2828 naliter
301 2785 332 2826 se
363 2768 529 2843 puniendos
561 2770 665 2827 scient.
699 2773 732 2828 lu
764 2773 827 2830 Heli
857 2790 985 2847 namque
1040 2769 1279 2840 recreantur,ubi
1294 2770 1375 2841 pravi
1391 2773 1517 2826 rectores
1533 2769 1690 2841 etjudiees
1705 2787 1722 2827 a
1737 2769 1863 2827 Domino

164 2859 325 2918 sacerdotis
341 2859 516 2933 negligentis
530 2875 601 2916 casu
616 2876 718 2918 omnes
740 2862 829 2918 simul
853 2866 985 2935 pastores
1039 2858 1240 2932 increpantur,
1251 2858 1301 2915 ubi
1313 2858 1460 2915 conversis
1471 2863 1501 2915 et
1510 2860 1719 2933 poenitentibus
1734 2858 1865 2916 maxima

162 2947 344 3022 negligentes
368 2947 510 3004 Dominus
540 2949 645 3023 arguit.
673 2951 705 3006 ln
735 2953 985 3009 murmurantium
1040 2947 1212 3020 spesvenia
1228 2947 1420 3020 promittitur,
1436 2947 1535 3022 impiis
1551 2954 1650 3006 autem
1670 2948 1865 3022 etnegligen-

160 3053 193 3094 ac
220 3035 437 3110 impatientium
465 3035 594 3092 filiorum
619 3037 707 3094 lsrael
732 3039 905 3097 contritione
920 3058 986 3097 om·
1039 3037 1120 3094 tibus
1144 3051 1223 3092 mors
1248 3040 1355 3093 eterna
1379 3037 1594 3095 denuntiatur?
1620 3041 1749 3104 Quorum
1774 3037 1864 3094 etism

158 3142 211 3182 nes
238 3125 426 3198 impatientes
459 3124 597 3182 admonet
629 3130 662 3182 ut
694 3133 918 3201 convertentur,
948 3147 984 3186 ue
1039 3126 1168 3200 plurima
1190 3130 1251 3182 tam
1275 3131 1375 3199 aperte
1398 3127 1582 3201 breviterque
1605 3129 1805 3200 proteruntur,
1832 3130 1867 3184 ut

157 3213 268 3271 similia
278 3212 437 3285 patiantur.
446 3217 479 3268 ln
490 3213 759 3272 Nabuchodonosor
769 3218 846 3291 regis
856 3196 1019 3276 Dulcior-C
1039 3214 1120 3271 nulla
1143 3215 1291 3271 excusatio
1316 3214 1486 3289 ignorantie
1510 3216 1647 3274 litteratis
1667 3216 1864 3291 relinquetur.

155 3303 245 3376 nique
270 3301 314 3359 sui
331 3301 414 3358 ducis
429 3302 633 3374 superbissimi
645 3307 862 3379 compressione
876 3325 978 3366 omnes
1071 3305 1105 3360 Et
1121 3310 1153 3361 ut
1168 3305 1230 3362 hec
1245 3304 1286 3361 ita
1301 3321 1365 3362 esse
1380 3306 1549 3378 probemus,
1566 3305 1665 3379 aliqua
1679 3306 1716 3363 da
1730 3306 1863 3380 prelatis

155 3392 299 3465 superbos
310 3391 837 3467 prinoipesjudieatcomprimendos.
850 3398 881 3453 ln
893 3398 982 3455 Sodo-
1035 3393 1189 3451 sententiis
1213 3394 1345 3467 exemplu
1368 3393 1416 3451 hic
1440 3411 1596 3467 ponamus.
1613 3398 1703 3461 Quem
1723 3411 1793 3469 ergo
1809 3412 1863 3469 pro
1933 3386 1936 3391 ’

155 3481 295 3539 mitorum
311 3484 340 3537 et
354 3481 608 3538 Gomorrhoeorum
630 3484 758 3555 pessime
774 3486 980 3544 tornicantium
1035 3485 1161 3557 peccatis
1176 3484 1238 3541 suis
1253 3484 1373 3540 intimus
1388 3499 1488 3557 preces
1503 3484 1630 3558 prolerre
1642 3485 1777 3557 delectet,
1790 3502 1861 3544 nus-

156 3569 453 3628 subversioneomnes
461 3569 599 3627 ineedem
607 3571 728 3628 crimine
737 3575 929 3646 perdurantes
937 3593 982 3634 os-
1036 3590 1126 3645 quam
1139 3573 1253 3646 aptiore
1263 3573 1299 3629 ad
1310 3572 1364 3629 hoc
1375 3574 1463 3629 verba
1473 3572 1585 3630 invenit
1595 3590 1683 3646 quam
1695 3573 1756 3630 hec
1770 3579 1861 3631 sunt:

157 3658 253 3716 tendit
267 3658 442 3731 puniendos.
455 3658 487 3715 ln
498 3659 664 3716 Salomonis
679 3661 756 3733 regis
770 3663 981 3736 sapientissimi
1035 3662 1236 3728 llitereremei,
1250 3664 1328 3731 Dens,
1341 3662 1491 3718 secundem
1501 3679 1631 3736 moenem
1640 3664 1864 3721 misericordium

158 3746 307 3822 apostasia
316 3748 353 3804 ed
368 3761 470 3805 omnes
483 3747 601 3816 clamet,
614 3764 649 3804 ne
663 3750 730 3821 quis
746 3752 906 3822 prudentie
922 3771 981 3810 sure
1035 3756 1112 3808 tuem
1136 3752 1225 3823 (Paet.
1242 3768 1285 3823 ux,
1303 3752 1339 3824 1).
1366 3752 1399 3807 Et
1415 3768 1421 3806 :
1447 3753 1552 3808 Delicta
1571 3755 1820 3826 juventutem,
1835 3757 1863 3810 et

159 3837 311 3895 conlidens
324 3835 369 3893 vel
385 3835 484 3908 aliqua
494 3836 571 3893 donn
581 3837 680 3894 divina
691 3839 804 3896 meritis
819 3841 881 3898 suis
891 3843 981 3916 depu·
1035 3842 1208 3911 innocentius
1221 3857 1296 3897 meos
1310 3857 1346 3897 ne
1365 3843 1528 3898 memineris
1543 3842 1629 3913 (Psoi.
1646 3860 1722 3912 xx1v,
1737 3843 1777 3915 7).
1803 3844 1839 3899 llt
1854 3859 1862 3898 ε

157 3928 225 3982 tans
236 3925 267 3981 in
278 3941 406 3982 errorem
417 3923 545 3981 similem
558 3925 661 3982 eadere
672 3928 867 3999 permittetur.
882 3931 912 3986 ln
926 3933 983 3990 Ab·
1035 3929 1149 4003 Adjotor
1176 3946 1253 3986 mens
1279 3938 1348 3999 este,
1378 3932 1513 3998 Domine,·
1541 3947 1576 3987 ne
1605 3931 1781 4004 derelinques
1808 3948 1864 4000 me,

157 4013 250 4070 salom
267 4013 426 4070 maximam
441 4013 517 4088 patri
530 4013 669 4086 injuriam
686 4017 892 4092 machinantis,
909 4025 937 4077 et
951 4021 980 4077 in
1035 4035 1122 4092 neque
1135 4020 1270 4090 despicies
1283 4036 1338 4090 me,
1350 4021 1431 4088 Dede,
1447 4020 1577 4076 solutoris
1591 4037 1669 4078 meuc
1684 4021 1770 4095 (Pset.
1786 4038 1864 4093 xxvi,

158 4103 286 4169 duorum
297 4101 428 4174 judicum
447 4103 721 4161 contraSusannam
733 4107 841 4164 salsum
854 4110 983 4168 testimo·
1035 4109 1074 4181 9).
1087 4109 1262 4181 llujusmodi
1274 4113 1373 4166 autem
1388 4108 1560 4178 orationem,
1573 4127 1662 4182 quam
1678 4111 1866 4185 unusquisqe

156 4190 239 4246 nium
249 4190 458 4262 proterentium
468 4192 666 4265 damnatione,
674 4196 863 4254 cunctistiliis
871 4199 983 4270 etjudi·
1037 4215 1088 4273 pro
1104 4215 1135 4255 se
1150 4198 1213 4271 ipso
1229 4199 1378 4255 ellundare
1394 4201 1498 4272 potest,
1515 4198 1622 4272 psalmi
1646 4200 1746 4272 plures
1768 4201 1864 4259 conti·

155 4279 240 4336 cibus
249 4278 417 4337 terribiliter
426 4280 548 4354 indicat,
558 4283 628 4356 quia
639 4282 663 4340 si
675 4284 822 4342 similiain
835 4294 980 4360 parentes,
1036 4291 1117 4344 nent.
1129 4287 1160 4344 Si
1174 4303 1240 4344 vero
1256 4304 1308 4360 pre
1324 4287 1449 4345 aliorum
1465 4288 1560 4346 salute
1571 4290 1767 4346 communiter
1780 4307 1866 4348 orare

155 4368 980 4449 velinsubditesgerant,similemquoquedemnationem,
1036 4376 1225 4445 volucrimus,
1236 4378 1323 4434 verbe
1333 4377 1525 4434 nihilominus
1540 4380 1577 4450 ad
1593 4379 1647 4435 boc
1663 4380 1820 4453 aptissima
1832 4379 1864 4437 in

156 4458 213 4518 nisi
230 4459 402 4533 poeuiteutia
417 4461 564 4533 condigna
578 4464 807 4537 emendaverint,
819 4465 979 4525 incurrant.
1037 4466 1078 4522 eis
1093 4465 1270 4533 invenimus,
1286 4469 1319 4521 ut
1334 4482 1340 4520 :
1366 4466 1480 4522 Setoem
1492 4470 1539 4538 sec
1550 4469 1683 4541 poputum
1697 4477 1787 4537 tuum,
1805 4473 1863 4528 Do·

192 4548 272 4606 Talin
285 4565 353 4622 ergo
365 4565 424 4606 nou
435 4554 553 4623 propter
566 4549 632 4607 illos
643 4551 839 4625 solummodo,
851 4555 901 4627 qui
912 4560 983 4614 tunc
998 4572 1022 4637 Ι)
1037 4555 1123 4623 mine,
1134 4559 1160 4611 et
1172 4554 1282 4611 benedic
1292 4555 1451 4613 hereditati
1464 4560 1527 4628 tuse,
1544 4561 1598 4614 eto.
1613 4560 1701 4627 (Prot.
1716 4576 1807 4627 xxvu,
1821 4560 1863 4633 8).

158 4638 563 4710 damnatisunt,eveuerunt;
576 4640 725 4698 sedetiam
738 4644 983 4717 propterillorum
1039 4647 1094 4700 Et:
1119 4643 1289 4715 Convertere,
1305 4647 1431 4712 Domine,
1451 4662 1600 4719 usqueque,
1624 4651 1651 4703 et
1678 4648 1865 4721 deprecobilis

158 4728 606 4804 correctionem,quiintempore
611 4731 746 4805 presenti
752 4740 981 4806 commorantur,
1038 4741 1094 4790 esto
1107 4749 1190 4806 snper
1202 4750 1292 4792 seruos
1304 4739 1364 4792 teos
1375 4735 1458 4807 (Dent.
1472 4753 1584 4804 cxxxix,
1597 4737 1651 4809 13).
1665 4738 1721 4794 lit:
1736 4740 1863 4809 Domine,

158 4815 235 4873 sieut
248 4819 277 4873 et
291 4817 447 4889 Apostolus
467 4819 503 4875 de
518 4821 714 4891 quorumdam
730 4822 919 4895 antiquorum
935 4824 982 4881 in·
1037 4823 1226 4879 misericordie
1240 4829 1293 4881 tee
1309 4826 1339 4880 in
1353 4825 1483 4880 secutum
1496 4825 1582 4897 (Prot.
1598 4842 1720 4896 cxxxvu,
1737 4827 1793 4901 10).
1808 4828 1864 4885 st:

156 4907 243 4963 teritu
260 4905 377 4962 loeutus
394 4905 451 4963 sit:
469 4909 639 4965 llaeeontnt'e
653 4911 984 4985 infigerecentincedent
1040 4911 1126 4986 Opere
1149 4930 1283 4969 morinum
1308 4918 1424 4971 tuorem
1452 4931 1487 4970 ne
1515 4913 1651 4987 despicies
1676 4916 1783 4990 (leid).
1808 4918 1865 4974 Sed

156 4995 237 5064 itte·
261 4996 365 5067 scripte
388 5000 453 5050 serit
477 5001 568 5052 eutem
584 4997 619 5052 ed
635 5001 832 5057 correctionem
845 5011 982 5074 riostrem,
1038 5005 1067 5058 et
1081 5019 1133 5075 pro
1144 5003 1344 5060 sacerdotibus
1355 5003 1768 5077 agenduoratioinveniturin
1784 5005 1866 5079 psel-

91 5088 94 5093 ’
155 5086 187 5142 t'n
207 5100 274 5160 qnos
299 5085 367 5157 fines
391 5085 557 5143 semlerum
579 5086 747 5144 devenerunt
767 5091 791 5160 (l
805 5092 865 5147 Cer.
882 5110 909 5161 n,
921 5080 981 5164 Ι11).
1039 5093 1172 5160 mis,ut:
1189 5091 1413 5158 Sacerdoteetui,
1428 5092 1722 5162 Dentine,iedeentnr
1737 5097 1865 5168 justitie,

155 5175 228 5233 Hinc
245 5173 333 5232 etiam
349 5173 423 5230 alias
438 5173 509 5230 dicit
526 5191 533 5230 ε
555 5176 728 5248 Quaecutrque
742 5181 845 5252 scripto
859 5190 932 5253 sent,
949 5182 984 5238 od
1038 5189 1063 5237 et
1076 5183 1165 5236 cerreti
1179 5182 1221 5236 tui
1234 5181 1370 5238 exsultent
1384 5181 1470 5254 (Prot.
1487 5199 1578 5250 cxxxi,
1595 5182 1633 5256 9).
1646 5183 1760 5240 Profert
1774 5187 1865 5243 etism

152 5270 278 5321 nostram
293 5263 449 5321 doctricem
463 5265 567 5338 scripte
581 5270 644 5321 sent
668 5268 754 5340 (Rem.
772 5286 817 5338 xv,
836 5271 872 5340 l).
890 5270 981 5341 Unde,
1040 5274 1159 5326 sanctus
1170 5268 1326 5327 Psalmistn
1341 5272 1440 5339 verba,
1451 5288 1515 5344 que
1526 5271 1612 5328 nobis
1627 5271 1657 5328 iu
1672 5273 1867 5334 tribulatione

154 5352 261 5409 iratres
271 5353 449 5420 charissimi,
459 5371 528 5429 rogo
540 5372 590 5412 vos
601 5373 714 5425 omnes,
725 5359 775 5432 qui
788 5359 848 5416 hec
861 5359 901 5417 itn
912 5361 983 5417 sori·
1040 5359 1142 5433 positis
1156 5364 1226 5417 suut
1237 5359 1369 5429 dicende,
1382 5363 1414 5416 ut
1427 5377 1433 5415 :
1451 5360 1557 5431 ddjedu
1570 5377 1629 5432 nes,
1639 5363 1719 5431 Deus,
1729 5363 1866 5422 selnwrit

156 5446 205 5516 pta
230 5458 294 5498 esse
319 5459 376 5499 nou
396 5443 606 5518 ignoretis,ut,
624 5449 807 5505 attendentes
834 5467 898 5522 que
918 5453 982 5524 J'am
1037 5457 1136 5521 nostr,
1166 5453 1232 5523 etc,
1262 5467 1377 5524 usqne:
1403 5457 1513 5524 propter
1539 5466 1636 5507 nemen
1664 5456 1745 5508 teum
1774 5455 1873 5526 (Ptel.·

157 5529 287 5587 dixinms
297 5532 390 5602 vobis,
403 5549 491 5605 quam
503 5534 591 5591 variis
607 5534 717 5592 scilicet
732 5537 830 5594 modis
840 5537 983 5596 Dominus
1039 5556 1152 5612 nxrvuu,
1167 5539 1205 5610 d).
1222 5540 1257 5597 ut
1273 5557 1280 5595 :
1303 5540 1433 5598 Concede
1446 5555 1504 5608 nos,
1520 5540 1600 5609 Dent,
1615 5540 1747 5598 seletmt
1759 5548 1864 5618 nester,

160 5636 214 5681 nos
225 5620 391 5693 admoneat,
403 5639 482 5681 nuuc
491 5623 611 5697 quidem
621 5624 778 5685 exhortans
787 5644 839 5701 per
851 5630 983 5703 exempla
1037 5636 1062 5688 et
1078 5638 1169 5687 auerte
1185 5631 1259 5687 irem
1272 5634 1349 5687 tuem
1371 5647 1389 5687 e
1410 5631 1488 5687 nobis
1501 5627 1591 5704 (Ptol.
1607 5647 1719 5706 mxxiv,
1734 5631 1775 5707 5).
1799 5632 1861 5696 Etr
1929 5680 1936 5691 .
