3892 6096
755 271 901 365 All'l'd.¹
1601 286 1659 349 gu

93 400 300 459 dluudanlibus
322 406 420 459 eutem
445 402 558 459 eunetis
573 402 782 474 conditionem,
798 404 875 472 And
887 402 1044 461 Salvatoris
1054 404 1346 475 miraculum,nenad
1358 412 1659 475 ardorisincendium.

93 491 246 557 rumalins
276 492 415 548 abbatum
439 490 590 547 silentium
619 493 700 565 petit,
727 492 785 550 ele·
840 493 980 549 Ardorem
998 492 1150 550 Catholicae
1166 496 1232 552 fidei
1262 498 1436 570 sentiebant,
1461 502 1584 577 ideoque
1603 525 1661 565 non

120 581 242 654 [vocem]
272 581 431 654 alloquitur
459 597 561 637 omnes
589 581 784 638 dicenszviri
839 582 1226 655 ardebant.l)eusprolecte
1260 591 1360 644 nester
1392 589 1470 662 ignis
1485 608 1662 654 consumens

96 674 249 737 tsorores,
262 686 313 742 pre
327 669 420 725 salute
431 670 597 726 animarum
610 674 783 740 vestrarum,
839 671 950 738 aderat,
960 670 1093 742 ideoque,
1105 672 1169 743 ipso
1180 672 1306 745 nolente,
1323 692 1480 750 corporeus
1495 680 1572 755 ignis
1586 684 1661 742 nibil

93 776 120 831 o,
133 758 189 815 boc
215 759 348 830 tacimus,
365 763 398 813 nt
422 758 559 831 deinceps
587 759 785 816 eSimoniaea
839 775 942 815 nocere
958 762 1080 831 poterat.
1096 760 1198 816 Procul
1216 763 1304 820 dubio
1332 782 1432 823 verum
1462 775 1534 839 erat,
1551 773 1663 845 quoda
1765 818 1770 827 .

93 848 377 920 aalerejamtntum
391 847 783 921 mundum[inleeit]cavea-
839 847 930 905 servis
945 846 995 902 Dci
1024 847 1185 918 dicebatur,
1208 851 1411 922 quiaillorum
1429 860 1522 927 testis,
1539 861 1662 919 veritate

94 941 217 994 sautem
227 936 312 1009 lepra
322 937 490 1009 contagium
502 942 560 993 tam
569 954 708 1010 magnum
720 953 784 993 esse
835 937 967 1008 juvante,
980 935 1017 991 ab
1028 936 1095 1009 igne
1104 937 1276 996 miraculose
1287 938 1439 999 liberatur.
1453 946 1567 1006 Veritas
1580 950 1661 1007 enim

96 1026 152 1083 uod
164 1026 257 1098 ipsius
268 1024 444 1095 immanitati
456 1030 559 1083 caetera
571 1026 783 1083 eriminacom-
839 1042 956 1098 semper
970 1025 1074 1082 liberat
1100 1043 1175 1099 quos
1204 1027 1340 1087 falsitatis
1369 1033 1483 1092 macula
1507 1053 1564 1092 non
1581 1038 1661 1095 coin·

93 1114 343 1187 suntquasinibil.
840 1115 953 1187 quinat.

93 1204 127 1262 lis
143 1220 210 1278 ergo
225 1204 357 1277 expletis,
387 1221 453 1260 eum
470 1205 585 1276 utrique
600 1206 662 1278 rogi
673 1206 737 1276 jam
753 1221 784 1261 se
876 1204 936 1259 tot.
955 1204 1113 1276 Postquam
1129 1208 1226 1262 autem
1242 1222 1379 1281 egressus
1394 1214 1440 1267 est
1453 1212 1488 1268 de
1503 1213 1580 1287 igne,
1590 1216 1661 1273 dum

93 1295 108 1350 ·i
119 1293 239 1368 partein
248 1293 783 1362 llammivcmcsvertissentcarbones,
838 1293 946 1349 iterum
955 1291 1044 1349 vellet
1054 1294 1150 1349 locum
1162 1297 1309 1368 repedare,
1325 1300 1439 1372 eapitur
1449 1319 1465 1357 n
1475 1302 1583 1375 populo
1596 1322 1603 1373 ;
1615 1304 1664 1362 de·

93 1384 173 1442 cedia
184 1383 289 1439 semita
298 1383 512 1455 ignivomarum
525 1384 609 1456 eopia
620 1399 783 1456 prunarum
838 1380 1011 1439 osculantur
1019 1383 1108 1456 pedes
1123 1401 1181 1456 prae
1192 1385 1346 1443 desiderio.
1359 1387 1417 1444 Prae
1426 1390 1533 1461 gaudio
1542 1392 1662 1464 quidem

93 1471 783 1544 rtnaret,utusqueadtalospcdiscunetis,sic-
839 1471 957 1527 beatum
973 1487 1004 1527 se
1033 1472 1158 1545 quisque
1187 1475 1319 1547 putabat,
1348 1478 1398 1549 qui
1419 1479 1661 1540 vestimentorum

93 1562 118 1619 in
134 1562 334 1636 probationem
351 1561 447 1633 patuit
461 1561 489 1617 in
506 1579 617 1634 prunas
628 1561 709 1634 infigi
720 1578 785 1635 pos
840 1575 1046 1633 quameunque
1061 1560 1236 1633 particulam
1252 1563 1416 1621 deosculari
1430 1566 1554 1625 valebat.
1575 1571 1661 1628 Gravi

93 1651 191 1707 cordos
205 1654 234 1706 et
261 1650 424 1706 monachus
449 1651 536 1722 jussu
566 1651 681 1707 abbatis
709 1650 784 1706 banc
840 1663 967 1719 namque
981 1649 1170 1720 premebatur
1183 1652 1321 1723 angustia
1335 1654 1520 1726 populorum,
1532 1659 1583 1714 sed
1594 1675 1661 1716 cum

95 1757 124 1796 m
135 1756 202 1795 eum
214 1755 321 1811 magna
329 1738 598 1804 vece,audientibus
609 1744 638 1796 et
647 1739 785 1795 flentibus
840 1737 1661 1810 magnadifficultateliberarurviribusclericorumnauo

95 1847 130 1886 us
151 1827 293 1894 millibus,
317 1828 391 1883 ludit
411 1829 446 1883 nd
468 1828 646 1885 Dominum:
663 1828 785 1885 Domine
843 1829 897 1881 lieo
912 1826 949 1881 ab
964 1827 1102 1882 omnibus
1119 1845 1178 1883 una
1191 1845 1251 1901 prae
1264 1831 1472 1902 gaudio,etiam
1486 1833 1660 1893 flendoean·

93 1916 460 1985 riste,veraluxomnium
492 1916 565 1973 icta
592 1917 784 1987 credentium,
839 1919 928 1983 tatur,
944 1914 1084 1987 certiJ'am
1100 1916 1170 1988 qnia
1184 1918 1303 1974 verbum
1317 1919 1368 1976 Dei
1383 1938 1536 1995 nunquam
1561 1930 1662 1982 muta-

93 2004 290 2061 isericordiam
307 2009 384 2075 peto,
399 2002 674 2059 tuamclementiam
688 2019 784 2072 exoro,
839 2003 1002 2059 tur.Simon
1013 2003 1240 2078 Petrusmaguis
1254 2006 1392 2083 laudibus
1408 2010 1598 2085 sublimatur,
1614 2013 1662 2069 Si·

95 2111 145 2149 rus
155 2093 307 2165 Pupiensis
316 2093 365 2164 qui
378 2089 563 2147 limentinus
573 2093 728 2165 episeopus
738 2094 785 2147 di·
840 2092 976 2148 mundani
987 2096 1152 2166 quellagus
1165 2100 1195 2150 ut
1204 2099 1317 2152 stereus
1328 2098 1451 2169 pedibus
1461 2100 1660 2160 conculcatur.

95 2186 227 2239 tervenlu
244 2181 384 2253 pecuniae,
401 2182 430 2237 id
446 2185 490 2237 est
504 2197 626 2239 munere
650 2200 667 2239 a
683 2199 784 2253 manu,
840 2180 951 2236 Nomen
967 2181 1042 2237 Petri
1058 2182 1180 2254 apostoli
1195 2183 1226 2239 in
1241 2201 1291 2241 ore
1305 2186 1436 2243 omnium
1457 2206 1546 2261 snper
1560 2191 1617 2248 mel
1632 2195 1662 2249 et

93 2277 101 2328 t
116 2271 283 2329 simoniaca
298 2271 427 2337 haeresis,
448 2270 646 2327 Florentiuam
662 2271 787 2344 arripuit
840 2269 938 2326 savum
954 2286 1021 2326 eum
1034 2269 1171 2328 laudibus
1181 2272 1275 2345 magis
1286 2275 1439 2348 magisque
1450 2277 1604 2336 dulcescit:
1614 2296 1663 2336 no-

99 2378 177 2418 nune
192 2367 223 2417 tu
240 2360 303 2417 Filii
319 2359 418 2416 aterni
433 2360 537 2428 Patris,
568 2360 649 2417 salus
664 2377 740 2432 mea,
755 2360 785 2416 in
841 2375 907 2415 men
935 2359 1018 2431 impii
1033 2359 1161 2416 Simonis
1176 2377 1265 2433 super
1280 2361 1317 2418 sel
1332 2368 1361 2419 et
1371 2364 1571 2437 sulphureum
1584 2369 1660 2424 vitu·

93 2452 184 2508 nendo
191 2449 302 2523 judicie
318 2451 354 2505 ud
367 2450 566 2520 adJ'uvandum
577 2466 622 2506 me
633 2450 747 2519 festina,
759 2454 788 2506 et
840 2447 1039 2521 peratiouibns
1054 2449 1150 2522 magis
1165 2451 1318 2524 magisque
1346 2454 1498 2525 putrescit.
1514 2455 1661 2527 Magnitu-

93 2556 151 2597 rum
167 2539 229 2595 sine
244 2537 456 2595 combustionis
481 2538 597 2595 macula
616 2538 788 2595 mirabiliter
841 2537 938 2593 dinem
955 2537 1063 2609 quippe
1076 2538 1181 2594 borum
1197 2540 1301 2595 christi
1318 2540 1663 2617 signorum‚eopiamque

93 2629 195 2698 nolent
205 2629 352 2700 quondam
363 2626 470 2683 illaesos
480 2627 600 2684 salvasti
612 2632 671 2684 tres
681 2645 787 2700 pueros
840 2625 940 2699 gaudii
955 2627 1095 2695 nostri,ae
1111 2627 1312 2698 quotidianam
1327 2630 1488 2702 gratiarum
1505 2632 1661 2705 actionem,

93 2735 125 2774 no
141 2716 218 2790 ignis
231 2717 369 2772 ardentis.
387 2717 440 2782 Qui
456 2733 523 2771 eum
546 2720 688 2772 coaeterno
703 2717 787 2774 Patre
841 2732 894 2771 nec
905 2715 1001 2771 cerdis
1012 2732 1119 2772 sensus
1129 2716 1266 2790 cogitare,
1278 2718 1445 2792 neclinguee
1456 2719 1599 2792 plectrum
1614 2738 1662 2779 ex·

93 2806 186 2879 piritu
201 2810 300 2861 sancto
316 2805 415 2861 omnia
430 2805 603 2877 cooperaris,
620 2810 649 2861 et
659 2805 742 2874 vivis,
759 2810 788 2861 et
840 2804 976 2876 primere,
993 2818 1046 2860 nee
1061 2821 1177 2874 manus,
1194 2806 1271 2862 sicul
1283 2811 1338 2875 est,
1354 2824 1487 2881 unquam
1515 2811 1663 2868 sufficient

97 2913 115 2951 n
131 2895 239 2952 saecula
254 2894 438 2950 seculorum.
842 2893 980 2949 scribere.

93 2987 211 3056 lamque
238 3000 350 3054 omnes,
379 2983 429 3055 qui
456 2984 588 3056 aderant,
617 2985 786 3057 respondis·
877 2981 1661 3059 105.Sedquiasapientidemultispaueasulliciunt.

93 3072 785 3145 nenzpaeisesculumfratribusdeditetacce-
840 3069 1009 3126 demumad
1038 3071 1244 3129 Paternitatem
1272 3073 1407 3132 Vestram
1435 3077 1662 3150 supplicandum

93 3178 248 3234 ¹erogamur
263 3178 366 3218 omnes
378 3177 384 3215 :
398 3162 532 3224 Quandiu
548 3161 636 3218 vultis
646 3162 744 3234 ipsum
755 3162 784 3218 in
801 3150 822 3218 C
842 3160 1113 3216 concurrimus.Per
1124 3161 1221 3233 ipsum
1229 3177 1296 3218 vero
1305 3163 1517 3222 Beatitudinem
1527 3166 1663 3223 Vestram

93 3250 786 3322 nere?Responsumestabomnibus1At,at,
842 3248 1249 3321 oramuscujmviearium,
1280 3254 1340 3306 tam
1370 3252 1399 3307 in
1434 3253 1663 3326 cmlisquamin

93 3339 170 3396 :itis‘i
184 3339 306 3411 Sufficit,
323 3339 454 3410 Domine,
472 3338 554 3409 satis,
580 3355 647 3395 curn
663 3338 787 3395 solemni
842 3336 928 3392 terris
940 3338 1028 3391 etiam
1039 3353 1090 3392 vos
1101 3353 1164 3393 esse
1175 3337 1390 3395 desideramus:
1403 3340 1663 3413 dignaminiplebi,

93 3447 107 3486 e
121 3429 297 3503 pedetentim
313 3429 411 3501 ignem
427 3428 619 3500 flammasque
644 3427 785 3484 transire:
843 3424 929 3498 longa
946 3430 1026 3497 peste
1042 3424 1196 3493 demolita,
1214 3426 1371 3482 consilium
1387 3427 1504 3499 pariter,
1520 3433 1549 3485 et
1564 3429 1664 3485 delen·

98 3519 216 3591 quidem
233 3517 375 3573 sacerdoti
391 3521 420 3573 et
431 3517 573 3572 monache
583 3516 726 3574 voluntati
737 3535 787 3574 no·
842 3513 934 3570 sienis
949 3512 1089 3569 auxilium
1102 3513 1288 3586 impendere:
1306 3515 1466 3588 dignamini
1478 3534 1532 3574 nos
1542 3518 1666 3575 miseros

95 3608 224 3665 islaeere.
242 3608 323 3663 Tunc
340 3607 402 3678 ipse
430 3607 566 3662 sacerdos
595 3611 698 3662 contra
712 3607 789 3679 ignis
843 3604 879 3659 nb
894 3603 1074 3675 importunis
1090 3602 1227 3675 luporum
1244 3603 1387 3673 lancibus,
1405 3606 1666 3664 abstrahendoeri·

92 3716 100 3753 r
116 3695 243 3753 salutare
254 3696 370 3768 signum
384 3695 504 3763 iaciens,
517 3695 789 3767 Crucemqnerri-
843 3707 930 3763 pere:
947 3692 1121 3765 dignamini.
1137 3709 1301 3765 precamur,
1332 3711 1415 3750 arma
1442 3699 1544 3752 eontra
1566 3696 1665 3752 hostes

93 3784 612 3857 lans,ipsamque,nonllammarum
624 3784 788 3839 multitudi-
844 3782 919 3839 Petri
935 3782 1058 3856 apostoli
1076 3799 1203 3849 movere,
1220 3784 1297 3840 acies
1327 3788 1449 3853 struere,
1476 3784 1668 3841 sanctabella

93 3874 207 3945 cudens,
220 3873 385 3945 intrepidus
398 3879 505 3940 niente,
516 3872 617 3929 lrilaris
628 3873 710 3929 vultu
721 3889 788 3929 cum
844 3871 1039 3940 committere,
1055 3878 1083 3928 et
1099 3889 1152 3928 nos
1167 3888 1234 3928 oves
1249 3872 1368 3941 Christi,
1385 3875 1469 3945 beato
1497 3874 1582 3930 Petro
1599 3873 1668 3929 tibi·

109 3962 276 4019 celebritate
292 3962 454 4035 gravitalis,
469 3962 579 4018 illmsus
603 3962 633 4017 in
659 3978 790 4035 corpore,
844 3976 900 4032 que
915 3961 976 4016 vice
990 3961 1055 4032 ejus
1072 3961 1257 4030 commissas,
1274 3965 1376 4016 contra
1397 3961 1579 4019 simoniacos
1594 3979 1667 4035 pra·

93 4057 121 4109 el
132 4052 163 4107 in
178 4052 328 4119 omnibus,
344 4068 408 4122 qua
421 4068 520 4107 sucum
536 4052 680 4124 portabat,
696 4051 726 4107 in
736 4053 790 4108 vir·
843 4048 942 4105 liaudo
958 4049 993 4105 de
1007 4049 1174 4122 captivitate
1190 4049 1322 4106 liberare.
1335 4049 1482 4123 Plerisque
1495 4050 1604 4107 etenim
1619 4068 1669 4108 no·

93 4140 223 4197 quristi
239 4139 410 4195 mirabiliter
421 4141 517 4211 ignem
529 4141 708 4212 pertransiit.
845 4144 939 4195 strum
956 4139 1061 4195 beatus
1077 4140 1139 4212 ipse
1154 4139 1321 4213 Apostolus,
1338 4144 1371 4195 ut
1385 4139 1456 4196 olim
1472 4157 1489 4195 a
1510 4139 1623 4196 Nerone
1638 4140 1668 4194 in

93 4229 152 4284 lam
169 4228 293 4283 flamma
311 4229 440 4300 undique
456 4233 673 4299 concurrentes,
685 4233 713 4284 et
732 4229 790 4284 cir·
844 4244 930 4285 cruec
944 4228 1088 4294 conlisus,
1105 4228 1134 4284 in
1147 4229 1209 4284 visu
1223 4229 1317 4285 noetis
1328 4232 1491 4302 apparet,et
1500 4228 1669 4302 passionem

96 4323 347 4390 queexsurgantes
358 4317 707 4391 Albamquasibyssinam
716 4318 790 4390 (103)
841 4328 930 4372 suam
946 4317 1137 4385 ostendendo,
1153 4321 1185 4372 nt
1196 4335 1213 4373 a
1226 4318 1460 4375 Simoniacerum
1473 4318 1611 4375 societate
1620 4317 1669 4373 de-

92 4411 126 4480 rt,
142 4413 171 4464 et
186 4408 334 4480 implendo
348 4407 583 4474 inflammabant,
613 4407 790 4463 sednaturae
846 4404 1001 4472 clinemus,
1017 4406 1064 4478 pie
1080 4406 1194 4461 suadet.
1210 4407 1301 4477 Sicut,
1331 4407 1469 4479 inquiens
1498 4422 1544 4462 me
1558 4404 1670 4462 Simoni

93 4513 238 4563 nemores,
249 4496 321 4552 nibil
336 4496 390 4552 sibi
400 4496 790 4569 ustionisinlerrepcterent.
806 4522 830 4587 D
847 4494 934 4566 lingo
949 4510 1101 4566 nunquam
1117 4494 1311 4564 conjunxi,sic
1326 4510 1443 4566 quoque
1458 4493 1547 4564 vos,si
1561 4491 1670 4549 Christi

93 4587 149 4642 inm
166 4587 291 4659 denique
307 4592 335 4642 et
351 4585 468 4653 stolam,
485 4602 646 4657 eorumque
661 4587 793 4642 fimbrias
847 4599 911 4640 esse
924 4583 1023 4652 vultis,
1041 4583 1066 4639 si
1081 4599 1147 4639 oves
1160 4599 1274 4654 pascua
1284 4583 1349 4653 ejus
1360 4582 1441 4650 estis,
1454 4582 1478 4636 si
1491 4597 1536 4637 me
1546 4578 1670 4652 clavige-

95 4685 212 4732 ntorum
223 4676 405 4732 sustollendo
417 4675 475 4731 huc
487 4674 615 4747 illucque
630 4675 707 4731 varie
718 4677 793 4732 lere·
849 4690 912 4729 rum
924 4672 1005 4746 regni
1014 4671 1138 4729 scelestis
1147 4672 1276 4741 creditis,
1288 4671 1312 4726 si
1330 4686 1376 4726 me
1389 4669 1470 4725 vobis
1480 4673 1578 4742 pertas
1588 4668 1670 4741 regni

96 4765 224 4821 dcalorc
240 4765 363 4838 perdito,
375 4767 454 4837 ipsus
470 4766 499 4820 in
526 4764 607 4820 nullo
623 4765 793 4823 comburere
849 4761 987 4817 coelorum
1003 4760 1242 4833 aperireeupitis,
1256 4758 1433 4814 Simoniacis
1448 4757 1538 4814 nolite
1554 4757 1670 4822 sociari,

95 4858 116 4909 t.
132 4854 186 4909 Pili
203 4871 319 4927 quoque
335 4855 442 4927 pedum
459 4856 523 4925 ejus
538 4854 794 4911 inlerssammosos
849 4850 939 4906 nolite
951 4849 1101 4922 conjungi,
1119 4847 1208 4904 nolite
1223 4846 1445 4903 communicari.

93 4961 111 4999 s
127 4944 332 5012 mittebantur,
348 4943 792 5016 sedomirullominipotcntial
886 4941 946 4994 lOli.
964 4940 1048 4998 Nunc
1063 4939 1171 5011 itaque,
1188 4938 1310 4994 Domine
1339 4942 1449 5005 sancte,
1479 4936 1671 5010 quielldueia

93 5032 110 5087 :i
126 5032 274 5089 laudanda
289 5032 462 5089 clemential
494 5033 684 5088 eorumnulli
707 5034 795 5089 odore
850 5028 1078 5103 recuperationis
1094 5033 1198 5084 nostra
1214 5028 1375 5084 secundum
1404 5027 1496 5082 Deum
1520 5026 1672 5082 insaucia

97 5122 252 5178 debentur.
267 5124 345 5176 luter
356 5122 591 5194 capillosnernpe
606 5124 731 5178 flammae
743 5124 795 5177 cir·
849 5118 1322 5189 SedeRomanaestposilu,vos‚
1351 5115 1400 5187 qui
1431 5114 1487 5187 ipsi
1510 5113 1672 5186 presidetis

93 5217 195 5283 gentes
211 5211 371 5282 intrabant,
390 5227 497 5282 eosque
510 5212 607 5266 llando
619 5212 754 5268 levabant
767 5218 796 5267 et
850 5225 980 5277 oramus,
997 5211 1029 5264 ut
1042 5207 1197 5279 rapacibus
1213 5204 1290 5278 lupis
1309 5222 1341 5261 ex
1358 5205 1478 5260 adverse
1494 5202 1671 5270 ascendatis,

93 5304 147 5371 snt,
160 5301 209 5357 sed
220 5318 272 5357 nec
288 5300 488 5356 summitatem
505 5300 631 5369 alicujus
641 5317 741 5356 eorum
753 5301 796 5357 vi·
851 5304 938 5369 atquc
948 5296 1150 5353 auctoritatem
1162 5288 1673 5365 sacerdotalisculminis,proovibus

93 5389 368 5461 sublilaepllurendo
381 5388 697 5460 retorquerovalebaul.
708 5390 797 5445 Erant
851 5386 1001 5443 vobisvice
1010 5386 1085 5441 Petri
1101 5384 1230 5447 creditis,
1245 5382 1410 5455 opponatis.
1429 5382 1535 5437 lterum
1551 5381 1672 5438 iterum·

96 5480 220 5536 llammae
237 5497 270 5535 ex
286 5480 365 5535 omni
375 5483 457 5551 parte
468 5478 566 5549 ipsum
576 5477 793 5549 concludentes,
851 5492 907 5549 qne
917 5475 1016 5532 cernui
1027 5473 1254 5532 sollicitudiuem
1267 5476 1392 5529 vestram
1402 5487 1522 5529 eramus
1533 5471 1627 5538 Peter,
1641 5474 1673 5528 nt

98 5569 130 5627 ld
145 5574 190 5628 est
204 5586 239 5627 ex
253 5568 335 5627 tenui
352 5568 411 5627 lino
427 5567 599 5627 conlectum.
