3892 6096
15 3297 17 3306 ι
131 3267 795 3346 niacensiscoenobiimouachnm,ablegarunt.
812 3273 951 3340 Quinum,

108 256 210 368 ‚aare
763 303 989 369 scamnum
1010 304 1038 368 11
1060 304 1175 367 esra
1757 293 1822 356 rere

112 437 263 495 Simoiaca
287 434 353 492 inbe
380 435 536 506 convictos,
566 437 726 505 damnavit,
756 443 785 496 et
809 438 938 512 legatam
954 438 982 506 Α
997 441 1103 505 ciente,
1119 437 1376 503 consecrataeeei,
1392 448 1460 489 cum
1484 424 1704 504 quantamala
1719 424 1822 483 Deilie-

119 525 450 598 adeamreprimendam
459 525 941 599 misitllagonemabbatemClani-
994 527 1088 584 alesia
1104 542 1172 583 eum
1184 524 1335 581 illaturum
1352 539 1416 580 esse
1429 522 1475 578 vir
1498 524 1630 577 sanctae
1648 520 1821 590 praesagant

118 630 264 672 accneem.
277 613 309 670 in
320 614 549 687 sequentisanni
561 618 939 690 synodoaiiabateranensi‚
995 617 1029 672 ut
1044 616 1122 672 haad
1139 617 1223 688 longe
1238 619 1314 688 post,
1337 612 1419 669 iestis
1442 607 1646 684 paschalibus
1672 604 1821 663 celebratis.

118 718 183 776 qaae
194 702 606 776 sextaiuitearamquaeabeo
619 712 939 780 congregataeconstat,
995 705 1157 761 Alexander
1171 721 1257 777 papa,
1274 702 1354 760 senio
1369 701 1532 766 coniectus,
1559 697 1670 752 Roma
1685 694 1716 749 in
1733 694 1822 767 palatio

119 789 231 862 aliquot
241 789 353 864 praelati
365 792 525 851 honoribus
534 795 613 851 exuti
625 802 704 852 sunt.
725 796 860 853 (libertas
873 801 942 854 Gor·
995 795 1181 850 lateranensi
1196 795 1280 850 beato
1295 792 1353 848 line
1368 789 1486 863 quievit.
1498 788 1597 859 Cujus
1616 784 1769 856 carpasia
1783 788 1821 840 ba·

119 877 194 952 rigia
202 878 378 952 Parmensis,
390 880 460 937 olim
480 882 640 955 imperialia
654 884 728 941 auia
739 885 942 953 cancellarius,
997 884 1079 941 silica
1093 883 1345 948 Constantiniana,
1363 880 1447 951 eujus
1462 876 1536 934 oiim
1562 873 1737 931 canonicas
1749 872 1821 930 ineat

119 970 222 1039 rogatu
235 969 373 1041 Augusta
389 971 521 1043 Agnetis,
538 973 775 1047 archiepiscopus
790 976 944 1032 Ravennae
997 977 1024 1030 et
1039 973 1069 1028 in
1085 989 1144 1045 qua
1158 972 1294 1028 eumdem
1310 970 1441 1026 ordinem
1464 965 1642 1038 collapsam
1661 962 1819 1033 restituerat,

122 1054 159 1112 ab
185 1054 349 1113 Alexandro
364 1075 449 1131 papa,
466 1076 635 1134 quanquam
651 1063 709 1119 iere
723 1063 813 1120 invito
827 1069 855 1120 et
870 1064 944 1119 reia·
999 1061 1146 1134 sepultam
1161 1064 1215 1117 est.
1235 1060 1297 1119 Non
1316 1058 1427 1120 vacavit
1440 1057 1540 1113 aedes.

598 1215 1818 1254 :W

505 1358 759 1454 NOTITIA
802 1359 1140 1455 HISTORICA
1183 1356 1443 1452 ALTERA.

588 1538 705 1608 (misr,
721 1537 844 1595 acaria
857 1536 1012 1611 senerata,
1029 1541 1100 1594 um.
1115 1536 1186 1607 xri,
1202 1553 1268 1611 pag.
1284 1535 1360 1608 aaa.)

159 1848 331 1920 Alexander,
345 1849 441 1922 patria
451 1848 689 1920 Mediolanensie,
703 1850 859 1925 epiecopus
873 1855 948 1907 Luc·
963 1861 1069 1928 Bvam
1084 1852 1135 1907 sed
1153 1849 1268 1905 viribus
1290 1847 1400 1921 ingenii
1424 1850 1453 1902 et
1476 1845 1577 1919 gretia
1604 1841 1740 1915 Spiritus
1753 1840 1825 1896 sancii

127 1936 499 2004 eeneie,anteaAneelmas
509 1944 707 2013 nuncupatus,
721 1944 856 2013 posttres
870 1956 950 1996 men·
1005 1938 1221 2011 admirabilem,
1232 1936 1480 1994 exarcbidiaoono
1497 1932 1618 1990 creavit
1634 1929 1824 1988 cancellariam

126 2041 174 2082 ses
187 2025 356 2100 interregni,
370 2045 385 2083 n
400 2028 599 2085 cardinalibus
624 2032 730 2085 sancta
745 2030 884 2086 Romana
898 2029 950 2085 llo-
1004 2029 1051 2085 cui
1074 2028 1215 2085 universa
1235 2028 1371 2084 Romane
1400 2022 1538 2080 llocieeia
1568 2017 1826 2078 administrationi

127 2113 220 2171 alesia
235 2112 364 2186 legitimo
378 2116 436 2172 rita
452 2117 581 2190 pontifex
595 2121 744 2175 Romanae
759 2117 849 2192 thne
860 2117 951 2174 nomi·
1004 2118 1100 2174 oiiioio
1111 2116 1351 2173 committeretur.
1361 2112 1517 2180 Gedaioas,
1530 2109 1692 2181 corruptis
1703 2122 1827 2178 aaropro

127 2202 174 2259 nis
184 2204 332 2260 secundas
345 2203 455 2263 eiectas
468 2209 512 2262 est
522 2222 599 2264 anno
609 2206 717 2264 Christi
727 2208 808 2278 1061,
819 2211 951 2280 tempore
1005 2206 1121 2263 ceribus
1135 2205 1232 2272 Urbis,
1247 2205 1370 2260 Romam
1381 2205 1492 2258 armata
1508 2215 1608 2255 manu
1624 2197 1744 2270 ingredi
1753 2200 1826 2250 tenta

127 2291 276 2365 regnantis
290 2293 406 2350 Henrici
421 2295 467 2350 IV.
484 2296 556 2352 Cam
573 2296 672 2354 obitus
686 2295 796 2353 Nicolai
812 2313 893 2370 papa
908 2296 951 2351 in·
1003 2295 1064 2352 vit:
1082 2296 1133 2352 sed
1144 2293 1281 2367 repulsas
1293 2307 1400 2365 magne
1412 2290 1459 2346 sai
1469 2287 1657 2345 confusione
1679 2284 1828 2357 adproprir

126 2380 282 2451 notaieeet,
298 2382 420 2440 comites
444 2383 603 2442 Tusculani
627 2390 656 2441 et
679 2384 826 2442 Galeriani
840 2384 949 2458 aliique
1005 2384 1131 2442 revertit.
1142 2387 1273 2455 Cumque
1283 2379 1451 2438 hacomnia
1461 2376 1696 2441 flerentetudio,
1705 2373 1827 2430 instincta

127 2469 250 2527 Romani
265 2486 411 2542 proceres,
426 2476 544 2545 propter
560 2473 654 2530 fredus
677 2490 745 2530 oum
759 2474 950 2530 Nortmannie
1005 2477 1034 2530 et
1047 2490 1135 2547 opera
1149 2472 1236 2529 istius
1251 2469 1382 2529 Gaiberti
1398 2461 1827 2543 principie,quemimperabi1

127 2557 233 2615 initum
248 2563 355 2616 sancta
375 2560 513 2617 Romanae
536 2561 670 2618 Ecclesia
693 2562 891 2619 cardinalibus
905 2562 950 2618 in·
1005 2561 1213 2619 cancellariam
1229 2561 1345 2627 iecerat,
1362 2556 1505 2632 singulari
1521 2555 1575 2612 Dei
1594 2553 1728 2611 coneilio
1743 2550 1828 2607 assidit

130 2647 215 2713 lensi,
239 2648 341 2707 habite
368 2650 592 2723 pseudosynodo
620 2650 790 2718 basileensi,
814 2651 951 2709 comitem
1006 2640 1828 2717 atsanctoAnnoniColoniensiarcbiepiseopo(qaiileo

128 2738 287 2811 quemdam
297 2736 674 2813 Galeriadepatarant,qai
684 2756 951 2797 coronamaaream
1005 2739 1099 2797 ricum
1109 2752 1207 2812 regem
1218 2753 1343 2810 puerum
1357 2736 1421 2808 jam
1438 2749 1589 2790 annorum
1603 2733 1712 2788 decem
1727 2734 1829 2786 amatu

128 2830 158 2883 et
167 2826 313 2900 insignem
322 2827 630 2899 patriciatuetitalum,
640 2829 783 2902 adregem
794 2829 951 2886 ilenricurn
1007 2833 1118 2902 Agnete
1127 2827 1314 2902 imperatrice
1332 2825 1521 2889 subduxerat,
1535 2821 1761 2893 blanditiisque
1773 2816 1830 2874 deli·

129 2915 272 2983 deierans,
284 2931 336 2988 pro
347 2916 478 2973 Romano
490 2917 626 2989 pontifice
638 2933 672 2973 ex
688 2916 889 2992 longobardia
899 2916 951 2974 eli·
1007 2918 1114 2985 uitam,
1130 2921 1359 2987 ceterorumque
1380 2913 1542 2970 Germania
1564 2910 1747 2983 principum
1761 2908 1830 2964 obeo·

129 3002 952 3078 gendosollicitarettlerdinaiee,circumventioneeoram
1007 2998 1830 3078 qaioireqaentatumetoaitam,educandamretinuerat)

130 3091 257 3164 cognita,
272 3091 351 3149 idem
365 3092 575 3165 praestiterant,
590 3099 619 3151 et
642 3095 679 3151 ad
701 3096 838 3152 eamdem
854 3110 951 3168 regem
1007 3096 1085 3169 regis
1099 3093 1234 3152 custodia
1244 3092 1365 3167 etregni
1385 3088 1621 3155 administratio,
1633 3086 1750 3144 habitis
1759 3087 1831 3142 desa·

129 3179 311 3254 Stephanum
322 3180 498 3238 cardinalem
510 3183 953 3256 presbyterumqaondamcla·
967 3225 989 3295 c
1009 3199 1061 3258 per
1074 3182 1210 3249 comitiis,
1225 3182 1461 3238 demandaretur.
1477 3183 1561 3235 lianc
1579 3182 1764 3250 potestatem
1778 3190 1830 3230 ocn-

1008 3275 1136 3340 secatae,
1148 3272 1183 3328 ad
1195 3287 1241 3328 ree
1247 3267 1610 3341 ecclesiecomponendas
1618 3264 1832 3338 atqueecbiemr

131 3357 220 3432 regiis
231 3358 374 3416 ministris
390 3359 586 3428 obstantibus,
597 3364 699 3418 contra
709 3362 759 3433 jae
769 3362 901 3436 gentiam
916 3362 953 3418 ad
1008 3377 1115 3418 noram
1127 3361 1214 3434 plane
1223 3359 1444 3431 exstirpandam
1456 3355 1583 3413 contulit
1592 3372 1628 3412 ee
1639 3356 1673 3412 in
1684 3354 1832 3417 ltaliamet

131 3446 312 3520 colloquium
325 3447 403 3522 regie
418 3464 477 3504 non
492 3448 705 3522 admitteretur,
719 3450 807 3507 rediit
821 3451 858 3506 ad
873 3467 954 3517 suos,
1009 3451 1132 3508 Romam
1144 3465 1238 3522 usqae
1248 3449 1390 3522 parvenit.
1403 3446 1473 3503 lnde
1495 3446 1526 3501 in
1536 3445 1738 3502 Germaniam
1754 3457 1830 3499 rever

102 3568 105 3575 ·
132 3536 264 3611 quidque
277 3535 334 3594 eibi
359 3537 504 3594 evenisset
530 3554 629 3594 coram
657 3538 796 3596 omnibns
809 3538 954 3613 exposuit.
1009 3536 1434 3608 sus,bortatnl‘eiri1)amiani
1458 3535 1669 3608 inpraesentia
1693 3534 1772 3607 regis
1785 3530 1829 3602 epi-

133 3624 222 3682 l‘aota
233 3623 383 3690 relatione,
393 3624 471 3682 circa
487 3624 631 3682 Kalendae
650 3625 782 3683 Octobris
792 3624 956 3683 cardinales
1010 3645 1166 3702 scoporam
1177 3628 1340 3685 Germania
1352 3629 1381 3683 et
1390 3624 1480 3682 ltalia
1488 3624 1642 3697 synodum
1657 3621 1830 3681 convocavit:

132 3711 302 3787 pontificem
315 3712 476 3787 elegerunt.
491 3729 551 3770 non
566 3729 653 3786 quem
667 3713 785 3782 velient,
800 3714 853 3771 sed
867 3729 955 3788 quera
1010 3735 1078 3793 qna,
1090 3721 1156 3791 post
1166 3716 1394 3790 disputationem
1405 3716 1482 3770 inter
1493 3713 1638 3770 Romana
1649 3709 1831 3769 Ecclesiaste

134 3803 196 3877 regi
210 3807 327 3877 gratam
342 3802 403 3859 iore
417 3803 579 3875 putabant:
606 3803 748 3861 nimirum
769 3802 955 3870 Anselmnm
1010 3808 1155 3865 tonsorem
1171 3810 1200 3863 et
1215 3806 1388 3863 advocatam
1404 3803 1518 3877 regiam
1541 3801 1698 3869 habitam,
1714 3800 1830 3858 omniun

135 3891 668 3967 patrieMediolaaenaem,epiecopum
679 3894 866 3962 luccensem,
878 3892 957 3965 regie
1009 3891 1831 3966 acclamationecadalouepseudopontilexeetdemnatas,

135 3980 956 4054 familiaremrwlaetluewgiaequuialumnumeidomc·
1011 3983 1168 4043 Alexandri
1197 3989 1294 4041 autem
1322 3982 1423 4040 electio
1453 3980 1660 4053 comprobata.
1679 3979 1764 4044 Quod
1779 3991 1831 4033 can

136 4068 256 4126 sticum.
267 4068 320 4125 Sed
333 4067 805 4140 quidacoiditiAuditaelectione
814 4068 956 4138 Anselmi,
1010 4077 1110 4132 Patres
1120 4072 1273 4130 Mantuani
1283 4071 1409 4140 concilii,
1433 4070 1480 4127 cui
1504 4072 1590 4125 Anno
1601 4068 1791 4126 actoriensis
1802 4065 1833 4120 it·

137 4173 201 4229 (liiae
215 4155 307 4212 ἱῦδῦὶθ
321 4159 350 4211 ii
364 4154 531 4212 i⁰⁰⁰¹¹⁸i¹¹i⁰
552 4172 620 4229 ¹⁸08ss
645 4157 825 4230 ῦθῡῒῑείθῦθῒ,
842 4156 958 4214 concla-
1011 4165 1130 4239 gatione
1144 4162 1221 4235 regis
1236 4161 1353 4218 nomine
1366 4161 1483 4216 iunctus
1498 4158 1577 4213 inter
1592 4158 1708 4229 fuerat,
1720 4170 1832 4213 suamn-

137 4243 494 4301 mataestabomaibusin
503 4243 774 4318 auiaregisinjuria
783 4246 845 4319 regi
864 4245 956 4303 illata·
1012 4245 1833 4312 tratiaconiirmassentetsobiemrticusseoundollrben

135 4337 259 4390 Hortata
273 4348 342 4406 ergo
365 4332 497 4391 Gaiberti
519 4333 687 4390 Parmensis
701 4334 876 4405 cancellarii,
900 4337 958 4393 dao
1011 4341 1167 4401 infeliciter
1181 4355 1348 4413 expugnare
1357 4340 1508 4404 tentasset,
1523 4335 1647 4392 undem
1660 4335 1833 4408 pseudopon-

137 4422 265 4497 episcepi
276 4421 393 4497 pabiioo
403 4422 600 4480 concubinatu
609 4422 820 4481 iniamaticam
830 4425 958 4482 Gerardo
1012 4432 1084 4489 tifex
1098 4448 1115 4486 a
1129 4429 1287 4487 schismate
1301 4428 1450 4494 recedens,
1472 4424 1564 4499 petita
1578 4429 1611 4481 et
1625 4424 1753 4481 obtema
1765 4419 1835 4479 rena

135 4511 186 4570 illo
201 4511 321 4570 Galeria
335 4510 442 4569 comite
454 4514 484 4568 et
497 4511 639 4586 sacrilego
650 4512 796 4585 praedone,
812 4529 900 4588 qaem
908 4514 959 4571 Ni·
1013 4519 1186 4586 Alexandro,
1203 4516 1304 4591 paucis
1319 4519 1387 4589 post
1401 4515 1503 4572 diebas
1525 4512 1638 4570 indam
1661 4509 1834 4570 moriemin-

137 4601 238 4660 colens
260 4601 292 4657 in
305 4602 436 4658 liomaao
445 4599 569 4658 concilio
577 4601 886 4670 excommunicaverat,
897 4603 961 4676 ipso
976 4601 1000 4666 ll
1015 4608 1116 4667 currit.
1136 4609 1268 4680 Augusta
1294 4623 1358 4679 qua
1382 4604 1498 4661 nelarie
1521 4600 1644 4660 cadaloi
1669 4594 1834 4675 promotioni

139 4688 959 4757 sifliosimonisseliud&00nv⁰111011i0b08d8100fflPw
1014 4698 1133 4765 laverat,
1145 4696 1345 4769 poeniteatram
1359 4698 1459 4750 antara
1468 4696 1594 4749 Romam
1604 4691 1691 4748 venit
1700 4688 1836 4748 adlimina

138 4795 270 4837 mensem
284 4779 454 4853 episcopam
472 4780 535 4851 jnm
564 4784 650 4836 antea
674 4779 959 4836 excommunicatum
1014 4784 1224 4860 apostoloram,
1253 4799 1344 4856 seque
1364 4799 1422 4840 non
1448 4784 1564 4838 tantam
1591 4779 1835 4852 imperiosorum

137 4867 298 4943 elegerant,
315 4884 480 4941 novamque
494 4868 626 4925 schisma
648 4869 843 4925 concitarunt.
859 4868 960 4927 Petras
1015 4876 1103 4932 etiam
1130 4873 1262 4930 saculari
1290 4889 1361 4929 cara
1389 4871 1545 4928 ethonore
1575 4872 1674 4925 totam
1693 4865 1836 4925 abdicarit

137 4957 272 5015 Damiani
288 4957 514 5015 schismaticum
529 4972 582 5030 per
596 4956 709 5013 litteras
723 4956 895 5030 increpavit,
910 4960 961 5016 sed
1015 4963 1179 5020 Alexander
1188 4961 1318 5036 pontifex
1328 4962 1426 5018 sedem
1450 4957 1647 5033 apostolicam
1669 4957 1772 5032 quiete
1781 4954 1836 5011 ade·

138 5050 253 5104 uatum
269 5046 400 5104 abaetat
415 5044 962 5118 homopestilenelitteriePetriexter·
1016 5059 1095 5128 ptus,
1107 5052 1281 5126 legationem
1293 5050 1417 5108 misitad
1428 5046 1603 5106 Eduardum
1624 5041 1837 5121 regamanglia

139 5135 213 5192 ritus
221 5139 360 5204 cessaret,
371 5139 405 5191 at
416 5135 505 5192 etiam
516 5134 579 5208 ipse
590 5133 781 5207 turpissimus
792 5135 963 5209 turpissime
1017 5159 1068 5218 pre
1082 5141 1237 5200 wulstano
1251 5138 1465 5213 wigorniensis
1488 5135 1630 5194 Ecclesia
1644 5135 1785 5209 episeopo
1797 5130 1837 5188 ai·

138 5221 255 5297 viveret,
283 5222 408 5297 aliisque
434 5222 559 5297 turpiter
594 5223 758 5281 viventibus
785 5226 961 5283 conniveret.
1017 5232 1122 5306 gendo.
1135 5231 1252 5289 Petram
1263 5228 1397 5287 Damiaui
1408 5225 1552 5300 ablegavit
1565 5225 1598 5282 in
1610 5225 1727 5282 Galliae
1737 5225 1839 5298 propter

141 5307 272 5384 Cumque
287 5329 321 5370 ea
335 5330 367 5370 re
380 5312 627 5370 incontinentiam
643 5311 814 5370 clericorum
829 5316 963 5373 omnium
1018 5320 1170 5394 angustias
1185 5320 1292 5392 quibas
1304 5318 1509 5377 cluniacenses
1520 5315 1664 5373 monachi
1680 5314 1839 5388 affligebam

142 5397 248 5455 enimin
275 5401 332 5458 sibi
360 5401 528 5460 conciliaret
547 5400 721 5474 libidinique
748 5404 829 5462 irena
843 5404 964 5476 laxaret,
1018 5414 1085 5481 tur;
1101 5410 1238 5467 eamdem
1254 5408 1336 5466 misit
1351 5406 1528 5465 Florentiam
1544 5405 1583 5462 ad
1595 5403 1736 5463 schisma
1745 5401 1839 5460 ibidem

141 5486 211 5545 dicti
222 5488 463 5561 euntGadaioita,
473 5490 770 5564 quiantealiiooiaitae
780 5493 963 5555 dicebantur.
1018 5502 1178 5559 condatum
1192 5501 1288 5557 denae
1303 5497 1550 5571 componendum.

177 5575 341 5636 Alexander
360 5579 603 5652 Hildebrandam,
629 5585 742 5641 stature
765 5584 882 5656 quidem
897 5604 964 5660 par·
1054 5591 1194 5651 Haresim
1219 5588 1441 5660 Nicolaitaram,
1470 5586 1522 5660 qui
1551 5583 1735 5645 clericorum
1762 5577 1840 5640 coni·
