3892 6096
119 146 177 213 ’171
649 138 682 198 S.
704 132 868 198 JOANNIS
890 132 1114 199 cumaeam
1135 134 1303 199 secaris
1771 134 1830 215 'ta

121 270 553 335 mentiametecnversationem
564 266 681 325 illorum
693 266 945 340 inspexit,neenon
960 268 988 335 Α
1003 283 1093 339 supra
1103 267 1298 341 quadraginta
1308 282 1401 325 annos
1416 266 1549 339 ejusdem
1564 262 1693 323 cenobii
1706 262 1826 325 cellara-

122 371 151 425 et
165 358 306 438 injuriam
322 359 452 436 pertulit.
468 360 551 415 'lunc
573 355 665 424 Prior,
681 355 732 428 qni
753 354 802 411 ille
818 359 948 427 tempore
1002 356 1064 413 rius
1080 355 1133 412 luit
1149 360 1179 413 et
1194 372 1325 429 coquus;
1343 373 1396 413 nec
1407 372 1549 429 umquam
1564 371 1617 428 pro
1633 353 1736 412 labore
1750 352 1825 427 celle

123 458 235 524 aderat,
252 454 288 510 ad
303 464 419 508 sacrum
431 446 569 503 Ordinem
581 462 648 502 eum
657 460 826 517 promovere
836 442 946 515 velens,
1002 446 1131 502 descruit
1145 446 1274 501 osticium
1288 445 1429 517 coquina,
1444 461 1496 501 nec
1505 461 1557 517 pro
1571 443 1673 500 labore
1686 444 1823 516 coquina,

123 549 152 602 et
167 548 199 601 ut
223 539 411 598 stabilitatem
436 537 528 605 daret,
544 535 650 605 renuit,
673 534 743 605 quia
766 533 829 603 ejus
854 532 948 589 servor
1002 551 1102 591 euram
1119 534 1218 591 omisit
1233 534 1321 591 cella.
1338 534 1477 591 Tuneillc
1497 535 1591 591 Teazo
1607 534 1666 606 (31)
1678 534 1825 607 magnani-

124 630 242 690 nonnisi
256 629 286 685 in
314 625 479 684 coenebitnli
493 625 550 682 vita
565 628 637 692 erat,
654 629 686 679 ut
709 622 785 679 beati
801 621 948 679 Benedicti
1003 623 1059 679 mis
1072 624 1160 693 venit,
1172 625 1220 697 qui
1237 626 1279 680 ita
1294 641 1387 696 usque
1402 624 1437 679 ad
1453 627 1598 680 senectam
1615 622 1760 679 charitate
1773 622 1823 681 ler-

124 715 500 793 Regulaindieat.lmperat
510 711 560 770 ille
571 712 729 781 discedere,
742 711 946 784 suumqusde-
1002 729 1072 770 vens
1085 714 1205 780 exstitit,
1222 718 1254 769 ut
1269 731 1325 769 non
1342 713 1438 770 solum
1448 712 1573 779 animas,
1589 712 1641 768 sed
1660 711 1750 769 etiam
1766 730 1822 771 om.

124 807 266 866 siderium
291 802 461 878 adimplere.
477 803 580 859 Fertur
594 818 730 873 namque,
746 800 844 856 divino
868 816 947 856 reve·
1002 802 1052 859 nia
1065 802 1153 859 vellet
1166 803 1275 858 mederi
1292 819 1424 875 corpora.

123 897 205 953 lanta
230 894 352 968 Spiritu,
369 893 500 949 dixisse:
518 893 607 959 Vade,
624 896 653 947 et
678 895 763 945 tuum
778 889 946 945 institutum
1038 892 1082 947 15.
1098 892 1234 948 Exierant
1249 892 1284 947 ds
1296 893 1415 965 prelato
1426 891 1556 947 canobio
1568 890 1689 947 Fratres
1698 890 1822 965 plerique

122 986 229 1058 incipe·
246 984 299 1050 Qui
323 985 391 1038 inde
414 981 598 1055 progestans,
615 981 650 1035 ad
675 978 767 1035 Vallis
790 978 947 1034 Unrbresa-
1001 980 1132 1054 exemplo
1148 982 1297 1053 etlamore
1320 981 1453 1048 loannis,
1470 984 1497 1036 et
1512 980 1547 1035 ad
1574 995 1645 1035 eum
1669 978 1820 1049 venientes,

123 1092 194 1132 num
210 1074 268 1146 (28)
279 1072 405 1146 perrexit
421 1072 518 1127 videre
533 1069 640 1126 locum·
650 1068 705 1124 Ubi
720 1084 786 1123 cum
798 1067 947 1141 pervenis·
1002 1087 1105 1126 novam
1123 1086 1190 1125 eum
1215 1087 1248 1126 eo
1263 1070 1519 1143 apprehenderunt
1544 1066 1777 1126 conversionem.
1790 1068 1819 1125 lli

121 1168 177 1230 set,
193 1167 349 1234 susceptus
359 1166 403 1217 est
412 1164 561 1233 gratanter
573 1176 590 1214 a
601 1158 717 1213 duobus
731 1156 880 1212 Fratribus
895 1154 948 1211 ibi·
1001 1158 1132 1232 Magistri
1148 1161 1280 1232 exemplo
1305 1165 1333 1215 et
1357 1158 1567 1226 exhortatione,
1583 1159 1657 1215 dnm
1684 1158 1715 1213 in
1729 1163 1821 1217 sareu

122 1255 189 1309 dem
200 1247 693 1318 morantibus,lieetsejunctis.Oui
711 1262 777 1300 crim
790 1244 948 1317 placuisset
1003 1248 1110 1304 seruere
1130 1249 1286 1320 coepissent
1310 1248 1506 1316 conversione,
1523 1250 1677 1303 tantorum
1700 1246 1819 1304 virorum

122 1343 214 1409 ¹⁰⁰⁰⁸a
231 1341 347 1396 stimate
363 1337 533 1395 dsslibssffll'll
548 1352 692 1409 Ermum·
1001 1336 1087 1410 coepit
1100 1337 1176 1393 lame
1187 1337 1284 1410 spargi
1295 1337 1435 1409 undique.
1449 1338 1506 1393 tloe
1519 1335 1720 1403 audiensltta,
1735 1338 1818 1393 sancti

447 1461 561 1518 Cgpqps
580 1462 605 1517 H
1000 1424 1096 1481 l’laris
1111 1426 1167 1497 (32)
1188 1426 1353 1498 abbatissa,
1370 1427 1456 1497 cnjus
1466 1426 1528 1497 juri
1553 1425 1636 1482 locus
1653 1424 1817 1498 pertinebat,

126 1557 155 1613 5.
170 1554 307 1613 tobaaaea
322 1553 482 1610 dantbertus
494 1553 583 1607 narica
597 1550 747 1621 discipulos
757 1549 857 1621 pietate
868 1548 946 1603 illus·
1000 1515 1100 1586 gavisa
1125 1514 1224 1584 nimis,
1236 1515 1317 1571 mim
1328 1516 1370 1571 ⁰5⁵
1386 1514 1528 1572 libsffl'um
1543 1518 1572 1571 et
1584 1514 1720 1571 limum
1732 1531 1817 1588 ΨΜ·

158 1630 212 1684 tres
225 1626 280 1682 siti
293 1625 432 1691 adsciscat,
443 1640 524 1680 nares
543 1638 577 1677 ue
591 1622 681 1691 rigide
694 1624 808 1687 exercet,
820 1636 836 1673 a
846 1620 945 1690 quitus
959 1642 983 1707 B
999 1603 1213 1675 tulumcunque
1237 1604 1413 1660 snbssldlfflll·
1431 1604 1498 1668 Sedu
1522 1608 1567 1703 Ul·
1578 1602 1619 1659 all
1645 1603 1813 1676 Al³⁰⁸i⁰¹¹¹³²

154 1700 186 1754 ot
201 1698 335 1754 caritatem
349 1698 480 1752 virtulem
490 1640 596 1750 aciae
611 1695 734 1765 osticium
747 1694 886 1763 eracapere
900 1708 943 1747 co·
999 1692 1106 1748 Omnes
1121 1693 1171 1764 qui
1181 1692 1226 1766 pie
1240 1692 1446 1749 voluntvivore
1456 1692 1486 1746 in
1501 1692 1617 1749 Christo
1632 1692 1717 1760 lesu,
1729 1708 1813 1767 perse·

155 1773 243 1839 dilut-
999 1781 1145 1837 cutionem
1165 1781 1337 1852 patiuntur3
1355 1785 1415 1837 tam
1440 1798 1557 1854 gravem
1572 1781 1813 1839 infestationem

154 1878 197 1930 13.
215 1876 276 1939 Quo
291 1874 331 1929 ibi
349 1876 489 1938 morante,
506 1876 534 1927 et
558 1871 588 1926 in
604 1876 706 1927 sancta
722 1868 941 1926 conversatione
999 1870 1177 1942 quibusdam
1201 1870 1271 1926 viris
1297 1871 1419 1943 iniquis,
1432 1870 1645 1944 instigantibus
1674 1870 1812 1943 spiritibus

118 1964 297 2036 proliciente,
314 1980 373 2018 non
389 1966 433 2017 est
449 1966 524 2017 Deus
540 1977 645 2032 passus
670 1958 720 2014 diu
736 1957 885 2014 lucernam
900 1956 943 2013 la·
1000 1958 1147 2032 malignis,
1159 1964 1229 2015 tane
1240 1964 1311 2015 sunt
1325 1960 1414 2031 passi,
1426 1961 1461 2016 de
1476 1959 1538 2016 loco
1551 1959 1811 2035 volentibuscxpel·

118 2058 288 2124 tere‚qaam
298 2052 483 2123 disposuerat
495 2050 531 2105 ad
543 2048 826 2105 multorumanimas
838 2045 945 2102 illumi·
999 2048 1057 2103 l·re
1072 2065 1131 2116 eos,
1148 2052 1180 2103 ut
1194 2064 1243 2104 eos
1258 2049 1347 2105 etiarn
1363 2050 1482 2105 taederet
1498 2048 1602 2105 vivere.
1615 2050 1671 2116 Oui
1690 2049 1811 2107 innoeen-

118 2141 232 2197 nandas
256 2157 344 2213 super
369 2139 501 2196 Ecclesiae
529 2154 635 2211 ponere
659 2136 877 2193 candelabrum.
900 2135 944 2190 dd
998 2138 1069 2192 tiam
1086 2142 1114 2193 et
1128 2137 1299 2210 patientiam
1317 2137 1538 2210 amplectentes,
1550 2139 1615 2209 ejus
1630 2138 1729 2195 verbis
1741 2144 1810 2195 etse

118 2231 367 2303 comprobandam
393 2245 521 2301 namque
544 2230 607 2300 ejas
622 2227 710 2283 vitam
734 2225 941 2293 venerabilem,
997 2227 1078 2282 tibus
1093 2228 1169 2283 laona
1183 2243 1235 2298 pro
1251 2226 1336 2283 malis
1360 2227 1524 2295 reddentes,
1541 2229 1608 2299 post
1624 2225 1721 2285 malta
1734 2232 1808 2285 certa·

117 2322 235 2377 Creator
249 2319 382 2376 omnium
394 2335 493 2375 rerum
505 2323 580 2374 Deus
596 2316 771 2373 miraculum
785 2316 894 2371 ibidem
906 2316 943 2371 ab
998 2315 1079 2371 mina
1093 2317 1191 2388 adepti
1206 2320 1275 2372 suut
1289 2316 1414 2390 gratiam
1429 2322 1458 2373 et
1471 2316 1637 2373 victoriam.

117 2408 382 2482 ipsosuiadventus
393 2414 534 2481 tempore,
547 2422 728 2478 usquenunc
740 2406 943 2461 demonstrare
1032 2406 1076 2460 lo.
1094 2406 1264 2461 Manserunt
1281 2410 1410 2478 tempere
1426 2406 1529 2470 multe,
1543 2405 1677 2479 ligneum
1693 2410 1807 2464 tantum·

117 2498 265 2572 dignatur.
277 2498 351 2553 Nam
367 2497 453 2553 arbor
463 2497 607 2568 quadam,
618 2513 682 2567 quoe
697 2493 785 2567 vulgo
799 2494 941 2566 lagusvo-
998 2494 1085 2549 medo
1110 2492 1251 2550 habentes
1275 2494 1452 2550 Oratorium.
1468 2494 1668 2583 indigentiam
1692 2496 1806 2554 victuum

116 2592 209 2654 catur,
220 2604 310 2659 supra
320 2602 378 2642 nen
391 2584 476 2657 longe
491 2584 580 2639 aleco
590 2583 734 2649 eminens,
748 2599 799 2654 per
809 2581 942 2654 singulos
996 2586 1106 2638 tantam
1123 2582 1253 2655 perpessi
1268 2587 1347 2651 sunt,
1365 2592 1398 2639 ut
1412 2583 1587 2657 plerumque
1603 2588 1665 2642 tres
1678 2602 1730 2659 per
1743 2586 1805 2643 diem

115 2692 208 2733 annos
218 2679 286 2731 ante
296 2673 492 2729 omnesllores
504 2672 648 2744 producit,
662 2671 797 2743 tollisque
807 2669 939 2725 vestitur.
996 2688 1088 2726 unum
1103 2671 1264 2728 dividerent
1288 2689 1404 2745 panem.
1419 2674 1606 2746 Quaecunque
1629 2679 1712 2731 eraut
1726 2690 1804 2733 came

153 2764 196 2819 11.
214 2764 287 2819 Nam
299 2763 442 2833 danielus
453 2760 596 2833 paulatim
612 2760 689 2815 lama
702 2776 753 2832 per
763 2760 941 2815 vicinitatem
996 2760 1066 2816 rutro
1081 2765 1110 2815 et
1124 2761 1253 2816 vestiarii
1277 2762 1366 2817 unius
1391 2763 1537 2835 capacitas
1561 2763 1732 2821 continebat
1742 2761 1804 2821 sacci

116 2852 240 2909 diffundi
256 2851 403 2924 coepissat,
414 2853 563 2922 caeperunt
577 2850 613 2906 ad
629 2866 696 2905 eum
711 2849 809 2905 venire
825 2847 900 2919 laici,
913 2854 941 2905 et
996 2850 1062 2921 (33).
1079 2849 1111 2905 ln
1127 2866 1184 2919 qua
1194 2850 1243 2904 dia
1255 2850 1377 2922 penuria
1391 2852 1431 2907 ita
1441 2856 1524 2908 erant
1532 2852 1700 2910 exultantes
1709 2857 1736 2911 et
1746 2870 1804 2929 gau·

116 2940 214 2997 cleriei
224 2940 318 3011 gratia
333 2938 509 2995 visitationis
521 2942 549 2994 et
563 2937 771 2993 conversionis.
781 2937 857 2992 lnter
867 2953 940 3008 quos
995 2938 1107 3007 dentes,
1122 2936 1201 2993 velut
1222 2938 1318 2993 solent
1341 2937 1430 2995 laetari
1446 2939 1581 2997 homines
1596 2940 1687 2998 ceteri
1710 2940 1805 2999 deliciis

116 3028 165 3084 ille
180 3032 250 3084 tuno
264 3026 439 3083 venerabilis
455 3026 616 3098 qualitatis,
632 3031 660 3082 et
675 3026 703 3080 in
721 3025 869 3098 Religiene
885 3009 977 3083 ser-G
997 3025 1210 3098 multiplicibus
1222 3026 1364 3095 ferculati,
1375 3032 1404 3083 et
1414 3028 1519 3100 opibus
1532 3029 1635 3087 nimiis
1651 3030 1804 3089 ditatiOa·

115 3114 307 3173 vastissimus
319 3116 418 3171 llerize
427 3115 494 3188 (29),
504 3116 552 3187 qui
567 3121 665 3171 eustos
677 3115 808 3170 Fratrum
821 3120 849 3172 et
860 3115 942 3171 Prior
995 3119 1101 3187 parunt
1116 3115 1261 3172 conllucrc
1273 3116 1308 3171 ad
1320 3132 1386 3171 eum
1404 3117 1439 3172 de
1455 3117 1577 3174 diversis
1589 3118 1803 3190 partibusetirm

114 3205 253 3271 existens,
270 3220 361 3276 supra
374 3204 495 3275 triginta
509 3221 602 3260 annos
624 3203 653 3259 in
670 3204 771 3261 eodem
787 3209 885 3261 mente
900 3205 941 3261 ita
995 3204 1164 3277 longinquis
1179 3205 1287 3271 elerici,
1302 3209 1331 3261 et
1345 3204 1412 3261 laici
1422 3206 1803 3278 gratiaconversionis.l'onc

115 3293 230 3351 stabilis
238 3297 478 3366 perseverans,ut
488 3293 517 3348 in
527 3293 573 3349 his
584 3310 634 3349 nce
644 3292 733 3349 semel
746 3293 941 3362 [descenderit
994 3294 1072 3348 venit
1081 3291 1127 3348 ille
1138 3309 1264 3365 magnus
1277 3294 1419 3350 Rodullus
1430 3295 1497 3367 (31),
1509 3296 1571 3367 [qui
1584 3302 1716 3370 tempore
1726 3296 1803 3355 multo

116 3382 162 3455 de]
178 3388 278 3439 monte
293 3383 328 3439 ad
345 3382 438 3439 villas.
451 3384 534 3438 Tune
549 3381 597 3438 ille
613 3399 735 3438 summm
750 3383 901 3455 gravitatis
912 3388 941 3440 et
995 3382 1023 3436 in
1040 3383 1143 3439 eedem
1158 3381 1221 3438 loeo
1236 3399 1336 3439 curam
1359 3382 1567 3456 hospitalitatis
1583 3384 1699 3459 habuit,
1713 3388 1804 3461 etpost

115 3471 267 3545 praecipuae
282 3471 467 3528 discretionis
476 3470 651 3528 venerabilis
662 3471 798 3527 Albertus
808 3473 875 3545 (31)),
889 3472 939 3545 qni
995 3471 1164 3527 monasterii
1181 3471 1343 3528 lluseetaai
1358 3473 1415 3546 (35)
1430 3489 1530 3530 euram
1552 3476 1646 3547 gessit
1661 3475 1692 3533 ia
1706 3476 1803 3533 abbata

115 3614 265 3671 Orientem
279 3614 422 3670 estivam.
439 3615 541 3669 Exacta
565 3613 647 3669 locus
663 3613 828 3685 descriptus
843 3620 887 3671 est
902 3617 939 3672 ab
992 3639 1059 3679 vero
1076 3625 1209 3679 mortuus
1221 3622 1328 3678 dieitur
1343 3640 1419 3679 auno
1432 3625 1510 3693 1095,
1527 3626 1544 3680 6
1559 3627 1693 3708 Augusti,
1704 3626 1802 3700 quodie

114 3685 279 3759 Augustino
290 3685 494 3742 Florentinoin
504 3684 632 3740 Historia
647 3684 874 3758 camaldulensi,
886 3686 937 3744 lib.
994 3694 1218 3750 annuntiatore
1243 3694 1448 3767 lllartyrologio
1472 3696 1672 3755 ltenedietrnc.
1689 3698 1744 3755 Nos
1756 3698 1802 3753 istc

118 3757 144 3824 l,
160 3772 193 3811 ea
218 3799 223 3811 .
240 3756 285 3811 30.
993 3766 1039 3821 die
1055 3766 1166 3821 cultum
1182 3766 1246 3837 ejus
1261 3766 1506 3824 examinabimus.
1524 3768 1596 3825 Vide
1611 3770 1677 3841 ejus
1691 3770 1735 3829 elo
1753 3770 1801 3825 'um

151 3828 196 3897 (28
236 3826 468 3886 Voltis-Umbram
495 3827 583 3908 etiam
607 3827 771 3910 antiquitus
801 3828 940 3885 scribitur
993 3837 1071 3909 apud
1087 3837 1264 3913 Locatellum
1279 3836 1442 3912 linaeap.
1456 3840 1485 3908 8,
1497 3844 1525 3895 et
1539 3839 1568 3895 in
1582 3840 1719 3917 Oetalogc
1751 3838 1800 3897 imii

118 3898 202 3953 Vallis
215 3900 354 3961 Imbraso:
388 3916 427 3955 ua
441 3899 476 3953 de
500 3916 530 3954 re
545 3914 588 3954 sic
604 3898 705 3953 scrrbrt
728 3898 835 3954 Xanles
850 3900 939 3956 Peru·
994 3926 1030 3982 pa
1053 3951 1059 3962 ,
1076 3910 1129 3962 287
1143 3913 1171 3965 et
1184 3912 1247 3963 288.

115 3968 199 4027 sinus
226 3969 256 4025 in
279 3970 345 4025 Vita
369 3915 398 4025 i.
414 3972 528 4026 tonante
543 3969 705 4053 Goellerti:
731 3970 769 4024 db
793 3972 936 4041 r'mtrilrna,
1039 3980 1084 4051 32)
1100 3978 1174 4035 illibi
1198 3979 1338 4036 scribitur
1359 3981 1471 4052 lliltare,
1487 3981 1542 4038 etsi
1566 3982 1597 4038 in
1623 3984 1800 4042 instrumento

133 4056 179 4095 uos
198 4041 280 4097 Voltis
294 4042 400 4096 crebros
414 4042 514 4110 gignit,
529 4044 593 4096 aaut
608 4057 654 4111 qur
669 4040 819 4096 lustratam
833 4048 936 4101 noces.
993 4050 1392 4107 donationislttaeabbatissae
1403 4053 1505 4109 Hilarii
1515 4053 1542 4110 le
1563 4052 1801 4129 atur,utestapud

113 4056 182 4167 ilici
196 4114 284 4182 mepte
297 4111 418 4183 placent,
432 4114 480 4182 qui
495 4113 528 4167 ab
542 4113 641 4167 umbra
657 4113 816 4168 Orrttroscm
830 4116 938 4173 dictam
992 4121 1148 4195 Ughellum
1163 4126 1234 4177 tom.
1252 4128 1265 4177 l
1280 4122 1343 4179 ltal.
1360 4123 1424 4181 Sao.
1442 4124 1497 4180 col.
1512 4070 1576 4181 22ἧΙ

114 4180 255 4261 uetant..
579 4252 610 4267 ..
711 4255 716 4265 ¹
841 4256 846 4266 Ι
1027 4192 1083 4264 (33)
1098 4193 1269 4249 Sensushie
1284 4194 1418 4249 nonnihil
1432 4197 1576 4253 obscurus
1589 4197 1802 4271 est.Vultsigm·

151 4251 207 4323 (29)
223 4250 274 4306 Ηιο
295 4253 402 4320 itariae,
418 4253 653 4319 Ertaao,Eracaas,
664 4255 762 4309 Erreus
775 4257 937 4325 (varrahree
992 4265 1088 4333 ficare,
1105 4265 1176 4320 adeo
1192 4272 1305 4321 curtam
1323 4266 1412 4322 luisse
1428 4268 1580 4324 monachis
1593 4269 1799 4343 supellectilem,

115 4322 243 4379 nominis
257 4322 374 4379 inllexic
398 4326 538 4406 eamdem·
556 4340 711 4406 porsonam
734 4326 891 4400 significat)
906 4330 936 4385 in
992 4337 1025 4391 ut
1038 4335 1146 4402 omnia,
1164 4352 1226 4408 quas
1242 4338 1277 4393 ad
1299 4336 1401 4393 cellam
1417 4354 1469 4394 seu
1485 4339 1656 4397 cubiculum
1672 4340 1800 4399 atvestls·

112 4393 248 4520 Catalogo
263 4393 398 4451 Venantii
413 4395 495 4453 Simii
510 4396 617 4451 dieitur
631 4397 739 4453 obiisse
754 4402 771 4453 O
787 4399 936 4457 Februarii
952 4384 976 4448 Ῑ)
992 4406 1069 4463 rium
1085 4409 1266 4480 spectabant.
1282 4409 1334 4463 uni
1349 4425 1432 4467 sacco
1448 4415 1569 4483 possent
1584 4412 1709 4485 imponi.

113 4481 189 4522 anno
229 4465 436 4540 baasamque
458 4465 630 4535 Locatellus,
655 4468 752 4537 Wion,
769 4469 936 4538 bladardus,
1028 4478 1083 4550 (3-1)
1097 4478 1240 4535 Rodullus
1261 4479 1307 4535 hio
1333 4485 1537 4551 postmortem
1551 4488 1580 4539 S.
1605 4482 1801 4543 scaunistrat

112 4536 288 4610 Bargusios,
303 4539 579 4611 Ferrarius,aliique
594 4542 671 4595 Beati
681 4540 936 4613 titnlecxernant;
992 4549 1063 4605 terti
1100 4550 1156 4606 luit
1198 4552 1287 4607 totius
1314 4552 1432 4608 Ordinis
1483 4554 1645 4625 Generalis,
1684 4562 1714 4613 et
1743 4552 1800 4613 obiit

114 4609 457 4667 sedBollandusnester
482 4610 663 4666 ecdietom.
680 4612 704 4666 ll
722 4612 869 4669 Februarii
887 4613 935 4670 lol.
991 4621 1026 4674 22
1040 4621 1219 4691 Novembris,
1236 4639 1312 4678 anne
1341 4624 1418 4693 1076,
1435 4629 1467 4680 ot
1491 4625 1735 4685 habenti'sbula
1746 4624 1799 4681 td·

113 4681 167 4735 276
181 4680 266 4739 illum
289 4681 366 4739 inter
390 4682 602 4754 praetermissos
627 4682 786 4752 collocavit,
801 4702 833 4741 eo
859 4687 935 4757 quod
991 4691 1196 4749 lambrosana.
1219 4695 1297 4750 later
1312 4696 1415 4751 Beatos
1426 4696 1585 4754 rel'ertura
1607 4697 1799 4775 Maayrotogto

115 4752 263 4808 decretam
287 4754 313 4809 ei
337 4753 484 4825 publicam
509 4754 545 4810 ab
572 4753 700 4810 Ecclesia
720 4757 935 4814 venerationem
991 4763 1177 4820 Benedictino
1192 4769 1221 4820 et
1233 4765 1426 4838 scriptoribus
1442 4767 1705 4829 vallumbrosanis.
1719 4772 1747 4827 ln
1759 4776 1801 4825 Aa·

113 4823 245 4879 nendum
260 4828 459 4896 comperisset.
744 4898 749 4908 ⁵
992 4836 1028 4890 tis
1043 4837 1151 4891 nestris
1167 4853 1220 4893 suo
1236 4843 1366 4909 tempere
1380 4838 1477 4894 locum
1497 4840 1628 4910 habebit,
1644 4844 1670 4899 si
1686 4844 1721 4899 de
1733 4840 1798 4899 culto

148 4894 206 4963 (30)
223 4896 304 4949 Hune
318 4894 570 4952 Albertumetiam
581 4899 789 4953 Fectinomtnc
808 4900 936 4971 compel·
991 4907 1163 4963 eonstiterit.
1191 4910 1310 4964 Interim
1334 4910 1398 4964 vide
1413 4911 1478 4981 ejus
1503 4911 1633 4987 elogium
1660 4914 1736 4989 apud
1756 4914 1798 4967 te

112 4962 175 5019 lant
197 4964 367 5047 Franelrius·
384 4966 435 5022 lib.
461 4969 479 5020 5
502 4984 568 5040 pag.
586 4969 646 5039 117,
665 4969 828 5025 locatellus
851 4971 936 5027 libz’
991 4978 1124 5033 nautium
1142 4979 1266 5035 Simiam
1284 4981 1313 5035 in
1340 4981 1475 5063 catalogo
1490 4998 1556 5056 pag.
1572 4985 1638 5053 258,
1654 4984 1797 5043 Eudoxias

111 5050 175 5107 cap.
191 5036 219 5104 5,
228 5035 347 5119 'Simius
360 5054 388 5092 rn
405 5036 551 5163 Catalegot
567 5044 662 5120 1³³&ss
676 5058 682 5108 ἱ
699 5041 748 5112 ‘lui
764 5041 854 5124 videti
871 5060 936 5116 pos·
989 5050 1166 5105 Lceatellum
1180 5050 1230 5106 lib.
1245 5054 1273 5120 2,
1289 5069 1352 5125 cap.
1370 5055 1395 5117 1,
1412 5051 1554 5125 altosque.

112 5109 191 5187 sunt,
209 5123 233 5163 sr
259 5124 327 5179 qurs
350 5108 435 5180 plura
450 5109 486 5163 de
530 5125 563 5192 oe
584 5127 644 5166 vtro
669 5128 756 5194 nosse
779 5114 934 5196 desideret.
1026 5122 1139 5247 (35)]Βο
1163 5121 1254 5194 hujus
1278 5124 1446 5180 monasterii
1472 5132 1531 5181 srtu
1546 5131 1576 5182 et
1597 5127 1796 5186 constructione

111 5176 251 5234 Erremus
266 5183 388 5236 estas.
405 5180 522 5235 Alberto
538 5181 670 5250 ejusdem
686 5184 804 5240 Ordinis
818 5186 934 5256 abbate,
989 5192 1053 5247 vide
1094 5194 1208 5249 idaeum
1220 5195 1796 5281 Franchiumlib.8,pag.234.Detitolc

112 5248 148 5303 dc
164 5265 222 5320 quo
234 5255 331 5308 aetum
345 5258 390 5308 est
402 5254 438 5307 20
453 5251 532 5320 ltlaii,
547 5256 617 5306 tom.
634 5256 658 5305 V
674 5270 739 5327 pag.
756 5256 819 5311 251.
990 5268 1089 5319 nutem
1104 5265 1226 5320 abbatiae
1242 5271 1270 5322 ct
1285 5267 1471 5324 immunitato
1495 5270 1588 5326 videri
1603 5276 1701 5355 potest
1712 5276 1751 5327 Aa
1786 5293 1795 5307 ·

147 5319 190 5401 (31
195 5320 293 5391 )ΑΙίιιο
301 5323 415 5379 videtur
425 5324 461 5379 ad
473 5324 822 5399 Teuzone,dequocapite
832 5346 935 5401 praee·
989 5336 1085 5392 atinus
1102 5336 1232 5394 Lubinus
1248 5339 1277 5394 in
1290 5339 1371 5395 Erevi
1381 5338 1490 5397 Notitia
1504 5341 1699 5401 abbatiarum
1713 5343 1726 5401 1
1769 5356 1794 5407 c·

111 5388 191 5445 denti
206 5395 304 5449 actum
316 5399 360 5451 est
372 5413 378 5451 :
391 5400 465 5453 Nam
479 5395 553 5452 alter
564 5397 624 5467 jam
640 5411 727 5453 senex
736 5403 934 5484 erat,quand0
989 5424 1055 5483 pag.
1070 5409 1141 5469 211..

111 5460 140 5519 S.
154 5461 269 5522 tescaio
291 5464 431 5529 Gaatterti
452 5484 520 5526 eum
535 5466 650 5526 consilii
675 5484 764 5528 causa
778 5471 868 5547 adirt;
885 5474 934 5533 hie
