3892 6096
50 333 92 402 93
545 334 700 397 utstou.
725 333 776 395 ott
797 331 941 397 rursus
964 331 1279 407 QUAEsrtotusus.
1723 334 1762 398 ill

51 471 111 530 boc
127 466 345 543 repeterequod
361 465 497 523 fidelibus
507 467 622 524 cunctis
633 470 752 540 praestet
767 482 882 539 semper
896 468 925 534 Α·
938 470 1108 538 reprobatos
1123 466 1242 539 quidem
1257 465 1377 523 indicat.
1394 467 1449 524 Sed
1462 484 1515 525 cur
1528 466 1570 524 ita
1584 467 1645 525 sint
1658 482 1762 542 purum

51 560 162 619 vivere.
203 598 209 607 ·
939 553 1121 627 agnoscitur.
1137 556 1274 622 Quamvis
1288 555 1365 612 enim
1383 573 1417 611 ex
1432 573 1502 614 neca
1515 558 1583 614 Jesu
1596 557 1701 614 Christi
1717 559 1762 613 iu·

91 646 319 706 affluentibus
330 659 458 717 namque
469 643 622 718 discipulis
633 644 674 701 ait
685 643 772 701 Jesus
784 644 885 700 :Amen
938 638 1111 717 telligantur
1123 644 1265 711 damnati,
1280 649 1379 700 tamen
1395 662 1484 717 quare
1499 646 1529 702 iu
1544 651 1657 703 tantam
1681 646 1762 703 caeoi·

51 734 116 798 ater
127 737 204 796 wbia
218 737 285 808 quia
299 736 421 792 cedrum
430 749 501 790 unus
510 750 554 790 rie
563 733 720 791 traditurus
734 733 883 805 esttuotttr.
938 733 1085 800 tatem‚vel
1101 733 1253 806 perfidiam
1268 733 1425 790 inciderint
1434 738 1468 792 ut
1478 734 1549 792 talis
1563 740 1765 809 perpetrarent

52 828 146 900 xxvi).
161 826 230 882 idox
244 823 425 881 contristatis
438 821 498 879 illis
512 827 541 879 et
554 822 802 896 interrogantibus
818 822 885 895 quis
938 823 1078 879 nescitur.
1094 822 1235 879 Similiter
1248 840 1283 879 ex
1297 823 1411 879 occulto
1434 824 1485 881 Dei
1506 825 1618 897 judicio
1639 825 1763 899 contigit

54 921 147 985 esset,
163 913 316 987 respondit
330 911 507 969 dedicans:
520 912 574 980 Qui
587 913 699 983 intiaqit
712 927 819 968 meeum
827 928 885 967 mo·
939 911 1017 982 quod
1033 910 1165 983 plurimas
1183 912 1279 967 adhuc
1289 917 1390 984 gentes
1405 913 1436 969 in
1450 912 1763 981 infidelitate,detinen·

53 1022 127 1063 num
138 1007 172 1060 ia
185 1001 458 1077 perpotentiam
472 1001 572 1069 trudet,
590 1005 644 1057 etc.
661 1000 885 1073 (ditionibus
938 1001 1135 1072 turquodquc
1151 1001 1325 1073 multi,proh
1350 1001 1447 1058 dolor!
1464 1001 1596 1058 ridellum
1612 1002 1765 1059 subitanea

53 1095 190 1170 prosette
203 1091 301 1149 verbis
324 1090 355 1146 in
379 1090 482 1147 eodem
508 1089 586 1146 Juda
606 1088 752 1161 judicium
768 1089 885 1146 Domini
938 1093 1043 1155 morte,
1058 1089 1101 1145 vel
1119 1089 1217 1163 aliquo
1233 1090 1374 1148 exitiabili
1390 1107 1459 1147 casu
1475 1095 1537 1147 tam
1554 1090 1659 1147 anime
1676 1106 1765 1163 quam

49 1185 175 1258 justum
189 1180 404 1247 manifestatus
422 1179 501 1251 quia,
516 1179 588 1235 dum
603 1180 668 1251 ejus
683 1178 797 1235 mulitia
809 1196 885 1252 pree·
939 1177 1069 1250 corporis
1084 1178 1312 1251 precipitantur.
1474 1184 1477 1189 '

53 1273 183 1340 dicitnr:
197 1269 343 1345 arguendo
358 1271 565 1342 praemonetur.
973 1268 1067 1323 Terra
1083 1284 1199 1340 quoque
1223 1272 1310 1338 atque
1334 1269 1488 1324 hominum
1514 1268 1664 1341 sterilitas,
1681 1269 1765 1326 varia

94 1363 132 1419 ll.
148 1360 303 1417 praemissa
313 1358 433 1415 Domini
448 1357 536 1414 verba
550 1356 636 1429 longe
655 1355 740 1413 aliter
754 1374 771 1413 a
786 1356 887 1431 pteris·
939 1355 1098 1413 mulierum
1114 1357 1301 1430 gravidarum
1318 1357 1497 1426 abortiones,
1511 1358 1635 1416 insolitu
1654 1363 1765 1431 tempe·

57 1465 122 1526 qne
141 1448 316 1507 sentiuntur.
330 1447 456 1504 Videtur
477 1445 566 1514 euim,
591 1445 661 1518 quia
684 1444 762 1502 idem
786 1445 887 1502 intelix
939 1447 1040 1511 states,
1066 1445 1197 1516 potentia
1221 1445 1391 1518 impiorum,
1416 1447 1553 1503 nativitas
1578 1451 1767 1503 monstruosa

56 1535 395 1610 tenuereparcae
408 1535 506 1592 verbis
517 1535 558 1592 ita
573 1534 612 1591 sit
625 1535 764 1592 astriotes
775 1539 807 1592 ut
818 1535 884 1592 nul·
940 1534 1135 1605 quorumdam
1146 1539 1175 1590 et
1185 1535 1341 1591 hominnm
1353 1539 1381 1591 et
1392 1534 1709 1607 animalium‚hostium
1720 1536 1766 1591 in·

59 1625 278 1688 tamam-attur
292 1641 382 1698 quam
396 1624 510 1681 Veritas
525 1623 657 1697 predixit
672 1639 757 1696 agere
776 1628 885 1696 posset.
941 1621 1334 1694 cursio,pestilentiae‚lames
1349 1624 1485 1697 ignisque
1499 1624 1686 1698 depopulatio
1696 1623 1768 1681 alia·

92 1717 126 1776 da
138 1714 272 1782 uusado
284 1714 356 1786 baec,
372 1714 398 1770 si
413 1730 470 1770 non
484 1714 516 1769 in
530 1712 597 1769 aliis
619 1711 775 1784 Scripturas
798 1728 886 1768 sacre
941 1727 997 1783 que
1013 1711 1060 1767 his
1075 1711 1184 1768 similia
1198 1713 1336 1769 eveniunt
1351 1730 1385 1770 ex
1399 1714 1514 1770 occulto
1528 1713 1578 1770 Dei
1589 1714 1712 1786 judicio.

57 1803 482 1872 temmtauutsscamovere
494 1802 608 1875 aliquos
617 1801 722 1857 merito
731 1802 884 1874 potuisset.
977 1801 1017 1856 lix
1032 1802 1140 1873 quibus
1156 1802 1294 1859 omnibus
1310 1801 1457 1874 colligitur
1467 1803 1537 1875 quia
1551 1804 1692 1875 perjusta
1706 1803 1769 1876 qui·

58 1888 597 1966 uauttarnamqueetmtntettigenda
607 1890 777 1960 hujusmodi
788 1891 887 1961 verba,
944 1890 1009 1946 dem
1026 1895 1054 1947 et
1069 1889 1183 1947 occulta
1197 1891 1248 1947 Dei
1259 1891 1373 1964 judicia
1388 1892 1480 1948 Deum
1496 1891 1610 1962 timere,
1634 1908 1668 1948 ac
1681 1908 1768 1948 vene·

59 1981 192 2043 &nehiel
206 1978 622 2055 propbsiaindicatenipsius
635 1979 749 2035 Domini
765 1995 890 2052 persona
943 1978 1012 2046 rari,
1029 1979 1114 2051 eique
1130 1979 1299 2036 omnimodo
1314 1980 1419 2049 subdi;
1436 1997 1487 2053 per
1503 1981 1669 2038 necessaria
1688 1996 1767 2038 vero.

59 2072 161 2131 dicens
177 2089 184 2128 :
203 2073 269 2129 Viuo
282 2087 341 2143 epo,
356 2069 569 2126 dicitllominue
590 2069 671 2136 Deua,
688 2069 750 2124 noto
775 2073 890 2126 mortem
943 2084 1009 2140 quae
1024 2068 1157 2125 maxima
1184 2069 1300 2141 pietatis
1325 2068 1429 2124 divina
1455 2069 1564 2125 indicia
1579 2074 1659 2138 sunt,
1674 2069 1767 2126 Deum

58 2163 152 2235 impii,
179 2160 228 2218 sed
248 2168 281 2216 at
303 2162 477 2216 moueatur
490 2174 507 2212 o
522 2159 569 2213 viu
583 2173 635 2213 suu
650 2160 677 2213 et
690 2159 763 2213 υιυαι
782 2158 888 2230 (Esset.
944 2173 1054 2223 emere,
1070 2174 1210 2232 spemque
1226 2175 1343 2214 omnem
1358 2162 1387 2214 et
1408 2158 1496 2214 fidem
1519 2158 1549 2213 in
1573 2159 1637 2230 ipso
1661 2174 1769 2231 ponere

58 2251 171 2324 amu).
188 2245 553 2322 tit-panlo-pastspertius
576 2246 732 2318 subjungit
755 2246 856 2303 dicens
881 2264 887 2302 :
943 2245 1129 2303 instruimur.
1318 2234 1324 2248 ’

58 2341 196 2400 Etiamsi
212 2337 309 2396 dim
331 2338 418 2410 impio
440 2355 450 2392 :
475 2337 564 2392 inerte
586 2337 731 2398 morisim
756 2343 783 2391 et
805 2337 891 2406 euers
980 2336 1011 2390 ll.
1027 2334 1094 2391 Jam
1111 2335 1182 2392 satis
1198 2334 1361 2392 instructus
1372 2352 1441 2391 sum·
1455 2335 1491 2391 de
1501 2335 1683 2406 judiciorum
1695 2333 1768 2390 divi·

55 2430 265 2505 penitentiam
280 2427 426 2484 osorum
450 2428 477 2482 et
498 2440 557 2481 noa-
568 2427 701 2481 mouetur
715 2424 806 2496 (lbid.)
822 2425 891 2490 Qua
944 2440 1048 2480 norum
1059 2423 1200 2496 qualitate
1208 2423 1239 2480 in
1247 2424 1460 2496 quadripartita
1469 2424 1608 2480 distincta
1619 2425 1767 2493 varietate;

59 2516 305 2576 nimirumdtota‘·
320 2515 353 2570 iu
376 2513 498 2571 tisschia
517 2528 584 2586 rege
601 2513 688 2581 Juda,
705 2517 733 2569 st
747 2513 777 2569 in
791 2513 890 2570 Achab
943 2511 1068 2584 ideoque
1082 2529 1180 2586 perge,
1197 2529 1305 2585 queso,
1323 2514 1358 2568 sd
1375 2528 1409 2568 ea
1424 2529 1487 2586 que
1504 2513 1553 2568 diu
1569 2512 1742 2585 promisisti.

60 2622 135 2681 rege
146 2605 248 2673 lsrael-3
259 2604 486 2677 maximeque’in
496 2601 632 2661 Ninivitis
642 2602 780 2674 leguntur
789 2603 896 2676 imple-⁴
980 2602 1009 2658 0.
1018 2601 1167 2657 laetanter
1178 2618 1282 2675 pergo;
1299 2602 1348 2658 sed
1362 2605 1394 2657 tu
1406 2619 1523 2674 quoque
1533 2601 1685 2674 proximus
1694 2605 1767 2668 esto,

61 2692 461 2765 maerensmaerens
484 2695 600 2749 constat
621 2690 787 2748 immutatis
802 2692 888 2748 iacta.
944 2688 1056 2746 seilicet
1070 2691 1225 2747 attendens
1236 2692 1300 2763 jam
1316 2691 1396 2747 dicta
1407 2691 1566 2763 animoque
1580 2689 1768 2756 revolvens‚si

61 2781 591 2854 Unde-satisdeetaraturquiaverua
601 2780 836 2837 divina-mortem
847 2781 891 2837 in·
943 2777 1014 2850 quid
1030 2778 1060 2834 in
1075 2778 1123 2835 his
1140 2779 1259 2836 forsitan
1276 2780 1365 2835 lateat
1379 2780 1457 2853 quod
1472 2784 1501 2837 te
1515 2781 1651 2855 ignarum
1671 2778 1768 2836 adhuc

62 2871 265 2941 lemntnull13
281 2870 333 2929 sed
348 2871 482 2944 nequitia
493 2870 624 2927 humana
638 2870 679 2925 ite
693 2884 745 2942 per
763 2869 889 2925 infideli·
944 2871 1067 2924 moveat.

61 2967 156 3020 suns
169 2964 304 3018 meretur
315 2959 414 3016 deludi
438 2963 470 3014 ut
492 2963 571 3016 Deus
591 2957 726 3014 videatur
740 2958 797 3014 sibi
811 2957 889 3014 nolle
978 2957 1010 3011 ll.
1026 2956 1072 3013 Nil
1088 2973 1209 3028 prorsus
1234 2974 1281 3013 me
1297 2961 1394 3014 movet
1418 2958 1447 3013 iu
1470 2957 1516 3014 his
1540 2958 1680 3015 duntaxat
1704 2975 1767 3031 quae

65 3050 208 3110 mimeris
943 3044 1127 3102 discutiendo
1140 3051 1211 3103 sunt
1226 3046 1350 3119 prolata,
1366 3047 1505 3119 quoniam
1521 3047 1706 3104 multimodis
1720 3064 1767 3103 sa·

94 3145 130 3198 n.
147 3137 375 3211 litiliterigltur
386 3135 554 3210 opinionem
569 3137 765 3209 quorumdum
789 3134 887 3203 intuli,
943 3149 997 3188 crae
1012 3134 1169 3206 Scriptura
1185 3135 1363 3192 testimoniis
1375 3139 1511 3192 coustant
1525 3136 1695 3210 approbata.

67 3230 221 3302 meadum
235 3238 302 3284 eam
316 3229 421 3300 apertu
431 3224 785 3297 rationedestruxisti,me
798 3223 888 3281 simul
904 3211 925 3280 G
980 3222 1010 3278 u.
1026 3222 1056 3278 Si
1072 3238 1140 3294 ergo
1155 3222 1219 3280 ideo
1236 3224 1397 3296 quidquam
1422 3228 1513 3281 restat
1537 3226 1682 3297 ignotum,
1698 3224 1779 3296 quia

66 3317 201 3375 docuisti.
218 3315 437 3388 tlud'emgome
451 3314 502 3371 hic
514 3314 642 3387 amplius
658 3313 900 3380 immoreris‚scd·
946 3310 1010 3367 sine
1024 3311 1207 3368 discussione
1221 3318 1266 3368 est
1280 3312 1437 3384 prolatum,
1450 3330 1502 3369 cur
1517 3329 1575 3368 non
1590 3314 1620 3367 in
1637 3311 1767 3367 medium

68 3407 98 3463 ad
111 3403 448 3480 propositumrertoria.
465 3402 631 3468 Ouiaenim
655 3403 801 3460 revelante
820 3402 890 3471 Deo,
945 3399 1117 3472 pmmpsisti
1141 3400 1177 3455 ad
1206 3400 1448 3457 discutiendum?
1473 3401 1571 3457 Proser
1592 3399 1681 3471 igitur
1695 3398 1767 3470 quid

69 3499 95 3551 rt
105 3495 213 3562 oredo5
225 3491 446 3550 satis-mserastl
462 3508 525 3564 que
539 3493 601 3549 sint
611 3491 788 3563 judiciallei
799 3490 891 3561 mani·
944 3487 993 3555 sit,
1009 3487 1033 3544 si
1048 3487 1170 3545 forsitan
1184 3492 1250 3545 ante
1273 3489 1427 3562 propositas
1451 3487 1623 3561 questionis
1647 3485 1767 3545 solutio·

69 3580 214 3641 meua
227 3579 482 3654 tripertita-specis
497 3579 646 3648 distincta,
666 3580 705 3635 id·
720 3582 774 3647 eet,
795 3578 890 3650 juste·
944 3592 1013 3633 nem
1028 3576 1101 3634 solvi
1116 3577 1219 3651 possit.

70 3668 431 3743 miajustasimul
446 3675 475 3726 et
490 3669 761 3741 necessariamque
773 3665 898 3741 singula·
1234 3693 1351 3751 CAPUT
1370 3693 1479 3750 XXVII·

10 3838 12 3851 Ι
72 3756 899 3858 imiSimili*ilfilblssll3ffl100millu*⁶¹lssil0t'
945 3782 1004 3853 Quo
1016 3784 1160 3839 reticeret
1175 3787 1239 3854 quot
1253 3783 1340 3840 modis
1354 3786 1448 3854 pratia
1462 3784 1511 3841 Dei
1524 3784 1649 3840 dumnoc
1664 3784 1779 3842 mutto·

72 3846 336 3920 aderatquassiut
346 3845 596 3919 smuttapmrsus
610 3845 898 3920 etrgnctastudeae·
1294 3855 1419 3912 socedat.

72 3936 225 3995 nudem

979 3971 1074 4026 tleiur.
1091 3970 1233 4042 Superius
1248 3970 1357 4043 itaque,
1373 3987 1441 4027 oum
1466 3971 1501 4027 de
1526 3970 1633 4027 divinis
1646 3969 1767 4043 judiciis

357 4038 476 4096 GAFST
494 4038 592 4096 XXVI·
944 4057 1088 4114 disserere
1104 4059 1227 4130 cepisti,
1241 4058 1296 4116 hoc
1311 4058 1400 4115 simul
1420 4059 1567 4133 protulisti
1582 4059 1651 4131 quia
1674 4061 1768 4132 gratia

71 4131 215 4203 drenow
233 4131 330 4204 speeie·
338 4128 506 4186 'muneram
512 4128 697 4256 statuorum,
713 4144 778 4201 tw
790 4127 887 4183 distiti·
943 4146 1054 4203 sciticet
1067 4147 1279 4215 divina,omnin
1290 4149 1409 4205 excedat
1417 4148 1558 4205 virtutum
1570 4149 1767 4205 humanarum

386 4211 433 4257 Μ’
446 4216 512 4258 ⁰⁶⁶²
525 4208 563 4258 ‘⁰-
944 4236 1059 4292 merita.
1072 4237 1154 4301 Quod
1171 4238 1305 4308 quamvis
1320 4238 1482 4294 certissime
1498 4237 1766 4310 noverim,quiata·

99 4322 174 4380 orati
190 4322 445 4398 Videnturitaque
458 4325 563 4382 merito
577 4325 672 4382 vocari
689 4324 741 4381 illa
754 4324 803 4380 Dei
811 4323 889 4396 judi·
943 4341 1011 4381 men
1027 4325 1174 4382 interdum
1189 4327 1346 4383 tentatione
1357 4332 1386 4384 et
1395 4326 1530 4384 illusione
1540 4327 1683 4383 diabolica
1695 4326 1767 4383 adeo

70 4411 238 4470 maeoniis
250 4413 604 4488 quarutsuperiusdlxi
621 4413 889 4486 nuttispraceden·
945 4414 1130 4487 constringor
1145 4418 1178 4471 ut
1193 4415 1314 4488 id‚quod
1331 4421 1442 4473 certum
1454 4421 1482 4472 et
1493 4417 1682 4473 notissimum
1693 4414 1766 4470 mihi
1853 4440 1864 4453 -

10 4568 12 4573 ¹
69 4500 154 4572 tilium
168 4501 480 4577 nimbusquentib'us
498 4503 627 4574 indiciis,
651 4519 703 4558 cur
728 4503 806 4558 laeta
829 4502 889 4558 sint
943 4504 1025 4576 prius
1050 4507 1121 4570 erat,
1135 4508 1206 4559 tunc
1220 4506 1267 4560 vix
1293 4521 1449 4578 agnoscere
1467 4505 1590 4574 valeam,
1606 4521 1717 4578 precor,
1734 4507 1768 4558 ut

68 4590 410 4662 moamrntnmtittvarbi
425 4591 528 4665 gratia,
536 4591 703 4648 immutatio
719 4606 888 4665 regnorum,
903 4577 927 4643 D
942 4592 1042 4666 eliqua
1055 4592 1194 4648 doctrine
1209 4595 1296 4649 verba
1311 4611 1328 4650 a
1343 4599 1371 4650 te
1387 4594 1488 4650 audire
1505 4609 1628 4664 merear,
1640 4608 1766 4665 quorum

68 4680 363 4752 mitt-Melissi
374 4681 489 4755 Regum
504 4679 579 4738 libro
594 4680 798 4753 multipliciter
812 4680 892 4737 lauta
942 4680 1085 4737 memoria
1099 4681 1273 4754 intempore
1286 4682 1456 4738 tentationis
1471 4682 1625 4737 roboratus
1641 4680 1767 4736 minusa

66 4765 179 4843 igitar,
193 4772 225 4829 et
238 4771 405 4846 reprobatio
423 4771 631 4844 quorumdam,
647 4769 733 4827 velut·
749 4771 836 4841 lissa,
852 4771 888 4828 de
941 4787 1010 4826 vera
1026 4770 1083 4826 tide
1099 4770 1261 4843 notitiaque
1276 4771 1420 4826 recedam.

65 4870 125 4931 quo
142 4859 276 4918 dicitur:
292 4861 364 4918 Esau
386 4860 447 4918 odio
471 4861 557 4917 tobei
578 4861 666 4933 (Rom.
691 4860 749 4931 rx);
765 4864 794 4916 et
808 4858 889 4916 illius
979 4858 1189 4930 0.lixquiritur
1202 4863 1231 4915 et
1245 4858 1413 4931 agnoscitur
1424 4858 1529 4915 meritc
1545 4861 1622 4916 unde
1632 4858 1768 4916 subsistit

64 4944 388 5024 deqnainlitaagello
400 4949 543 5022 scriptum
554 4950 679 5023 estquis
688 4949 887 5007 accesseritad
942 4947 1039 5004 omnis
1054 4948 1152 5004 home.
1169 4946 1269 5003 (tretia
1284 4963 1411 5019 namque
1426 4948 1476 5003 Dei
1492 4948 1607 5004 cunctis
1621 4952 1667 5004 est
1677 4962 1767 5005 causa

63 5033 302 5105 immedicatae:
318 5038 887 5113 Ssqmrthuocuaqueieristllottt.v1u).
942 5036 1094 5092 manendi.
1115 5036 1192 5105 Quae,
1217 5035 1284 5092 licet
1307 5036 1493 5093 inellubititer
1519 5053 1605 5093 omne
1628 5036 1766 5093 meritum

64 5122 368 5202 Sitrapreltatuseet
381 5144 401 5184 a
413 5127 537 5184 flemina
552 5126 681 5185 dicente:
690 5129 787 5201 Vulpes
795 5131 888 5201 sorece
942 5125 1062 5181 excedat
1076 5124 1306 5197 humanum‚sex
1321 5129 1419 5181 temen
1431 5125 1525 5181 modis
1534 5125 1766 5198 precipusvids-

65 5211 169 5286 ΗΜ,
184 5219 212 5276 d
222 5218 347 5277 sueres
356 5216 526 5281 eattns'dbss
542 5218 630 5273 ditius
653 5221 748 5274 umen
767 5218 889 5274 hominis
943 5215 1152 5271 turexcedere.
1166 5215 1201 5270 st
1216 5213 1310 5287 primo
1326 5215 1444 5287 quidem
1459 5214 1582 5282 excedit,
1592 5230 1659 5270 cum
1675 5212 1768 5269 homi·

64 5305 286 5366 militabitis&
307 5310 388 5382 cupiti
411 5320 498 5364 sama·
511 5307 631 5364 reclinet-
643 5307 747 5379 (ibid).
764 5307 847 5364 Siout
861 5309 890 5362 st
943 5320 1022 5372 nem,
1038 5302 1174 5375 originali
1190 5303 1277 5377 culpa
1296 5304 1378 5375 justo
1404 5303 1449 5359 Dei
1471 5303 1582 5374 judicio
1606 5303 1766 5374 inclusum,

64 5388 184 5452 illorum
193 5396 356 5470 dequibus
369 5396 407 5453 in·
420 5396 548 5453 ttctlbns
566 5395 765 5469 apostolorum
782 5395 890 5468 legitur
943 5393 1055 5464 absque
1069 5391 1138 5448 ullis
1154 5393 1384 5465 precedentibus
1399 5392 1512 5447 meritis
1524 5407 1576 5464 per
1585 5392 1767 5464 baptismum

66 5481 138 5552 iffi
146 5484 291 5558 prohibiti
311 5490 383 5544 sunt
404 5483 528 5558 apostoli
545 5485 694 5542 eiaverbe
712 5483 818 5540 salutis
838 5484 888 5540 de·
943 5480 1081 5549 absolvit;
1098 5482 1308 5549 secundarum
1323 5480 1584 5537 bominialimenta
1597 5480 1766 5536 innumera-

10 5590 12 5597 ·
66 5572 205 5632 milam
222 5575 291 5649 (ma.
307 5574 487 5649 mielltque
502 5577 548 5630 set
562 5573 685 5646 pertidia
707 5573 888 5641 ludaeorum,
942 5569 1014 5626 bilia
1028 5585 1062 5625 ex
1075 5568 1165 5626 variis
1180 5568 1325 5626 fructibus
1351 5568 1493 5642 producta
1518 5569 1621 5625 tribuit
1643 5569 1767 5642 ejusque

66 5662 718 5740 wurmeaateuaespertemioqam
738 5661 895 5738 Scriptura)
943 5657 1075 5719 serumst
1090 5655 1337 5717 cuncta-visibilia
1351 5656 1485 5730 subjicit-3
1502 5657 1598 5731 tertio,
1620 5672 1688 5715 cum
1712 5656 1765 5717 bo·
