3892 6096
42 298 84 359 pp
535 280 689 343 oltuoo.
712 279 765 341 ΒΕ
785 279 928 344 salsos
951 281 1265 352 OUAESTIONlBUS.
1714 286 1755 354 98

46 421 168 502 probari
183 417 278 494 possit
288 417 417 489 justum,
429 417 527 471 ettam
538 412 645 470 subtile
655 417 688 469 ut
698 413 761 484 ejus
771 411 876 468 intima
891 422 915 488 Α
933 413 971 469 aei
985 413 1136 487 imopiaem
1149 427 1174 474 et
1188 419 1400 477 similitudinem
1413 424 1536 477 nostram
1551 424 1629 491 (Gen.
1646 424 1678 491 1),
1694 438 1756 481 om-

46 515 98 573 Vl¹
113 510 222 585 ³¹5q⁰i⁸
235 506 331 564 valeat
345 505 462 562 mille·
478 503 530 560 9³⁰
544 509 653 572 [ammte
666 519 774 574 (103390,
791 500 814 557 Βῑ
828 501 876 571 t'u·
934 503 1041 576 niaque
1052 507 1242 578 providentur
1254 513 1282 564 et
1295 509 1570 567 decernuntur.llaee
1584 512 1703 584 quidem
1715 513 1751 570 de

47 604 164 662 dicium
178 600 290 673 ipsum,
306 595 384 669 quod
399 595 429 650 in
444 599 564 665 parente
587 591 680 664 primo
696 591 805 647 lactum
822 592 878 655 est,
934 593 1089 667 utriusqus
1105 597 1196 668 partis
1213 597 1395 670 principibus
1410 600 1448 655 sit
1464 601 1550 657 dieta.

47 681 881 766 singulariscertaminiscxprimittypumquiscongres·
971 683 1044 747 Ouid
1069 690 1167 741 autem
1193 687 1228 741 do
1252 692 1482 743 concertatorum
1506 690 1646 762 qualitate
1661 693 1758 750 dicere

47 800 101 842 sor
115 786 162 839 est
175 777 264 851 ejus?
280 775 407 846 denique
422 777 570 830 certamen
586 769 700 826 nullum
716 768 793 825 valet
816 786 880 826 esse
936 772 1037 841 debeo,
1050 790 1116 830 cum
1130 793 1231 831 curtim
1242 777 1369 849 cognitio
1383 776 1422 833 sit
1437 778 1465 832 in
1482 781 1604 850 aperto?
1620 786 1659 838 ορ
1670 782 1760 840 unius

47 889 106 948 per
118 884 225 928 unum·
936 879 1074 936 namque,
1090 865 1189 933 idest,
1207 867 1337 921 mandati
1353 866 1442 923 divini
1457 869 1588 939 potentia
1602 875 1630 925 et
1645 871 1761 928 sortitu·

90 963 121 1019 0.
138 960 318 1030 Congressur
331 953 431 1027 igitur,
452 950 497 1007 vel
524 953 714 1017 concertator,
731 948 800 1015 sive,
818 952 882 1003 uta
936 950 1004 1007 diue
1015 952 1106 1009 lsaias
1123 955 1309 1026 proplietam
1325 956 1437 1011 Domini
1449 959 1672 1029 personadicit:
1689 961 1761 1029 Quo·

50 1049 234 1125 quibusdam
250 1045 307 1102 diei
323 1042 408 1125 solet,
424 1041 620 1105 adversarius,
636 1040 671 1094 de
684 1054 741 1110 quo
757 1037 880 1092 interro·
936 1040 1014 1096 morlo
1028 1041 1166 1098 deseendit
1188 1045 1275 1099 imber
1299 1052 1324 1099 et
1347 1048 1398 1100 nir
1417 1047 1449 1100 de
1462 1047 1539 1116 emto,
1556 1055 1582 1102 et
1603 1049 1671 1103 illue
1686 1050 1762 1106 littra
1863 1076 1867 1084 ·

50 1158 122 1216 gas,
137 1137 309 1195 mandatum
326 1131 439 1189 Domini
456 1128 639 1202 intelligitur.
656 1127 738 1192 Quod
755 1126 818 1181 ideo
834 1125 884 1180 ud·
938 1145 992 1183 riou
1007 1132 1164 1201 reuertitur,
1181 1136 1247 1199 etc,
1268 1151 1371 1205 usquo,
1387 1136 1427 1190 sic
1451 1136 1502 1190 erit
1526 1137 1637 1192 certam
1661 1154 1760 1211 ineam,

52 1228 182 1288 versant
195 1224 311 1283 nomine
321 1220 505 1294 exprimitur,
516 1219 586 1292 quia
597 1217 676 1273 omni
688 1215 802 1288 negotio
818 1230 882 1286 per·
938 1218 1009 1289 quod
1023 1221 1180 1289 epredietur
1205 1222 1240 1277 de
1265 1238 1310 1277 ore
1333 1239 1400 1278 metr.
1417 1229 1478 1282 Non
1492 1229 1641 1282 reperietur
1664 1228 1701 1282 ad
1719 1244 1763 1284 m,

52 1333 158 1381 νθΐδῡ,
174 1313 248 1387 (ὶῦοᾶ
267 1311 356 1367 horno
372 1308 482 1376 Studet,
497 1307 678 1362 adversatur·
695 1303 777 1359 Unde
802 1307 829 1358 ei
853 1301 883 1355 in
937 1324 1054 1362 voertam
1065 1328 1076 1373 ,·
1089 1310 1135 1364 seit
1144 1312 1405 1383 sarictqaecuuqne
1420 1315 1505 1381 rotro,
1516 1324 1542 1371 et
1557 1316 1763 1388 prosperabitur

55 1403 218 1478 Evangelio
232 1400 373 1458 Dominus
388 1397 459 1453 dicit
474 1414 480 1453 :
496 1399 558 1452 listo
572 1396 742 1450 consentiens
757 1392 885 1448 utinmo-
939 1398 970 1452 ie
984 1397 1027 1452 itis
1041 1397 1075 1452 oti
1091 1415 1151 1469 que
1165 1401 1233 1455 misi
1247 1401 1319 1455 illoti
1334 1404 1408 1471 (lsai.
1425 1403 1480 1472 nv).

56 1498 107 1552 '50
121 1485 168 1551 Μ
182 1494 246 1559 α’(θν
260 1490 326 1546 dum
340 1504 367 1544 0³
386 1489 416 1543 5²⁸
431 1488 477 1542 ”ia
492 1502 554 1540 Cim
567 1500 597 1541 ⁶⁰
612 1483 721 1556 (Mih-
737 1483 776 1554 V)-
976 1485 1103 1542 Verbum
1121 1493 1218 1543 autem
1234 1495 1262 1545 et
1278 1491 1450 1546 mandatum
1467 1492 1496 1546 in
1516 1493 1666 1566 Scriptura
1681 1512 1764 1553 sacra

98 1585 185 1641 Porro
195 1583 220 1639 si
231 1580 349 1636 dubitas
358 1577 426 1650 quia
435 1574 620 1631 adversarius
631 1573 684 1629 hoo
694 1570 793 1627 inloco
805 1586 886 1625 man·
941 1574 1100 1647 sepissime
1111 1594 1163 1648 pro
1174 1595 1325 1636 unosensu
1337 1580 1765 1651 positums11issenullumfflor

57 1674 163 1731 datum
175 1669 291 1727 Domini
304 1668 408 1724 debeat
422 1663 555 1736 intelligi,
567 1662 629 1736 lege
645 1666 761 1717 sanatos
772 1659 885 1731 exposi·
942 1663 1102 1720 litteratum
1114 1666 1258 1724 dubitare.
1270 1668 1323 1723 Sed
1337 1669 1362 1723 si
1374 1669 1440 1740 quis
1452 1670 1523 1726 torte
1535 1671 1659 1740 dubitat,
1670 1689 1765 1730 oxom-

58 1768 151 1829 i⁰l082
164 1764 194 1816 Oi
208 1760 249 1815 iit*
263 1756 365 1831 DP00⁰l
381 1753 470 1810 dubio
485 1753 624 1807 invenies.
641 1754 712 1806 Cum
728 1765 796 1821 ergo
812 1749 886 1802 duos
942 1752 991 1826 pla
1007 1771 1023 1809 a
1039 1754 1123 1809 bauto
1134 1755 1245 1811 loanne
1259 1757 1336 1812 dicto
1351 1758 1459 1812 audiat.
1475 1759 1548 1814 Dicit
1561 1761 1639 1816 enim
1656 1763 1764 1835 inllpi-

61 1846 339 1918 concertatores,vel
350 1842 531 1902 adversarios
542 1841 721 1911 habeas‚pr0
733 1837 888 1909 utriusqus
943 1840 1018 1897 stola
1034 1859 1088 1898 sua
1105 1861 1111 1899 :
1129 1845 1179 1912 Qut
1194 1844 1262 1899 dicit
1276 1862 1304 1900 se
1315 1862 1393 1901 nosse
1409 1847 1504 1915 Deum,
1518 1856 1543 1903 et
1557 1851 1692 1905 oroaduto
1706 1853 1765 1924 ejus

60 1941 167 2015 partis,
183 1938 213 1994 id
237 1941 282 1993 est
306 1935 356 1990 Dei
380 1937 408 1990 et
430 1930 569 2001 hominis,
585 1929 721 2001 aequitate
740 1925 889 1999 singulare
943 1948 1000 1985 non
1015 1934 1142 2000 custodit,
1158 1918 1276 1989 mendae
1289 1943 1336 1990 cst.
1355 1937 1408 2003 Qui
1425 1944 1516 1992 erstem
1538 1947 1629 1994 serrat
1652 1939 1765 2017 eertum

64 2035 215 2087 certamen
230 2027 377 2092 ineuntes,
389 2036 551 2093 unumque,
564 2021 614 2092 qui
632 2035 682 2091 pro
696 2020 796 2073 nostra
809 2017 889 2087 parte
943 2021 1011 2091 eius,
1026 2037 1087 2077 ecre
1109 2023 1138 2076 in
1163 2038 1194 2077 eo
1217 2022 1342 2079 alteritus
1365 2025 1415 2080 Dei
1434 2029 1557 2098 perfecta
1580 2031 1628 2083 est.
1644 2029 1678 2084 Et
1700 2032 1768 2102 post

64 2119 188 2178 certavit
202 2117 239 2173 ab
254 2115 355 2181 altero,
371 2113 400 2168 id
416 2116 460 2168 est
475 2110 615 2166 mandato
629 2106 757 2175 Domini,
769 2120 889 2177 persua·
945 2127 1039 2182 pauco
1055 2127 1061 2164 :
1089 2111 1256 2179 Mandatum,
1274 2112 1380 2185 iuquit,
1397 2117 1471 2170 retiis
1495 2125 1534 2172 est
1558 2117 1672 2173 uerbum
1697 2118 1768 2192 qood

65 2190 891 2266 sionemdiabolicamrictumaudias,nounepotesintel-
946 2200 1066 2256 appius,
1082 2202 1108 2271 (ι
1121 2206 1202 2257 poan·
1220 2205 1261 2271 n).
1273 2202 1344 2258 Ecce
1356 2205 1527 2260 mandatum
1540 2211 1569 2261 et
1580 2206 1700 2263 verbum
1716 2224 1768 2281 pm

66 2299 160 2373 ligere
170 2293 297 2368 qualiter
310 2292 340 2347 in
355 2306 412 2347 uno
425 2288 543 2345 homine
555 2287 746 2342 vieto-omnes
757 2281 892 2337 homines
947 2306 1006 2345 una
1021 2290 1182 2363 eademque
1197 2308 1227 2346 Ν,
1243 2293 1371 2362 positum
1387 2293 1526 2366 probatur
1538 2295 1615 2366 quod
1631 2296 1660 2352 in
1677 2297 1768 2354 vicem

66 2387 178 2445 merito
192 2383 278 2440 etium
295 2396 397 2438 omnes
414 2377 561 2435 sustinent
576 2390 691 2447 poenam
708 2369 840 2445 peccati?
949 2381 1156 2436 concertatoris
1172 2399 1206 2437 ex
1220 2388 1301 2453 purte
1319 2383 1367 2437 Dei
1383 2383 1554 2454 eligebatur·

108 2477 141 2532 Β·
162 2474 248 2530 ΡῙθῦθ
267 2473 332 2543 l‘am
355 2467 497 2541 ῘῦἴθΠῙὲθε
524 2465 573 2522 sed
599 2465 712 2520 Γᾶῒθῡΐῐ
743 2460 811 2532 ‘luia
837 2457 893 2513 nisi
985 2468 1062 2524 Alter
1074 2486 1151 2535 voro,
1169 2471 1218 2542 qui
1240 2488 1273 2525 cs
1288 2476 1388 2526 nostra
1402 2471 1511 2527 electus
1528 2473 1582 2528 luit
1597 2478 1687 2545 parte,
1703 2474 1773 2532 licet

70 2563 268 2641 immi-'isses
281 2562 455 2633 argumenta
469 2560 497 2612 02
512 2552 720 2611 Similitudines
736 2549 843 2622 quibus
858 2547 894 2603 ad
950 2574 1039 2627 supra
1048 2573 1218 2630 expressum
1230 2558 1268 2614 sit
1278 2557 1374 2631 qualis
1386 2560 1482 2627 luerit,
1494 2561 1661 2617 addendum
1672 2567 1716 2619 est
1727 2569 1771 2620 ts-

68 2648 383 2722 hfflssinissllissfflfistffl
395 2645 566 2715 attraherer,
579 2657 730 2714 nunquam
745 2637 893 2694 sentirem·
951 2663 1016 2701 men
1033 2646 1079 2701 hio
1095 2647 1215 2719 aliquid.
1235 2647 1310 2703 Dicit
1331 2666 1458 2721 namque
1473 2649 1623 2723 Scriptura
1639 2668 1722 2708 sacro
1736 2653 1772 2709 de

68 2745 105 2814 02
119 2746 233 2816 ‘luania
247 2745 275 2796 ⁰²
290 2737 385 2811 qualis
409 2735 459 2792 Dei
474 2732 578 2808 gralia,
595 2748 659 2803 ‘lum
684 2728 737 2784 ilbi
763 2729 846 2781 iani&
868 2727 897 2779 θῑ
951 2752 1002 2791 eo:
1019 2740 1089 2792 Deos
1099 2740 1202 2793 creavit
1212 2737 1244 2793 tie
1255 2742 1333 2794 terro
1345 2739 1493 2805 tremorem,
1504 2748 1531 2795 ot
1543 2741 1693 2797 secundam
1704 2743 1775 2798 imo·

69 2832 143 2890 ²⁸¹5st
155 2822 621 2903 insl’il'allii‘³⁰⁰¹1fflffi1ilsslnibus
633 2837 679 2875 ¹1¹0
690 2815 898 2892 pedetentim&
950 2827 1047 2898 pinam
1061 2843 1139 2881 soom
1154 2828 1218 2898 fecit
1233 2827 1324 2898 iiiam,
1340 2831 1367 2882 et
1384 2829 1484 2883 iterum
1499 2831 1631 2886 coorertit
1646 2831 1727 2886 ilium
1743 2833 1773 2887 ie

69 2920 239 2980 minoribus
267 2918 303 2973 ad
333 2917 446 2988 majora
472 2912 648 2975 attraheres,
678 2921 832 2981 quousque
860 2903 896 2958 od
951 2914 1230 2986 ipsarnpoacruc.
1247 2915 1522 2989 ipsuletsccuatiorn
1541 2935 1570 2974 se
1591 2920 1773 2975 vestivitoir·

72 3026 194 3069 summa
204 3006 331 3065 scientia
342 3005 446 3061 divina
457 3019 563 3058 arcuna
576 2993 763 3074 perducorcst
775 2995 898 3050 Summa
952 3006 1009 3059 tm,
1023 3003 1119 3075 (pepp,
1135 3006 1214 3076 xor).

70 3100 150 3157 enim
166 3097 241 3154 mihi
255 3095 371 3151 videtur
386 3091 511 3166 cognitio
527 3088 698 3163 quaestionis
715 3089 800 3142 tante
817 3081 896 3138 solu·
1261 3121 1374 3178 CAPUT
1392 3121 1464 3178 XXX

70 3190 121 3288 {ffl-
136 3188 224 3289 Jilfflss
251 3201 320 3258 ‘³¹8⁰
345 3184 453 3282 septim
479 3180 587 3281 ῘΠῩῙΡῙΟ
610 3196 663 3234 ωΓ
685 3175 808 3232 auribus
823 3170 897 3273 ¹¹¹⁰,ss
912 3174 934 3242 G
953 3209 1070 3277 Quaestio
1081 3227 1148 3264 raom
1160 3210 1267 3267 laomiui
1279 3219 1402 3282 suppetat
1413 3214 1690 3286 societtassuperaodi
1698 3215 1776 3288 dispi-

72 3275 241 3334 sustrllabas
252 3274 364 3330 dudum
380 3271 431 3326 tlla
441 3270 593 3326 Domlnlcss
603 3267 690 3323 verba
703 3284 709 3322 ἰ
727 3262 801 3332 it²t⁰d
814 3265 897 3333 ss¹⁶²02
988 3281 1116 3335 cultatem
1128 3282 1193 3337 liene
1205 3283 1309 3354 operati
1322 3289 1349 3337 et
1364 3284 1494 3353 puoraode
1508 3285 1558 3339 itta
1568 3285 1738 3341 obtineatur.

72 3375 101 3424 m
114 3382 207 3423 πω
221 3363 319 3425 m⁰d⁰i
334 3378 403 3418 ⁵⁶⁸&
417 3369 510 3416 “mem
523 3367 616 3431 pm
631 3358 718 3428 (joam
735 3353 808 3424 Μ’
989 3397 1082 3451 llciar.
1095 3397 1135 3451 De
1150 3395 1197 3451 his
1212 3397 1401 3467 inopinataet
1417 3401 1517 3467 aperta
1532 3398 1643 3453 rationo
1658 3398 1746 3455 satist
1764 3430 1775 3441 ·

375 3476 492 3533 CAPUT
512 3475 605 3531 XXIX·
955 3489 1034 3539 ctum
1047 3484 1118 3539 nrilri
1130 3501 1195 3540 esso
1208 3484 1324 3540 videtur
1334 3484 1475 3557 undique.
1487 3486 1612 3542 Proinde
1627 3502 1724 3558 quasso
1735 3493 1777 3553 ut,

76 3568 273 3645 fflpssdiunmr
283 3569 398 3652 reliqua,
408 3581 472 3651 W
484 3565 521 3621 “d
534 3564 716 3645 ‘imiimi
726 3579 760 3634 pr
760 3563 901 3619 &militam
957 3576 1025 3645 quia
1038 3573 1126 3629 homo
1140 3573 1223 3628 liberi
1240 3573 1353 3628 arbitrii
1367 3574 1560 3646 omniumque
1573 3575 1715 3632 virtutum
1730 3593 1779 3632 ex·

260 3644 368 3713 imam
384 3637 587 3695 awwmndm
600 3637 717 3706 imm·
956 3662 1088 3719 callentis
1103 3663 1144 3718 ita
1158 3663 1298 3737 praeditus
1314 3663 1370 3718 luit
1385 3667 1427 3730 ut,
1443 3662 1468 3718 si
1485 3669 1628 3736 praeopto
1642 3664 1694 3721 Dei
1709 3665 1779 3721 obo-

114 3760 185 3818 ortt.
202 3757 288 3825 Quid,
301 3757 326 3812 si
341 3755 436 3812 adhue
447 3755 477 3809 in
491 3754 580 3823 hujus
591 3751 728 3825 mysterio
739 3749 843 3821 judicii
860 3749 901 3804 la·
956 3752 1032 3807 diret
1044 3752 1143 3806 omnia
1158 3752 1234 3807 bona
1249 3751 1311 3807 sine
1323 3752 1496 3808 difficultate
1513 3758 1629 3824 posset;
1647 3755 1698 3809 sed
1710 3770 1779 3826 sug-

81 3854 138 3906 teat
152 3849 264 3905 mirum
279 3845 394 3917 aliquod
412 3845 489 3917 quod
507 3841 649 3916 ignoras‘l
957 3846 1088 3914 gestione
1117 3840 1294 3896 fraudulenti
1324 3840 1417 3896 hostis
1450 3841 1620 3899 inobediens
1647 3843 1779 3911 effectus,

114 3939 145 3994 ll.
162 3939 257 4003 Quare
271 3937 327 3992 hoo
343 3934 456 4006 objicis,
469 3949 536 3988 cum
552 3922 694 3987 etiam‘nil
710 3945 757 3985 rue
771 3929 904 3984 videatur
958 3930 1057 3986 omnia
1073 3929 1192 4002 quidem
1209 3929 1286 3985 mala
1302 3929 1394 3996 lacilo,
1411 3931 1487 3987 bona
1501 3935 1601 3986 autem
1617 3931 1678 3988 ulla
1701 3932 1781 3987 difli-

84 4028 164 4093 scire,
180 4032 339 4100 postquam
367 4027 481 4079 tantum
508 4020 679 4094 mysterium
704 4017 826 4092 contigit
852 4034 903 4074 au·
958 4019 1013 4075 cile
1028 4019 1150 4085 obtinet,
1167 4019 1191 4074 si
1218 4036 1276 4091 qua
1296 4020 1419 4075 facultas
1435 4019 1461 4075 ei
1476 4020 1515 4075 sit
1531 4020 1621 4077 tantis
1636 4020 1724 4077 malis
1738 4037 1785 4077 re-

84 4116 167 4173 dire?
959 4108 1063 4164 sistere
1078 4112 1106 4163 et
1121 4109 1197 4164 bona
1214 4107 1273 4164 ulla
1288 4108 1371 4164 facile
1387 4110 1556 4181 promereri,
1573 4110 1696 4182 pandas.
1708 4113 1784 4178 Quo·

118 4198 906 4276 D.Illuddeuiqueinhoesingularicertaminarestat
960 4197 1086 4253 rimonia
1109 4197 1208 4268 itaque
1232 4198 1361 4253 maxima
1390 4203 1435 4254 ast
1463 4197 1585 4271 dignum
1615 4216 1672 4255 non
1696 4216 1783 4272 posse

85 4295 182 4351 adhuc
196 4295 380 4367 pensandum
396 4292 445 4364 qui
462 4292 521 4347 sint
535 4290 690 4361 utriusque
709 4288 801 4360 partis
825 4287 905 4359 prin·
962 4302 1112 4359 resurgere
1137 4291 1202 4357 post
1225 4286 1342 4358 lapsum
1366 4292 1394 4341 et
1417 4288 1494 4358 quod
1515 4304 1585 4343 casu
1603 4287 1693 4344 semel
1708 4289 1785 4345 mule

84 4384 174 4458 cipes,
191 4384 231 4441 vel
249 4384 367 4456 judices
382 4380 574 4453 intelligendi,
591 4397 607 4435 a
631 4377 739 4450 quibus
758 4375 905 4447 judicium
961 4375 1094 4446 contigit,
1110 4374 1135 4430 si
1152 4391 1208 4429 oon
1225 4374 1254 4428 in
1270 4373 1376 4430 melius
1392 4375 1520 4447 reparari
1536 4377 1639 4447 possit.

83 4473 283 4546 talepotuerit
304 4470 444 4529 decernit
468 4468 597 4543 alioquin
626 4485 684 4523 nou
709 4471 753 4521 est
777 4466 906 4536 undique
998 4464 1026 4519 0.
1045 4463 1419 4528 Quamvisluecscntcntia
1442 4463 1472 4518 in
1499 4464 1600 4519 multis
1623 4464 1785 4535 reperiatur

82 4564 239 4637 probatum
254 4561 385 4635 predicti
406 4558 571 4632 argumenti
586 4556 762 4628 exemplum.
922 4544 945 4608 D
960 4552 1054 4620 libris,
1071 4551 1139 4622 quia
1160 4557 1259 4607 tamen
1285 4570 1302 4607 a
1325 4568 1371 4607 me
1395 4551 1497 4623 exigis,
1513 4553 1657 4619 eamdem,
1674 4553 1785 4624 quihus

116 4655 148 4709 ll.
167 4654 300 4719 Quaestor
315 4650 433 4707 subtilis
459 4649 494 4704 ad
522 4647 615 4703 multa
641 4646 770 4702 notanda
788 4643 905 4699 videris.
961 4657 1094 4714 possum,
1106 4640 1265 4710 explanabo
1275 4640 1381 4695 vorbis.
1394 4638 1574 4711 Sicutigitur
1586 4639 1622 4694 ud
1634 4639 1685 4694 Dei
1694 4644 1723 4695 et
1733 4640 1786 4695 ho·

84 4742 151 4799 ttiht
178 4757 309 4814 namque
331 4740 500 4796 sufficerent
515 4736 676 4809 praemissa,
693 4735 754 4801 sed,
771 4735 840 4805 quia
854 4731 907 4787 tibi
963 4730 1051 4786 minis
1066 4730 1236 4784 distantium
1259 4728 1465 4783 declarandam
1486 4729 1597 4798 judicio
1618 4729 1787 4800 justissimo

86 4832 168 4889 aliter
182 4831 288 4905 placet,
305 4830 408 4886 audire
422 4827 564 4900 quidquid
587 4825 683 4881 adhue
709 4823 776 4879 inde
800 4820 908 4878 dixeris
963 4819 1099 4891 apparuit
1110 4818 1260 4884 delictum,
1274 4819 1315 4871 ita
1327 4816 1385 4871 Deo
1398 4815 1508 4887 placuit
1523 4822 1556 4873 ut
1566 4816 1726 4876 immensas
1736 4820 1787 4875 lio·

86 4919 164 4979 libet.
964 4904 1789 4978 nitatissuaedivitiusindelinqueutishominisostende-

121 5012 151 5068 0.
167 5011 327 5084 Utriusque
337 5026 405 5083 ergo
421 5008 512 5081 partis
524 5005 650 5075 judices,
662 5002 706 5058 vel
724 5001 910 5074 principos,a
964 5002 1007 5052 ret
1023 4996 1161 5062 remedio,
1173 4995 1260 5065 juxta
1274 4993 1347 5049 illud
1362 4994 1492 5066 Apostoli
1510 5012 1516 5051 :
1540 4998 1597 5053 tex
1610 4997 1787 5068 subintravit,

84 5102 193 5174 quibus
201 5100 372 5157 certaminis
382 5095 534 5154 memorati
545 5094 688 5166 iudicium
697 5098 742 5147 est
753 5095 909 5156 statutum,
965 5091 994 5141 ut
1005 5085 1157 5142 abundaret
1167 5083 1297 5138 delictum
1305 5103 1317 5149 ,·
1328 5084 1375 5138 uti
1384 5087 1477 5139 itatem
1486 5085 1637 5140 oporteant
1647 5087 1788 5151 delictam,

84 5190 236 5247 Trinitatis
251 5206 374 5247 summae
390 5204 519 5261 personae
535 5187 605 5240 sunt
620 5181 824 5254 intelligenda.
837 5181 910 5244 Qua·
963 5175 1194 5247 superabandavit
1209 5176 1311 5243 pretio,
1327 5182 1366 5240 ut,
1380 5175 1450 5228 sicut
1465 5176 1589 5245 reprrooit
1603 5183 1743 5246 peccatam
1758 5175 1789 5229 ia

86 5298 151 5337 rum
162 5282 251 5337 ctiam
262 5277 468 5336 cummunione
480 5280 508 5331 ct
519 5272 724 5342 unanimitate,
735 5287 797 5342 qua
809 5268 910 5339 ntique
964 5274 1087 5335 euertere,
1106 5267 1145 5320 ito
1168 5267 1193 5319 ct
1213 5264 1304 5333 pratia
1318 5264 1367 5318 Dei
1382 5266 1474 5333 repnet
1486 5280 1536 5335 per
1546 5264 1686 5334 justitiam
1702 5266 1731 5319 ia
1746 5265 1774 5318 oi
1783 5295 1789 5306 ·

87 5371 278 5428 deuniversis
290 5368 441 5441 judicibus
453 5364 545 5438 justis
555 5362 702 5419 credenda
712 5365 766 5429 ost,
777 5357 861 5430 quasi
876 5373 911 5412 ex
964 5360 1022 5411 tum
1036 5359 1171 5412 cateruam
1186 5358 1275 5424 (Doni.
1292 5353 1330 5423 v).

86 5460 209 5529 unitate,
222 5458 292 5532 quia
303 5459 332 5513 in
345 5457 487 5513 Trinitate
500 5469 617 5510 summa
629 5449 762 5506 consistit
774 5448 872 5503 unitos
882 5452 912 5503 ct
1001 5445 1099 5516 Neque
1110 5443 1188 5500 enim
1203 5441 1248 5500 vel
1260 5441 1379 5514 agnosci
1395 5445 1495 5513 posset
1506 5441 1611 5512 gratia,
1623 5439 1680 5496 nisi
1694 5440 1794 5513 aliqua

85 5548 114 5604 in
126 5549 242 5605 unitate
257 5562 376 5603 summa
386 5543 525 5614 Trinitas,
538 5541 624 5614 primi
642 5539 772 5594 hominis
784 5536 911 5593 conditio
965 5535 1029 5604 ejus
1046 5533 1240 5606 procederent
1256 5529 1381 5598 indicia;
1399 5529 1540 5585 indicium
1557 5531 1627 5604 [eorl.
1644 5531 1729 5586 Grae.
1742 5532 1791 5601 ju·

82 5639 201 5717 provisa
216 5641 262 5698 est
276 5639 305 5695 et
320 5635 445 5709 decreta,
456 5632 579 5692 diceudo
595 5648 602 5689 :
617 5630 760 5689 Faciamus
775 5628 912 5686 homiaem
962 5623 1042 5717 dicia
1055 5640 1062 5693 ;
1074 5621 1233 5696 judicium]
1258 5635 1324 5685 varo
1340 5619 1438 5694 gratie
1454 5624 1499 5677 est
1513 5617 1657 5679 districtio
1673 5618 1747 5693 legis
1762 5621 1801 5677 at.
