3892 6096
138 294 201 364 28¹
730 304 782 368 DE
802 303 1004 371 moratus
1024 305 1263 372 selei-ruant.

139 433 198 493 Sed
212 446 392 507 quoeunque
405 430 502 492 latens
516 434 556 493 sit
570 435 663 494 libera
677 442 743 496 vota
757 443 919 515 retentans,
979 443 1007 511 Α
1021 441 1077 508 Qui
1092 457 1140 498 me
1157 441 1212 498 sub
1226 439 1278 497 tali
1293 440 1474 514 permitteret
1488 439 1645 510 anxietate,

139 523 196 590 Qui
206 524 270 597 Jam
280 527 476 597 compunctus
487 525 603 600 pompis
613 528 716 585 mundi
729 528 847 587 abdicat
861 532 963 606 hujus,
1019 531 1076 588 Ceu
1091 546 1149 586 non
1164 529 1227 603 ipee
1242 530 1316 586 meis
1329 531 1456 602 peccatis
1471 530 1526 588 boc
1546 530 1731 603 meruissem,

138 618 239 686 Atque
251 614 312 671 Deo
327 614 420 687 gratis
434 616 545 689 proprii
559 617 643 675 offert
656 618 761 676 intima
775 621 883 688 cordis,
1018 620 1074 677 Sed
1091 619 1184 692 magis
1200 620 1308 691 injuste
1322 635 1468 691 premerer
1484 620 1599 677 Domini
1614 619 1784 679 austeritate

138 703 280 770 Quamvis
295 703 335 760 ait
348 702 441 771 uuiio,
457 704 515 762 nisi
528 710 644 764 tentum
657 712 731 765 teste
746 726 892 783 superno;
1018 707 1121 765 intulit
1135 713 1164 765 et
1178 708 1297 777 bellum,
1313 709 1390 765 sicut
1403 708 1546 783 predixit,
1563 726 1697 766 amarum

136 798 211 850 cum
228 808 356 866 quoque,
371 809 424 850 ceu
439 795 535 863 oredo,
550 801 668 854 maneat
683 797 823 855 distantia
836 799 928 868 nulla,
1017 798 1213 870 Temporibus
1228 797 1331 854 muitis
1345 798 1423 854 idem
1439 797 1619 855 sevissimus
1638 797 1733 857 bostis

138 882 244 941 Utrum
261 882 333 955 quid
348 882 472 940 Domino
486 882 562 941 ciam
576 886 636 942 eive
651 887 748 959 palam
762 892 909 958 voveatur,
1018 886 1071 943 Per
1086 887 1182 943 carnis
1197 886 1332 943 stimulos
1347 890 1377 943 ct
1389 887 1476 943 luxus
1491 886 1676 944 illecebrosos
1691 903 1698 943 ι

136 973 182 1029 Ad
195 972 340 1028 vomitum
355 972 460 1046 pergit,
476 973 502 1030 si
516 978 584 1046 post
597 976 749 1033 mundana
762 978 896 1048 recurrit,
1017 977 1158 1033 Praeterea
1173 976 1272 1033 nimiis
1287 976 1465 1033 cruciatibus
1480 981 1509 1033 et
1530 975 1678 1032 diuturnis

136 1061 197 1119 Neo
211 1078 271 1118 non
285 1059 386 1118 illicite
400 1061 510 1119 fruitur
523 1065 681 1121 carnaliter
696 1066 774 1123 orbe.
1017 1066 1073 1122 Vix
1087 1070 1120 1123 nt
1133 1070 1162 1123 et
1175 1082 1239 1124 esee
1253 1067 1344 1124 Deum
1360 1065 1496 1123 meditari
1518 1063 1747 1139 praevaluissem.

135 1150 270 1222 Denique
277 1165 492 1208 nemomanum
499 1155 649 1226 propriam
656 1155 963 1232 mittensiuaratrum,
1016 1156 1078 1221 Quo
1093 1159 1192 1213 tamen
1207 1172 1242 1212 ex
1256 1154 1377 1212 stimulo
1391 1157 1472 1211 tanto
1488 1153 1555 1227 plus
1570 1169 1637 1211 eum
1657 1152 1805 1213 cruciatus

134 1238 350 1313 aspiciensque
364 1245 441 1297 retro
454 1241 521 1298 oceli
538 1258 627 1317 regno
643 1249 741 1302 manet
757 1250 856 1319 aptus,
1016 1245 1131 1310 Quanto
1145 1246 1209 1317 jam
1224 1243 1338 1301 nullum
1355 1259 1535 1316 cognoscens
1549 1242 1619 1300 talia
1633 1259 1767 1317 possum,
1917 1232 1920 1237 ’

135 1328 195 1386 Nec
209 1328 319 1402 poterit
333 1345 482 1403 quoquam
497 1333 645 1404 promissa
657 1332 789 1391 refellere
803 1339 898 1407 pacto,
1016 1334 1052 1390 iii
1066 1333 1191 1402 merito;
1207 1333 1346 1406 quoniam
1360 1332 1469 1389 dubius
1484 1332 1583 1389 divina
1596 1331 1739 1400 colebam,

136 1417 171 1474 lii
185 1418 288 1475 reduci
303 1417 385 1476 iustu
388 1421 492 1492 ,quod
505 1421 583 1477 vovit
584 1421 753 1496 ‚compleat
767 1428 844 1480 actu.
1016 1422 1089 1479 ilum
1106 1421 1208 1477 mundi
1223 1423 1325 1479 liorem
1340 1425 1438 1478 tantos
1450 1424 1568 1494 captare
1588 1420 1729 1478 viderem.

389 1524 602 1584 cgpqqrufflpq
620 1529 707 1585 χνῃ
1016 1510 1039 1566 0
1053 1510 1234 1567 incredibilis
1247 1511 1333 1568 variae
1348 1510 1497 1583 suggestio
1513 1509 1626 1584 fraudis

169 1617 285 1686 Qum
297 1614 425 1686 „mappa
439 1617 630 1674 mmm„
617 1634 649 1672 m
663 1619 745 1676 ,nmo
762 1619 928 1692 pertulerim
1017 1601 1079 1666 Qus
1092 1599 1323 1657 circumveniens
1338 1599 1477 1673 antiquus
1493 1575 1618 1671 denique
1633 1614 1754 1671 serpena

450 1690 647 1746 conuersicnis
1015 1688 1123 1746 ilemet
1138 1688 1293 1745 mortifere
1308 1688 1435 1760 pervasit
1455 1703 1535 1744 more
1549 1686 1662 1760 sagitte

138 1775 196 1832 lata
210 1791 264 1848 per
278 1761 430 1833 exomenm
444 1775 575 1878 generffl
589 1794 670 1836 more
684 1778 810 1852 locutus,
1015 1777 1081 1834 Hac
1096 1777 1153 1833 nisi
1168 1777 1336 1850 perferrem,
1351 1777 1400 1833 vix
1413 1775 1486 1832 talia
1499 1776 1615 1832 credere
1629 1791 1757 1849 possem.

138 1863 223 1921 Nono
236 1863 345 1922 iterum
358 1865 495 1939 proprias
509 1867 595 1940 cupio
609 1868 788 1943 subjungere
801 1886 926 1941 causan
1016 1867 1073 1924 Sed
1088 1866 1213 1924 Domino
1228 1869 1335 1939 grates,
1351 1865 1423 1938 quia
1436 1868 1534 1921 tantos
1548 1880 1637 1923 nosco
1652 1864 1767 1922 labores

139 1952 258 2010 Scilicet
271 1953 442 2028 explanans,
457 1955 540 2028 quali
554 1973 675 2030 possum
696 1958 820 2031 ratione,
1016 1956 1138 2028 Semper
1151 1957 1178 2013 ei
1192 1960 1300 2029 grates,
1316 1955 1364 2028 qui
1382 1955 1424 2011 sio
1438 1953 1543 2012 tribuit
1561 1952 1634 2010 mibi
1647 1954 1724 2011 vires
1740 1971 1747 2010 :

140 2043 218 2108 Quas
232 2047 301 2115 post
314 2041 471 2117 languores
485 2044 615 2102 diversos
630 2049 716 2118 atque
730 2048 896 2121 frequentes
1015 2044 1054 2101 Ut
1067 2044 1136 2102 licet
1149 2045 1297 2102 interdum
1313 2059 1420 2116 magno
1436 2059 1557 2099 marone
1578 2056 1714 2116 gravarer

138 2130 284 2188 Tentandi
298 2131 451 2190 maobinas
466 2133 572 2191 fuerim
585 2150 743 2209 perpessus
759 2137 795 2193 ab
817 2136 901 2195 boste
918 2155 941 2193 ι.
1015 2134 1056 2191 ιιι
1069 2133 1259 2191 tentamentis
1273 2149 1363 2206 supra
1374 2134 1437 2205 jam
1452 2132 1699 2200 commemoratis,

137 2219 173 2276 ιιι
187 2220 261 2276 dum
277 2222 424 2279 conversis
439 2223 541 2295 patefit
554 2223 711 2296 descriptio
725 2224 805 2297 talis,
1015 2223 1128 2295 Sapiue
1143 2223 1254 2280 interea
1268 2222 1361 2280 fultus
1375 2222 1481 2279 virtute
1495 2236 1633 2294 superna,

136 2307 207 2365 Plus
222 2307 284 2365 sint
297 2307 427 2381 solliciti,
442 2311 469 2368 si
483 2311 556 2369 forte
570 2310 660 2369 veiint
675 2314 818 2383 renovari,
1014 2316 1056 2368 Ac
1070 2305 1167 2370 dordie
1179 2312 1290 2386 gremio
1305 2328 1371 2368 mea
1381 2310 1492 2384 jugiter
1506 2313 1572 2367 acta
1585 2307 1746 2378 revolvens,

134 2398 173 2454 do
187 2414 222 2455 se
241 2415 302 2456 non
315 2399 426 2457 bostra
440 2401 561 2459 credant
575 2401 719 2474 sprevisse
733 2403 853 2461 caduca.
1013 2404 1049 2459 ιιι
1061 2402 1139 2474 qnod
1155 2418 1232 2476 sape
1243 2401 1332 2457 refert
1344 2401 1495 2481 Scriptura
1505 2403 1597 2457 Deum
1610 2397 1800 2456 miserantem

133 2485 208 2543 llam
223 2486 297 2543 dum
312 2490 395 2545 tanta
409 2487 467 2545 mei
487 2489 599 2546 nudare
613 2491 743 2562 pericula
755 2491 870 2563 veliem,
1013 2490 1076 2560 His,
1093 2491 1143 2563 qui
1158 2488 1283 2548 sollicito
1300 2492 1434 2561 quarunt
1447 2505 1479 2545 ee
1493 2490 1522 2545 et
1541 2490 1657 2560 pectore
1671 2490 1744 2556 toto,

134 2573 235 2639 Qualis
248 2579 279 2633 et
291 2574 403 2633 interea
417 2577 533 2634 Domini
548 2583 626 2635 esset
640 2579 735 2652 gratia
749 2597 875 2654 mecum,
1013 2580 1154 2652 Quodque
1168 2584 1245 2636 Deus
1256 2580 1358 2652 justus
1373 2576 1414 2634 nil
1430 2576 1572 2651 permittit
1586 2575 1651 2632 eine
1666 2591 1756 2633 cauea

134 2663 206 2730 Quid
222 2664 282 2721 nisi
297 2680 484 2723 communem
499 2667 611 2723 ineram
626 2671 708 2724 ratus
723 2668 906 2727 utilitatem?
1011 2669 1048 2725 Et
1061 2669 1139 2742 quod
1154 2668 1181 2725 ei
1196 2667 1278 2724 nulla
1290 2683 1338 2725 res
1351 2665 1543 2741 impossibilis
1556 2667 1660 2734 exstat,

133 2757 230 2825 itque
243 2752 360 2811 utinam
375 2754 430 2811 fari
443 2754 534 2829 digno
549 2771 683 2813 sermone
695 2757 834 2830 valerem,
1011 2758 1073 2815 Non
1089 2759 1185 2815 solum
1200 2761 1314 2831 paterer
1329 2757 1443 2814 Satanae
1457 2755 1519 2812 bac
1536 2759 1677 2829 suggesta
1697 2753 1833 2824 libenter,

133 2840 265 2908 Qualiter
280 2842 417 2915 impurus
431 2847 461 2900 at
474 2844 510 2901 ad
527 2844 630 2901 iniima
644 2845 725 2903 nulia
739 2849 887 2905 secundus
1011 2845 1042 2904 Si
1057 2849 1143 2904 modo
1158 2847 1302 2913 tristatus,
1318 2850 1385 2919 poet
1400 2846 1454 2903 boc
1468 2845 1525 2901 cito
1539 2843 1705 2901 letificatus
1717 2861 1724 2913 ;

133 2930 256 3004 Semper
272 2946 325 3003 pro
345 2931 454 2989 studiis
465 2933 601 2991 intentus
614 2950 695 2991 eram
709 2935 832 3006 vitiosis,
1010 2936 1065 2992 Sed
1080 2951 1198 3008 quoque
1212 2935 1237 2991 si
1253 2934 1343 3009 gladii
1358 2934 1455 2991 rabies
1469 2937 1498 2990 et
1513 2931 1667 3007 sanguinis
1682 2936 1763 2989 actor

132 3018 165 3075 ιι
178 3035 342 3077 eonvemue
355 3021 392 3077 ab
407 3020 454 3085 itit
468 3025 595 3093 quantae
610 3027 689 3081 artes
708 3024 832 3092 inimici,
1011 3024 1165 3096 linigerent
1179 3029 1314 3093 mortem,
1330 3041 1383 3098 pro
1396 3023 1512 3082 Christo
1531 3026 1686 3098 promptus
1709 3022 1834 3092 adirem,

132 3108 206 3173 Quot
220 3108 343 3174 frendet
355 3109 471 3175 Seiana
485 3111 567 3169 senei
580 3115 651 3171 tunc
663 3112 802 3185 primitus
815 3112 847 3170 in
862 3130 919 3185 me,
1009 3113 1141 3186 Perpetis
1156 3118 1190 3170 ut
1204 3130 1295 3187 prena
1310 3117 1426 3169 tantum
1441 3110 1570 3170 salvarer
1584 3112 1620 3169 ab
1635 3112 1712 3185 igne.

131 3195 283 3254 Interdum
299 3196 396 3271 solitis,
409 3196 554 3271 erratibus
570 3199 728 3270 illicientis,
969 3187 992 3256 G
1010 3201 1045 3258 ιιι
1059 3217 1148 3274 quam
1164 3218 1252 3259 suave
1264 3203 1371 3275 jugum
1387 3217 1465 3257 nunc
1476 3200 1570 3256 sentio
1581 3191 1831 3257 Christicolarum.

131 3284 250 3357 Scilicet
263 3290 298 3361 ιιι
311 3286 450 3362 isflomis,
461 3293 604 3363 tanquam
614 3289 708 3362 prius,
719 3289 836 3347 elbniea
845 3291 955 3365 scripta
1008 3292 1100 3364 (luJ'ue
1116 3291 1246 3364 qnotidie
1260 3291 1394 3347 desidero
1407 3291 1474 3361 jura
1488 3288 1597 3355 subire,

128 3372 212 3432 Nunc
226 3390 282 3449 per
295 3374 443 3450 isemeria
455 3376 665 3452 phantasmate
679 3377 868 3453 prosilientis,
1008 3381 1062 3447 Qui
1076 3379 1155 3437 vitiis
1169 3379 1279 3436 crebris
1292 3382 1432 3435 constans
1447 3375 1571 3448 abjectio
1585 3374 1680 3447 plebia

128 3461 170 3520 lle
186 3463 303 3537 quibus
314 3470 452 3539 agrotum
466 3466 567 3525 nimiis
581 3471 611 3524 et
623 3467 757 3525 cladibus
771 3471 881 3535 actum,
1007 3469 1119 3526 Drosus
1133 3468 1243 3541 pariter
1256 3467 1389 3539 ipsisque
1404 3463 1575 3538 parentibus
1589 3464 1696 3519 essem.

128 3550 183 3610 Nec
198 3567 264 3609 non
274 3552 340 3627 jam
348 3553 486 3627 breuem
501 3555 598 3615 cernis
621 3555 757 3613 stimulos
781 3556 953 3631 patientem,
1006 3557 1080 3614 Nam
1096 3557 1222 3613 reditum
1236 3555 1329 3630 lapsis
1343 3570 1390 3611 me
1409 3552 1518 3626 quippe
1532 3552 1632 3609 minus
1645 3549 1760 3608 violatia

129 3637 287 3715 Nunquam
302 3657 389 3715 posse
402 3644 463 3718 pati
478 3643 590 3703 beilum
604 3645 669 3701 vite
691 3645 782 3717 hujus
805 3661 951 3717 amarum,
1007 3646 1162 3704 Difficilem
1176 3645 1296 3703 tradens
1316 3644 1371 3701 boc
1386 3641 1568 3716 impossibile
1583 3639 1687 3708 euaeit,

129 3726 182 3787 Sed
197 3728 295 3805 mullo
307 3730 417 3803 melina
431 3732 583 3809 paulisper
595 3749 714 3792 sumere
733 3734 811 3795 vires
1007 3737 1043 3794 ιιι
1056 3735 1141 3802 mibi,
1157 3734 1204 3792 cui
1219 3734 1318 3791 nullus
1333 3732 1372 3790 sit
1387 3746 1542 3805 pravorum
1557 3727 1793 3816 equiparandua,

129 3814 191 3892 litte,
205 3818 236 3891 ip
251 3820 393 3894 pruenti
405 3821 576 3880 famulando
590 3822 688 3881 earnis
707 3821 811 3894 amori,
1005 3830 1030 3881 Δ
1044 3829 1105 3882 tam
1122 3823 1254 3882 districto
1268 3823 1358 3882 veuiae
1373 3838 1440 3895 spes
1455 3820 1557 3893 judice
1571 3820 1667 3876 detur.

130 3901 405 3980 imilllffliuii!
419 3909 491 3969 dam
507 3909 651 3967 ¹1⁰¹i⁸Vi⁸
666 3909 827 3977 minuatur,
1005 3915 1157 3987 Oquoties
1172 3912 1316 3986 fragilem,
1332 3912 1384 3969 sed
1398 3915 1428 3967 et
1441 3909 1593 3965 infirmum
1609 3907 1669 3964 fore
1682 3909 1792 3965 testam

129 3990 160 4050 ii
171 3999 242 4068 1³⁰⁸*
255 3994 321 4069 ιιι-θ
335 3994 420 4067 facile
432 4014 481 4063 me
495 4014 615 4067 tuifilm
630 3999 750 4056 tendere
765 4014 862 4071 posse,
1006 4002 1150 4075 Gompede
1163 4019 1216 4059 ceu
1231 4002 1359 4074 quodam
1375 3998 1550 4057 constrinxit
1563 4001 1592 4054 et
1607 3996 1762 4064 afficiebat,

130 4081 196 4141 ium
209 4083 307 4142 natue
322 4084 419 4163 ompia
432 4103 465 4144 se
479 4091 583 4160 sponte
597 4086 747 4161 subegerit
760 4104 829 4145 evo
1005 4092 1047 4149 Ne
1061 4108 1128 4148 mea
1137 4108 1221 4148 mens
1236 4089 1351 4147 stabilis
1361 4090 1397 4146 ad
1413 4087 1595 4163 propositum
1610 4083 1792 4143 remunerati

130 4168 293 4244 inspirabat
305 4177 337 4249 et
348 4172 415 4247 boo,
431 4190 490 4259 qno
503 4175 552 4232 ιιι
567 4176 727 4234 subsistere
740 4176 842 4249 quiri:
1005 4180 1088 4237 Nunc
1099 4179 1189 4237 nimis
1201 4179 1347 4237 immitem
1363 4177 1436 4235 mibi
1447 4178 1571 4234 tinxerat
1580 4175 1826 4247 omnipotentem.

130 4257 265 4319 bibat
252 4277 408 4333 tammum
422 4280 471 4322 ms
482 4264 571 4322 ιιιιιι
584 4264 658 4322 velle
672 4266 777 4322 reverti
1005 4269 1070 4343 Ipse
1085 4268 1180 4344 magis
1194 4272 1309 4337 cautus,
1326 4285 1391 4342 qua
1405 4272 1477 4324 eunt
1491 4266 1619 4334 νιιιιιιιι,
1632 4264 1791 4338 relinquas.

130 4350 249 4423 Αςιιοι,
260 4366 352 4425 quem
363 4355 481 4410 tantum
492 4354 656 4411 decreverat
667 4369 732 4411 esse
746 4356 913 4430 profanum,
1004 4357 1067 4415 Nou
1083 4358 1173 4431 igitur
1187 4374 1329 4459 spernas3
1345 4356 1416 4429 qnia
1428 4371 1475 4411 res
1488 4354 1541 4410 tibi
1557 4353 1672 4426 profero
1681 4357 1791 4426 gestae,

129 4428 278 4512 E¹⁰lli²¹¹⁸
285 4439 374 4517 etiam
388 4441 475 4516 parili
491 4458 538 4500 me
552 4458 633 4501 more
648 4443 778 4516 probari,
1004 4446 1065 4512 Quo
1082 4447 1168 4504 niodo
1184 4451 1212 4503 te
1227 4445 1348 4504 monitis
1358 4461 1436 4502 nuno
1448 4443 1566 4501 casibus
1581 4439 1824 4501 instruonoetria.

128 4522 276 4609 mounes
289 4528 360 4586 bino
374 4529 466 4603 aliqui
483 4531 629 4589 discentes
639 4524 789 4599 edificari,
965 4552 989 4619 D
1004 4535 1086 4608 Sapo
1100 4551 1151 4608 per
1165 4535 1330 4608 exemplum
1346 4533 1452 4591 melius
1467 4531 1601 4588 doctrina
1615 4533 1743 4586 notatur

126 4614 178 4672 ted
192 4604 299 4675 ωιιιι
310 4616 473 4689 illecebras,
488 4624 518 4677 et
535 4623 717 4678 tentamenta
731 4627 877 4696 pararent,
1003 4627 1040 4682 At
1055 4625 1081 4681 si
1102 4640 1159 4681 non
1174 4625 1269 4681 credis
1282 4627 1360 4681 certe
1373 4622 1558 4721 quandoque
1560 4616 1681 4684 videbis,

122 4702 163 4760 Ao
175 4708 394 4767 monstraretur
405 4706 523 4768 Domini
539 4709 696 4767 clementia
710 4709 797 4775 mira,
1003 4717 1038 4769 nt
1052 4729 1139 4786 quam
1156 4713 1348 4770 districtamt
1336 4717 1407 4768 tunc
1421 4706 1576 4782 experieris
1596 4705 1750 4762 habenam.

121 4784 196 4851 iiam
212 4810 282 4853 cum
297 4811 345 4854 me
359 4797 473 4872 recipit,
485 4797 600 4856 nullum
615 4799 783 4856 miserando
798 4798 946 4873 relinquit.
1002 4802 1158 4860 Peccantee
1172 4801 1291 4875 pariter,
1308 4800 1378 4873 quia
1392 4796 1527 4873 quamvis
1547 4795 1595 4852 bic
1609 4794 1768 4861 varientur,

118 4874 181 4941 Neo
194 4882 333 4943 dubitare
345 4902 421 4959 queo
433 4888 470 4946 de
482 4887 686 4961 cujuscunque
700 4887 1041 4958 salutabo
1055 4891 1111 4949 sub
1126 4889 1263 4948 dissimili
1278 4888 1478 4946 moderamine
1492 4885 1698 4959 corripiantur,

116 4967 177 5037 Qui
191 4972 228 5031 de
241 4974 411 5043 commissis
424 4976 542 5035 veniam
556 4976 661 5050 quaerit
676 4933 849 5034 maleiaoiis.
1002 4979 1057 5036 Par
1070 4979 1110 5039 ibi
1125 4977 1248 5053 poenalia
1262 4978 1408 5036 sententia
1421 4976 1542 5048 corripit
1555 4973 1622 5032 illos
1636 4990 1644 5030 ι

115 5051 255 5121 Plurima
268 5080 377 5138 mus
390 5081 483 5136 ιιιιι,
499 5065 643 5124 miracula
656 5065 752 5123 muita
764 5065 910 5140 videbam,
1000 5066 1071 5125 lnde
1085 5067 1141 5126 sibi
1156 5065 1256 5124 nullos
1272 5067 1363 5141 fingat
1377 5064 1482 5123 solatia
1496 5063 1591 5122 lusus.

110 5147 187 5219 Qua
204 5168 321 5229 nequeo
332 5156 431 5223 verbis
444 5156 495 5215 bic
508 5173 652 5232 promere,
664 5172 717 5215 neo
727 5156 909 5215 reminiscor.
1000 5161 1059 5214 aut
1073 5157 1121 5214 hic
1135 5173 1294 5215 conversus
1308 5157 1445 5217 emendat
1459 5158 1564 5228 sponte
1577 5156 1686 5220 reatus,

108 5230 184 5300 Rea
198 5243 288 5303 modo
301 5244 454 5305 sufficiant
467 5245 577 5305 nostris
591 5245 703 5303 inserto
721 5245 856 5319 loquelis,
999 5249 1058 5304 Aut
1073 5246 1182 5304 invitus
1196 5246 1237 5304 ibi
1253 5246 1387 5303 mirando
1401 5245 1528 5302 traditur
1542 5244 1613 5316 igui.

109 5320 194 5389 ut
168 5349 228 5391 vam
244 5334 403 5395 mundana
421 5352 581 5411 cognoscas
598 5334 801 5410 pbilosophis,
999 5335 1039 5394 De
1053 5353 1112 5409 quo
1126 5353 1194 5393 oum
1210 5335 1315 5404 recolo,
1328 5338 1471 5408 quantum
1488 5349 1562 5407 queo
1573 5334 1637 5405 jam
1653 5328 1821 5398 memorari,

108 5414 229 5482 Dinnis
243 5429 390 5499 quantum
405 5427 456 5485 dat
466 5424 583 5501 iegibus
598 5425 854 5500 impedimentum,
997 5425 1134 5482 Admiror
1147 5441 1263 5498 semper
1276 5424 1313 5481 dc
1328 5440 1375 5481 me
1389 5424 1518 5496 primum
1533 5422 1731 5487 vehementer,

111 5506 275 5574 obcecant
289 5515 434 5587 animum,
448 5533 486 5575 ne
499 5517 595 5592 possit
607 5530 727 5585 caruere
741 5531 853 5584 verum,
998 5515 1148 5581 Quomodo
1164 5514 1231 5588 quis
1245 5518 1361 5571 tantum
1375 5513 1500 5587 perferre
1515 5509 1784 5585 queatcruciatum,

110 5594 150 5662 H
162 5619 337 5671 murenas
350 5622 443 5682 pane
456 5606 574 5682 semper
588 5621 693 5673 causas
707 5604 809 5665 ιιιιιιι
996 5608 1031 5663 at
1045 5621 1109 5679 que
1124 5604 1234 5663 duritia
1246 5607 1345 5665 teneat
1359 5604 1536 5681 siotpeotora
1548 5607 1659 5677 nostra,
