3892 6096
142 253 214 323 239,
318 340 325 353 ο
649 248 821 311 oratoru
843 248 1023 313 nouandi
1044 251 1076 311 S.
1100 251 1345 315 suaserunt
1467 333 1470 338 Ι
1786 259 1861 322 240,

142 392 265 456 suut,ut
276 382 676 446 coramlleoultrastarenon
687 382 963 456 possent,sieetiam
979 388 1006 453 Α
1021 385 1046 440 si
1062 401 1114 457 pro
1129 385 1183 442 hoc
1200 387 1255 442 Deo
1277 387 1386 459 gratias
1401 403 1525 460 agamus
1540 389 1617 461 quod
1642 406 1697 448 nos
1721 391 1848 453 minim„

144 496 246 539 omues
260 476 395 552 homines
411 473 619 544 contraiDeum
636 490 666 529 se
680 472 825 545 erigentes
835 472 966 545 quandiu
1021 475 1155 548 permisit
1169 475 1282 548 gravari
1296 476 1445 532 debilitate
1459 482 1487 532 et
1507 482 1678 551 paupertate
1692 480 1754 537 tali.
1771 483 1847 541 Item

144 571 174 627 in
190 570 245 627 hac
258 565 382 624 elatione
397 562 569 636 persistunt,
586 560 628 616 nil
646 561 714 617 boni
736 576 831 633 agere,
848 562 898 616 sed
915 577 967 617 nee
1021 580 1073 637 per
1087 564 1204 621 eosdem
1224 569 1383 631 tentamur,
1397 571 1497 622 utrum
1517 567 1643 624 miseria
1657 584 1759 627 eorum
1775 588 1847 629 eon-

143 661 235 717 ullam
251 656 297 714 sui
323 654 468 710 malitiam
491 668 648 725 agnoscere
662 657 795 724 possunt.
813 650 901 721 Cujus
925 650 966 706 rei
1021 653 1151 710 dolentes
1166 653 1295 726 aliquam
1307 655 1537 712 misericordiam
1549 655 1608 714 illis
1617 657 1754 716 exhibere
1763 677 1847 720 cure-

142 756 233 809 testes
248 751 319 804 sunt
332 744 463 820 plurimi,
479 743 541 815 qui,
557 740 630 814 proh
645 740 743 796 dolori
768 739 908 812 superbia
921 739 966 796 in·
1021 741 1159 798 mus.Per
1169 742 1344 799 medicinam
1355 743 1501 801 carnalem
1512 750 1781 818 tentamur,utrum
1792 767 1850 824 pff.

143 838 242 897 ᾶῠΐᾶῑῑ
257 836 337 894 nullo
353 835 440 892 modo
456 834 492 890 ad
509 831 631 888 mellOra
644 829 743 886 valent
757 829 844 885 flecti·
1020 829 1096 887 hanc
1111 832 1228 888 credere
1243 831 1366 888 velimus
1377 833 1447 904 quia
1462 835 1539 891 sicut
1552 851 1659 909 corpus
1670 839 1792 907 carnali,
1802 841 1856 913 ita,

178 925 423 1001 Perinjustitiam
437 922 481 980 vel
501 920 699 978 adulationem
715 918 876 975 amicorum
897 917 967 976 alio·
1019 925 1048 975 et
1075 921 1175 976 anima
1203 920 1349 993 spirituali
1378 923 1522 979 medicina
1550 930 1713 998 reparatur.
1733 928 1847 988 Eodem

142 1035 269 1094 rumque
289 1014 455 1082 hominum,
471 1029 537 1068 cum
562 1010 670 1083 quibus
686 1024 847 1077 versamur,
863 1023 965 1064 omues
1019 1009 1105 1065 modo
1121 1026 1172 1083 per
1186 1009 1285 1066 omnia
1299 1010 1426 1067 visibilia
1440 1014 1556 1085 negotia
1571 1018 1729 1086 tentamur,
1742 1022 1844 1078 utrum

143 1116 300 1177 tentamur,
313 1106 338 1165 si
353 1110 444 1162 Deum
456 1101 551 1174 magis
563 1116 653 1172 quam
669 1097 735 1155 illos
748 1096 902 1169 diligentes
912 1112 965 1169 per
1018 1097 1048 1152 in
1063 1099 1105 1153 eis
1120 1097 1175 1155 hoc
1186 1099 1361 1172 investigare
1371 1100 1495 1158 velimus
1510 1118 1575 1174 qua
1589 1106 1729 1178 mysteria
1741 1124 1843 1166 rerum

141 1217 242 1259 eorum
257 1197 383 1272 gratiam
397 1192 443 1251 vel
462 1189 619 1249 consilium
635 1207 652 1246 a
666 1189 785 1246 veritate
800 1191 829 1242 et
845 1185 965 1257 justitia
1017 1186 1210 1244 invisibilium
1220 1193 1323 1260 gerant
1334 1194 1362 1245 et
1373 1189 1444 1260 quid
1457 1191 1541 1247 uobis
1552 1191 1587 1249 de
1597 1193 1693 1251 divino
1705 1195 1786 1254 cultu
1796 1198 1842 1254 in·

138 1309 198 1350 noa
212 1289 403 1348 declinemus.
420 1285 474 1340 Per
488 1298 538 1339 eos
558 1279 646 1336 otiam
662 1277 713 1350 qui
730 1276 863 1349 improbe
878 1292 896 1331 a
910 1291 962 1331 no·
1017 1280 1119 1343 nuent,
1132 1277 1208 1333 sient
1219 1277 1353 1334 videlicet
1368 1295 1418 1351 per
1429 1278 1558 1337 sobolem
1569 1298 1628 1354 quo
1649 1285 1732 1355 pueri
1747 1287 1845 1359 gratia

138 1382 186 1440 bis
198 1381 318 1453 exigunt
332 1375 460 1448 aliquam
474 1389 547 1439 rem,
563 1385 651 1442 quam
667 1371 718 1424 aut
738 1383 797 1424 non
817 1365 963 1421 habemus
1016 1364 1851 1443 discendicongregatinutriunturspiritualisvitasohola.

138 1471 184 1528 vel
198 1470 339 1526 habentes
354 1463 410 1521 sibi
426 1464 495 1520 dare
517 1477 575 1516 non
591 1460 743 1523 debemus,
758 1461 918 1522 tentamur,
936 1454 961 1511 sl
1015 1453 1196 1527 designatur,
1213 1472 1277 1528 quae
1292 1457 1321 1511 in
1341 1456 1397 1514 hoc
1411 1458 1518 1515 saeculo
1542 1461 1655 1518 cunctis
1670 1462 1857 1529 hominibus,

138 1558 357 1633 improbitatem
372 1569 475 1610 eorum
490 1550 623 1607 modesta
643 1547 755 1603 ratione
774 1560 961 1617 compescen·
1015 1543 1163 1600 salvandis
1173 1548 1284 1601 statuta
1294 1548 1349 1614 est,
1361 1551 1393 1602 ut
1405 1546 1475 1613 illis,
1487 1549 1571 1620 quasi
1588 1550 1841 1625 parvuliprovitoe

137 1653 192 1722 tes,
208 1664 276 1706 cum
292 1645 350 1702 alia
365 1661 422 1700 non
438 1642 497 1698 siut
512 1640 555 1696 eis
573 1637 679 1704 danda,
694 1634 845 1692 eharitatis
855 1632 960 1689 saltem
1015 1633 1151 1704 perennis
1162 1633 1265 1690 notitia
1275 1634 1417 1707 capienda
1428 1636 1464 1692 ad
1475 1640 1592 1710 tempus
1603 1642 1726 1697 correcti
1733 1643 1778 1699 val
1788 1643 1841 1701 fla.

137 1741 243 1796 demus
252 1729 568 1808 respousa,implentes
577 1726 650 1782 illud
660 1725 736 1798 quod
745 1723 888 1795 scriptum
898 1726 958 1778 est:
1014 1720 1123 1793 galiati,
1140 1723 1327 1793 postmodum
1343 1724 1379 1780 de
1392 1726 1456 1796 ojus
1468 1727 1692 1800 participatione
1706 1747 1841 1791 merean-

140 1827 257 1886 Verbum
278 1827 379 1881 benum
400 1835 482 1892 super
502 1817 599 1874 datum
620 1816 755 1887 optimum
770 1812 863 1884 (dccli.
879 1828 958 1880 svm,
1015 1813 1064 1865 tur
1077 1809 1227 1879 letificari,
1245 1812 1319 1869 sicut
1342 1813 1405 1887 ipse
1420 1814 1563 1873 Dominus
1587 1817 1658 1874 dicit
1673 1835 1680 1875 τ
1695 1821 1778 1877 Beati
1790 1824 1842 1896 qai

138 1917 193 1988 17).
210 1915 265 1971 Per
282 1929 329 1968 res
344 1908 491 1983 quaslibet
514 1905 642 1978 perditas
664 1906 824 1968 tentamur,
848 1903 959 1966 utrum,
1014 1915 1088 1954 oenc
1100 1901 1184 1969 stetis,
1198 1903 1266 1972 quie
1280 1901 1404 1959 ridebitis
1418 1904 1494 1975 (tue.
1508 1922 1547 1977 vr,
1559 1906 1616 1979 21).
1629 1907 1737 1966 llodem
1751 1913 1854 1969 modo.

137 2005 290 2076 sperantes
301 1999 370 2072 quia
383 1993 544 2069 opitulante
560 1996 617 2048 Deo
634 1995 684 2046 aut
698 1988 815 2045 easdam
831 1986 959 2044 invenia—
1015 2005 1067 2061 per
1080 1990 1195 2046 diversa
1211 1991 1309 2047 studia
1324 1997 1353 2048 et
1367 1993 1548 2066 operantilia
1562 1998 1720 2065 tentamur,
1737 2003 1840 2057 utrum

136 2087 401 2150 musvelaliascito
412 2076 961 2157 acquiramus‚abomnimaledietionis
1014 2077 1069 2134 hoc
1085 2080 1272 2136 attendamus
1282 2081 1359 2152 quod
1374 2081 1439 2138 ideo
1455 2082 1645 2156 dispositione
1655 2087 1753 2145 divina
1763 2094 1843 2146 sunt

136 2186 165 2240 et
179 2179 287 2238 luroris
306 2176 430 2251 strepitu
447 2173 644 2246 quiescamus.
661 2169 715 2226 Per
739 2185 786 2224 res
810 2168 898 2224 eliam
923 2167 959 2224 ab
1014 2166 1131 2236 tradita,
1148 2173 1180 2224 ut
1199 2169 1296 2225 omnis
1320 2169 1407 2228 horno
1427 2173 1513 2243 juxta
1525 2173 1602 2232 vires
1624 2175 1841 2253 scientiamque

136 2270 203 2328 aliis
223 2270 362 2344 perditas,
379 2266 429 2322 sed
453 2281 470 2320 a
493 2261 578 2319 nobis
600 2261 735 2317 inventas
758 2262 918 2328 tentamur,
934 2257 960 2313 si
1014 2256 1071 2312 sibi
1087 2258 1184 2313 datam
1200 2257 1229 2314 in
1245 2259 1287 2315 eis
1302 2265 1462 2332 occupatus
1476 2278 1629 2335 uunquam
1644 2265 1684 2320 sit
1696 2267 1821 2325 otiosus.

134 2365 251 2417 tanturn
265 2355 430 2414 dilectionis
446 2368 515 2426 erga
533 2351 683 2425 proximos
702 2349 863 2405 habeamus
879 2351 912 2403 ut
925 2362 960 2403 ea
1050 2345 1216 2404 Notandum
1228 2354 1325 2404 autem
1338 2350 1415 2421 quod
1428 2349 1542 2407 nullum
1554 2354 1674 2410 daretur
1684 2357 1841 2427 premium

136 2466 199 2522 qua
214 2451 286 2505 sunt
296 2462 351 2502 sua
361 2444 418 2502 sibi
427 2443 596 2504 reddamus.
607 2445 662 2495 Per
671 2443 820 2510 acceptam
832 2440 959 2509 potesta·
1014 2433 1060 2489 his
1075 2434 1260 2507 quintilibus
1275 2441 1303 2493 et
1316 2437 1518 2509 spiritualibus
1528 2442 1635 2498 studiis
1646 2450 1841 2519 occupantur,

134 2542 195 2594 tem
209 2540 367 2601 tentamur,
375 2536 475 2589 utrum
487 2528 722 2602 Judiciainiqua,
734 2542 887 2597 moresque
898 2541 960 2596 per·
1014 2522 1070 2581 nisi
1085 2525 1174 2580 simul
1190 2531 1290 2582 essent
1304 2527 1421 2584 inutilia
1431 2532 1518 2602 atque
1533 2531 1672 2602 carnalia,
1683 2532 1714 2590 in
1729 2535 1840 2607 qulbus

133 2641 245 2693 versos,
259 2640 312 2697 pro
328 2622 436 2695 quibus
452 2619 525 2676 alios
540 2622 666 2674 rectores
681 2616 849 2688 frequenter
862 2628 959 2686 repre·
1012 2613 1116 2668 tentati
1139 2614 1253 2686 copiam
1279 2615 1421 2674 haberent
1442 2617 1569 2691 eligendi
1599 2623 1764 2681 necessaria
1788 2628 1854 2681 aut-

134 2711 346 2782 bendimus,in
372 2710 457 2767 nohis
482 2707 674 2765 amandemus
698 2705 799 2777 sicque
822 2705 961 2776 appareat
1013 2702 1784 2782 superflua,bonaautmala.ldeoquaquibusdatum
1796 2719 1857 2770 est:

135 2802 232 2876 qualis
246 2800 370 2858 intentio
394 2798 490 2856 cordis
505 2796 597 2854 nostri
614 2796 652 2851 sit
673 2809 742 2867 erga
758 2799 847 2849 Deum
864 2796 893 2848 et
908 2792 959 2848 bo·
1013 2788 1139 2847 liberum
1154 2793 1309 2850 arbitrium
1323 2811 1440 2852 currere
1453 2813 1628 2872 quoeunque
1638 2800 1738 2873 velint,
1752 2803 1855 2860 datus.

136 2893 241 2949 mines.
258 2892 311 2948 Per
330 2890 385 2946 hoc
407 2904 524 2961 quoque
540 2885 616 2959 quod
639 2884 842 2955 scriptumest
860 2898 866 2938 :
883 2881 960 2950 Quod
1014 2883 1059 2936 est
1073 2880 1161 2936 etiam
1174 2881 1256 2939 loeus
1280 2884 1428 2956 spatiosus
1447 2886 1478 2942 in
1494 2904 1551 2960 quo
1572 2905 1690 2947 currere
1711 2892 1844 2963 possint,

134 2983 186 3038 tibi
203 2997 259 3038 aon
281 2981 322 3036 cis
344 2980 418 3051 fieri,
443 2977 495 3033 alit
518 2991 554 3031 ee
575 2975 670 3045 feceris
685 2971 758 3042 (lob.
773 2987 811 3041 1v,
828 2970 883 3041 16),
897 2986 960 3026 om·
1014 2969 1107 3025 Locus
1124 2976 1222 3028 autem
1239 2973 1311 3030 satis
1335 2974 1483 3046 spatiosus
1497 2983 1543 3034 est
1567 2979 1690 3037 lacrrltas
1713 2981 1787 3041 beas
1812 2987 1843 3040 et

137 3085 191 3126 uos
216 3069 325 3141 iugiter
348 3069 507 3132 tentamur,
524 3062 637 3119 silorte
667 3059 798 3117 eamdem
827 3059 915 3114 tidem
931 3061 960 3115 et
1014 3057 1090 3116 male
1104 3061 1219 3133 agendi.
1232 3063 1313 3128 Quod
1325 3065 1402 3120 enim
1417 3066 1555 3122 meritum
1571 3074 1658 3140 esset,
1671 3070 1696 3126 si
1710 3071 1779 3142 quis
1795 3070 1857 3129 vel.

137 3156 344 3228 obedientiam,
361 3171 413 3211 nec
434 3170 492 3210 non
513 3150 721 3219 humilitatem,
737 3165 826 3221 quam
843 3147 927 3204 uobis
941 3133 995 3204 aG
1013 3147 1142 3204 malevel
1158 3150 1326 3223 beneagere
1342 3168 1400 3208 non
1417 3155 1627 3225 posset‘lUude
1638 3161 1671 3214 ut
1682 3159 1857 3232 utriusqus-t

135 3245 263 3302 subditis
279 3244 387 3302 nostris
401 3241 531 3301 exhiberi
552 3239 699 3306 volumus,
715 3239 745 3294 in
769 3238 873 3312 primis
889 3241 957 3306 Deo,
1013 3237 1054 3293 rei
1070 3239 1183 3311 copiam
1194 3239 1316 3296 haberet
1324 3242 1421 3298 omnis
1432 3243 1529 3314 homo,
1541 3245 1619 3303 Deus
1629 3247 1764 3320 permisit
1773 3249 1843 3306 lieri

134 3333 239 3391 deinde
261 3332 385 3400 eunctis,
402 3331 452 3404 qui
474 3329 558 3386 nobis
582 3331 721 3402 praesunt,
737 3326 871 3384 exhibere
895 3330 957 3384 stu·
1012 3325 1155 3397 plurimos
1171 3328 1290 3386 diversa
1306 3330 1457 3403 qualitatis
1478 3333 1623 3402 homines,
1638 3335 1668 3392 id
1682 3341 1730 3394 est
1742 3354 1841 3395 saeeu-

133 3423 266 3480 deamus.
283 3423 336 3478 Por
355 3425 482 3477 rectores
508 3418 659 3491 religiosos
682 3421 841 3483 tentamur,
857 3415 881 3472 si
898 3416 956 3472 Deo
1012 3415 1082 3472 laris
1097 3420 1125 3473 et
1140 3417 1301 3489 spiritualis
1325 3420 1475 3493 sapienties
1500 3427 1656 3492 amatores,
1679 3425 1786 3484 divites
1810 3432 1841 3485 et

132 3513 241 3586 gratias
257 3509 476 3584 agerevelimus
491 3525 544 3580 pro
554 3508 608 3562 hoc
623 3508 701 3578 quod
717 3504 790 3561 tales
806 3505 891 3561 nobis
905 3507 955 3561 de·
1010 3523 1066 3577 pau
1072 3522 1165 3578 peres,
1180 3509 1323 3580 superbos
1345 3514 1374 3565 et
1392 3509 1530 3581 humiles,
1544 3530 1632 3570 sanos
1647 3518 1677 3571 et
1688 3513 1840 3588 infirmos,

131 3601 175 3657 dit
189 3604 316 3657 rectores
335 3599 385 3671 qui
414 3614 467 3654 nos
493 3597 567 3652 bene
589 3593 704 3650 vivendi
728 3593 869 3665 exemplis
893 3593 954 3650 ins·
1010 3600 1042 3649 ut
1058 3611 1160 3652 omnes
1177 3597 1253 3653 inter
1267 3615 1298 3654 se
1318 3603 1463 3657 certantes
1478 3602 1546 3672 quis
1569 3603 1703 3672 celerius,
1720 3604 1776 3662 hoc
1792 3611 1857 3664 est.

37 3754 41 3763 ,
130 3693 232 3746 truaat
246 3690 275 3744 et
288 3688 366 3744 viam
383 3686 483 3759 patriae
499 3683 625 3740 eoelestis
639 3682 805 3738 ostendant.
818 3686 872 3737 Per
887 3682 955 3739 irre·
1009 3682 1125 3750 melius,
1141 3690 1271 3742 curreret
1292 3687 1496 3759 probarentur,
1523 3692 1636 3762 probati
1659 3709 1837 3752 coronarent-

129 3776 250 3851 ligiosos
273 3793 340 3834 vero
363 3780 521 3842 tentamur,
533 3774 558 3828 si
583 3774 700 3844 peccata
723 3770 953 3843 nostra,quibus
1007 3775 1065 3827 tur.
1084 3773 1156 3828 Nam
1171 3789 1238 3830 curn
1254 3773 1283 3830 in
1306 3792 1365 3831 una
1379 3780 1461 3848 parte
1486 3779 1576 3850 positi
1600 3780 1660 3837 sint
1683 3780 1850 3854 sapientias.

128 3867 292 3924 meruimus
312 3865 400 3922 subdi
422 3862 543 3928 talibus,
560 3860 743 3916 attendentes
759 3863 788 3916 et
810 3859 951 3932 poeniten·
1007 3860 1169 3932 spiritualis
1179 3867 1335 3939 amatores,
1346 3881 1500 3938 pauperes,
1512 3867 1650 3938 humiles,
1661 3870 1790 3941 infirmi,
1803 3872 1844 3930 in.

127 3955 200 4012 tiam
216 3953 329 4028 probis
344 3968 429 4026 agere
444 3955 589 4023 etrogare
608 3954 699 4005 Deum
719 3949 902 4018 studeamus,
918 3953 952 4006 ut
1006 3949 1064 4006 alia
1078 3967 1144 4007 vero
1167 3952 1286 4009 sibimet
1301 3955 1465 4022 contrariis,
1477 3955 1577 4014 nullus
1601 3960 1637 4015 ad
1660 3958 1833 4035 intelligibi-

127 4059 185 4099 non
210 4043 371 4100 seeundum
393 4044 510 4114 peccata
538 4043 638 4096 nostra
663 4038 750 4094 iaciat
779 4054 833 4095 nos
855 4054 951 4096 errore
1004 4039 1062 4095 lem
1079 4040 1219 4097 duntaxat
1244 4046 1358 4099 atatem
1389 4045 1560 4116 perveniens
1589 4046 1767 4121 relinquitur
1782 4049 1836 4122 qui

126 4135 278 4205 pastorum
307 4130 419 4201 seduci,
446 4130 496 4186 sed
526 4128 689 4185 secuudum
718 4127 949 4185 misericordiam
1005 4130 1312 4202 nonperoppositum
1333 4148 1420 4188 suurn
1443 4136 1832 4209 probatusautcoronetur,

126 4236 212 4277 suam
227 4219 333 4293 eripiat
346 4216 576 4291 apotentiatali.
588 4220 643 4272 Per
654 4215 950 4273 famulaminaservo·
1004 4222 1054 4273 aut
1068 4218 1235 4275 damnetur.
1251 4219 1368 4278 Electus
1390 4222 1500 4296 quippe
1524 4231 1691 4298 coronatur,
1703 4227 1775 4299 quia
1789 4229 1835 4284 vi.

124 4306 191 4366 rum
199 4306 669 4382 aliorumquenobissubditorum
681 4309 946 4374 tentamur,utrum
1003 4308 1075 4362 dens
1090 4312 1118 4362 et
1132 4309 1254 4365 audiens
1270 4311 1400 4382 undique
1415 4312 1494 4369 mala
1509 4331 1526 4371 a
1541 4314 1627 4371 malis
1640 4320 1724 4388 gesta
1738 4318 1835 4375 couti»

121 4415 175 4473 per
188 4399 243 4456 hoc
258 4399 317 4456 Deo
333 4399 443 4471 gratias
458 4412 543 4470 agere
553 4395 678 4452 velimus
689 4396 766 4468 quod
783 4393 832 4451 illo
848 4395 946 4468 dispo·
1002 4396 1067 4452 nuit
1081 4414 1112 4453 se
1128 4399 1163 4453 ab
1179 4398 1237 4467 eis3
1254 4401 1395 4472 reprobus
1411 4418 1476 4459 vero
1500 4403 1565 4460 ideo
1579 4405 1748 4478 damnatur,
1760 4407 1835 4480 quia

121 4494 208 4546 neate
221 4488 253 4545 hi
268 4487 354 4545 nobis
369 4486 538 4544 deserviunt
550 4486 601 4558 qui
613 4484 780 4541 conditione
796 4487 825 4540 et
840 4490 945 4541 natura
960 4507 984 4572 D
1000 4484 1103 4542 videns
1114 4492 1142 4543 et
1157 4487 1280 4544 audiens
1296 4487 1405 4562 ubique
1420 4492 1523 4549 bonan
1534 4493 1620 4550 bonis
1635 4498 1719 4568 gesta
1734 4495 1847 4553 noluit·

121 4577 205 4636 nobis
220 4578 346 4652 aequales
362 4577 501 4635 existunt.
513 4577 567 4632 Per
581 4573 738 4647 cujuslibet
752 4573 881 4630 hominis
896 4591 945 4630 no·
999 4573 1108 4630 imitari
1125 4575 1185 4646 illa,
1201 4577 1278 4633 sicut
1299 4582 1327 4633 et
1345 4579 1438 4636 Judaei
1455 4581 1611 4639 aDomino
1637 4588 1739 4641 nostro
1754 4586 1829 4642 rete·

119 4668 233 4725 hiscum
249 4666 448 4725 conversantis
469 4664 679 4739 negligentiam
696 4667 856 4730 tentamur,
870 4663 895 4718 si
910 4677 945 4719 ca
999 4669 1104 4720 runtur
1119 4665 1183 4722 ideo
1198 4681 1263 4722 esse
1278 4668 1439 4725 damnandi
1453 4671 1523 4741 quia
1538 4672 1666 4729 seientes
1679 4673 1845 4733 Ninivitas.

119 4773 183 4829 qua
195 4756 245 4813 ille
259 4758 290 4812 in
303 4755 500 4830 qualicunque
513 4770 543 4810 re
558 4753 740 4827 negligenter
750 4752 810 4825 agit
821 4766 943 4824 quaque
996 4768 1086 4824 parva
1108 4754 1188 4810 Jonas
1214 4756 1418 4828 predicatione
1432 4776 1597 4833 conversos,
1612 4761 1669 4834 ipsi
1694 4778 1750 4820 nec
1774 4779 1843 4837 per.

118 4859 172 4899 uos
192 4859 226 4898 ex
248 4842 353 4915 peritia
376 4846 405 4898 et
428 4841 547 4897 licentia
569 4840 722 4897 meliorare
746 4839 896 4897 valeamus
911 4839 941 4897 in
997 4842 1125 4898 maxima
1135 4844 1384 4916 signsvoluerunt
1394 4850 1532 4905 converti.
1545 4850 1723 4923 HuJusmodi
1733 4852 1844 4925 igitur..

117 4929 224 4986 melius
239 4946 357 5003 quoque
374 4935 519 5004 aptemus.
995 4930 1163 4988 diversitate
1177 4936 1271 4989 tentat
1285 4951 1339 4990 nos
1356 4935 1468 5008 jugiter
1481 4937 1625 4996 Dominus
1648 4940 1840 5012 admonens·

151 5016 385 5093 Per'temporum
402 5035 513 5093 pacem,
527 5019 603 5075 aeris
619 5021 801 5092 temperiem,
815 5036 866 5076 nee
882 5035 940 5076 non
995 5023 1028 5074 ut
1042 5019 1165 5077 sollicite
1187 5028 1344 5094 pensantes
1359 5030 1470 5095 quanta
1485 5027 1646 5085 subtilitate
1667 5028 1843 5089 diversitas.

115 5125 280 5184 perrarum
300 5107 511 5165 abundantiam
536 5110 695 5195 tentamur,
711 5113 810 5165 utrum
826 5108 939 5180 probis
994 5109 1097 5164 eadem
1113 5111 1189 5167 sacta
1204 5111 1242 5167 sit
1258 5112 1294 5167 ad
1315 5116 1565 5186 comprobandam
1580 5118 1713 5175 omnium
1729 5119 1834 5192 quali«-

114 5200 174 5256 Deo
188 5198 298 5273 gratias
313 5214 398 5273 agere
423 5203 451 5254 et
470 5197 500 5253 in
515 5196 579 5269 ejus
602 5197 721 5278 servitio
746 5199 939 5272 promptiores
993 5201 1082 5254 tatem
1100 5199 1248 5272 lugiamus
1262 5217 1279 5256 a
1294 5208 1417 5259 ventura
1431 5203 1484 5277 ira,
1496 5222 1564 5263 cum
1580 5211 1698 5280 tempus
1714 5207 1832 5267 habas·¹

114 5304 180 5344 esse
192 5286 328 5345 velimus.
345 5287 437 5344 Aliter
452 5302 569 5361 quoque
589 5286 619 5342 in
646 5286 755 5343 eisdem
778 5291 937 5357 tentamur,
993 5304 1060 5344 mus
1077 5288 1218 5362 fugiendi.

114 5380 214 5433 utrum
229 5376 265 5432 ad
278 5378 444 5434 necessaria
454 5377 549 5433 victus
559 5375 720 5432 etvestitus
732 5376 864 5433 subsidia
875 5393 937 5435 ma·
1028 5376 1057 5434 Si
1073 5377 1139 5451 quis
1154 5395 1221 5435 vero
1236 5378 1304 5452 plus
1319 5386 1430 5452 querat
1444 5386 1590 5455 quomodo
1605 5402 1660 5443 nos
1673 5386 1844 5448 Dominus„

112 5466 161 5541 gis
174 5481 263 5540 quam
278 5467 315 5524 ad
328 5465 510 5540 superfluum
526 5482 615 5522 usum
636 5463 758 5522 luxuria
772 5465 817 5523 vel
833 5483 938 5540 super·
987 5467 1099 5540 jugiter
1114 5468 1280 5538 admoueat,
1299 5471 1373 5527 sciat
1392 5472 1472 5544 quia,
1488 5475 1725 5549 quotiescunque
1738 5478 1823 5554 cogi„
1836 5518 1857 5527 ..

111 5555 166 5615 bis
182 5555 230 5616 his
245 5558 375 5621 utamur.
386 5555 439 5617 Per
452 5555 564 5615 debiles
578 5558 607 5615 et
622 5569 766 5631 pauperes
776 5559 936 5635 tentamur,
991 5557 1144 5617 tamusvel
1154 5559 1292 5618 audimus
1302 5577 1393 5640 quarn
1405 5562 1548 5623 terribilia
1558 5564 1618 5625 sint
1629 5565 1856 5661 judiciandur.
