3892 6096
111 194 173 291 aar
613 226 708 291 vira
730 230 764 291 s.
787 228 1038 293 wonrnanar.
1053 264 1093 275 -
1121 232 1329 297 nrrnnnrx.
1763 240 1822 305 aaa

152 362 197 419 st.
211 360 305 419 Homo
318 359 409 434 igitur
423 359 619 434 pauperculus
631 361 763 435 quidam,
775 362 826 436 qui
837 363 874 420 ob
885 362 941 420 ori·
955 364 983 431 Α
997 368 1075 421 esset
1089 382 1144 421 sua
1157 365 1241 435 visio,
1257 366 1366 439 gratias
1388 367 1448 441 agit
1473 370 1529 425 Deo
1552 376 1713 445 sanctoque
1726 374 1819 430 Wolt-

116 451 235 509 minnm
246 448 408 507 multorum
420 449 791 523 perpetrationemeirculis
802 452 902 510 terreis
912 452 942 508 in
998 454 1104 526 kango,
1121 455 1171 525 qui
1188 455 1245 511 sibi
1260 456 1348 512 talem
1372 457 1498 515 revelare
1513 460 1651 532 diguatus
1666 467 1711 518 est
1725 462 1821 537 digni-

116 548 244 615 ntroque
258 539 379 597 brachio
396 539 649 606 luiteonstrietus,
660 541 942 614 etenhoogravissi-
1000 545 1099 598 tatem.

115 631 176 687 mis
184 627 452 703 eolidisaupplieiis
460 629 664 695 albiniacum
676 630 943 687 multasanctorum
1035 632 1078 687 43.
1096 634 1219 697 Quidam
1231 634 1288 705 (88)
1303 635 1390 691 homo
1414 638 1540 694 cecitate
1565 640 1707 698 multatus
1722 642 1758 698 ad
1774 659 1821 699 se·

114 719 182 777 loen
192 735 245 791 pro
255 719 545 791 ejusdemerueiatus
556 719 683 775 remedio
694 719 901 792 commissique
911 722 942 757 ¹⁰¹
1001 721 1155 793 pulchrum
1182 724 1256 778 beati
1281 724 1451 797 wolfkangi
1476 729 1608 783 accessit.
1625 732 1756 803 Cumque
1781 731 1821 786 ibi

115 807 240 867 sceleris
249 807 407 866 abolitione
422 807 640 881 perlustrasset,
652 807 749 864 divina
759 809 877 865 tandem
889 809 944 865 mi·
1000 826 1099 882 preces
1123 812 1287 868 uberrimas
1313 814 1473 882 effudisset,
1496 818 1593 873 subito
1617 820 1681 875 visu
1706 826 1821 892 recepto

117 898 265 979 seratione
289 900 450 970 respectus,
470 896 538 952 ferri
565 896 702 970 ligamen,
725 899 803 970 quod
828 899 858 954 in
885 916 944 955 uuo
999 898 1233 965 exauditus,Deo
1249 906 1409 973 sanctoque
1425 904 1543 974 praesuli
1558 907 1668 976 gratias
1684 910 1751 980 ogit.

118 988 255 1063 gestabat
269 985 401 1055 brachio,
416 1003 468 1060 per
486 986 585 1043 Sancti
601 986 654 1042 viri
667 986 858 1059 ¹⁰¹Adalperti
884 1004 944 1044 me·
1036 987 1079 1041 tl.
1094 985 1157 1043 atio
1174 1004 1291 1060 quoque
1306 994 1435 1061 ternpore
1452 991 1559 1047 mulier
1570 996 1705 1065 quasdam
1717 997 1822 1053 debilis

118 1077 175 1135 rita
189 1076 325 1133 amittere
336 1074 453 1132 meruit.
464 1076 684 1144 Deindoetiam,
697 1074 835 1149 quoniam
851 1078 944 1133 saneti
1000 1091 1052 1147 pro
1068 1092 1120 1147 spe
1135 1079 1338 1148 recuperanda·
1354 1078 1459 1134 salutis
1470 1081 1621 1152 deportato
1632 1088 1676 1139 est
1687 1100 1703 1139 a
1713 1085 1776 1141 suis
1791 1086 1822 1141 in
1932 1084 1940 1093 '

119 1165 288 1239 Wolnrangi
304 1166 413 1222 lamam
425 1181 476 1238 per
488 1164 664 1238 longinquas
679 1165 788 1222 audivit
802 1164 943 1239 regiones,
999 1162 1152 1219 ecelesiam
1168 1165 1244 1221 beati
1260 1166 1467 1222 lirnmnranrmi
1479 1171 1624 1243 martyris.
1638 1172 1668 1228 ln
1684 1173 1823 1244 quadum

120 1256 154 1313 ad
174 1253 367 1327 Ratisponam
386 1256 515 1322 veniens,
542 1253 641 1325 ibique
664 1260 731 1311 ante
754 1254 944 1327 sepulchrum
1000 1257 1067 1308 anto
1082 1252 1335 1326 altariareptondo
1347 1256 1441 1329 magis
1453 1274 1542 1329 quarn
1555 1260 1733 1317 anibulando
1749 1262 1823 1335 peti·

121 1346 183 1417 ejus
197 1343 324 1401 orationi
339 1342 492 1415 insistens,
505 1342 624 1399 alterius
639 1342 741 1399 circuli
757 1343 887 1400 crrrciatu
899 1346 946 1400 ah·
1000 1341 1541 1417 tionesedulasnnctorumexquisisset
1551 1348 1822 1422 suffragio‚taudem

120 1433 234 1492 solutus
249 1437 303 1490 est.
1000 1446 1034 1485 ex
1050 1430 1148 1487 labore
1167 1430 1211 1487 vel
1233 1431 1405 1505 egritudine
1424 1434 1555 1506 sutigola,
1572 1453 1657 1493 seens
1672 1439 1823 1497 tumulum

151 1523 198 1579 ⁴2.
216 1520 351 1579 Heinrieo
371 1537 439 1594 rege
457 1522 582 1578 necdum
598 1521 714 1579 casaris
728 1522 773 1579 vel
788 1522 944 1594 imperato·
1000 1518 1094 1574 saneti
1110 1519 1244 1591 presulis
1259 1519 1426 1595 ll⁷olllrongi
1451 1524 1559 1580 resedit
1581 1525 1675 1581 humi.
1691 1529 1823 1603 Cumque

119 1612 158 1670 ris
168 1611 345 1684 dignitatem
357 1610 661 1683 obtinente,apparuit
670 1610 946 1667 sanetusWoltlran·
1001 1606 1115 1663 misello
1126 1625 1246 1681 corpore
1256 1626 1289 1664 oc
1300 1616 1396 1667 ruente
1408 1610 1556 1684 inclinata,
1568 1615 1632 1685 ejus
1647 1616 1785 1688 precibus
1795 1623 1824 1673 et

116 1714 172 1774 gns
188 1699 349 1756 insomnis
371 1698 485 1755 visione
508 1698 570 1755 tali.
586 1699 688 1755 Visum
704 1716 832 1773 nomque
847 1704 892 1757 est
907 1700 944 1771 ei,
960 1736 984 1801 B
1000 1696 1113 1752 meritis
1128 1714 1160 1753 se
1175 1699 1305 1767 adjnvari
1327 1705 1467 1772 exoraret,
1483 1702 1580 1758 subito
1599 1702 1699 1760 lateris
1714 1712 1823 1764 oetero-

116 1789 197 1863 quod
208 1804 334 1845 manans
344 1787 374 1843 in
385 1787 484 1843 Sancti
498 1787 708 1844 Emnrerammi
723 1788 855 1855 ecelesia,
868 1805 947 1845 acee-
1002 1802 1125 1857 rumque
1140 1788 1339 1843 membrorum
1355 1790 1513 1845 contractio
1529 1793 1640 1847 nodosa
1660 1798 1705 1849 est
1729 1794 1825 1852 soluta

114 1878 201 1935 deret
210 1877 314 1934 orandi
329 1876 423 1950 gratia
433 1876 469 1932 ad
484 1876 561 1933 beati
572 1876 740 1951 Woltlrongi
756 1877 945 1950 sepulchrum
1001 1891 1035 1930 uc
1056 1880 1115 1931 tam
1130 1875 1317 1933 vehementer
1339 1877 1483 1951 disrupta,
1494 1885 1527 1935 ut
1551 1882 1706 1954 sanguinis
1720 1884 1824 1941 effusio

111 1964 144 2024 in
156 1965 285 2024 eeclesia
294 1965 396 2022 eadem
408 1966 509 2021 situm.
519 1967 650 2039 Cumque
660 1966 769 2023 ibidem
778 1968 870 2023 Deum
881 1984 946 2023 san·
1001 1964 1146 2020 diilluerot
1157 1964 1186 2019 in
1198 1966 1463 2038 pavimento'lune
1475 1968 1581 2024 mulier
1592 1970 1719 2042 primum
1731 1977 1825 2029 exter·

111 2060 261 2128 utumque
277 2054 488 2127 Wolllrangum
512 2054 648 2127 precibus
663 2054 775 2111 intimis
791 2060 947 2112 conaretur
1002 2054 1057 2108 rita
1078 2070 1135 2125 prro
1159 2054 1263 2110 timore
1288 2055 1375 2127 erepit
1399 2056 1538 2124 elamore;
1559 2058 1664 2116 deiude
1687 2061 1825 2119 exsiliens

113 2160 253 2209 exorare,
264 2143 361 2201 subito
375 2143 531 2199 videbatur
544 2144 570 2199 ei
585 2144 647 2216 ipse
659 2149 778 2200 sanctus
794 2150 906 2201 asstare
918 2150 948 2200 et
1002 2158 1083 2209 sano,
1095 2148 1192 2214 grates
1206 2144 1333 2199 reddidit
1350 2150 1404 2200 [too
1420 2151 1579 2218 sanctoque
1595 2147 1780 2223 wolfkango.

112 2232 295 2308 hujusmodi
306 2232 402 2289 verbis
413 2248 481 2288 eum
493 2231 640 2306 appellare
650 2251 658 2290 ε
670 2235 778 2290 Intuere
792 2234 947 2304 diligenter
1037 2232 1081 2285 45.
1098 2231 1190 2288 Homo
1206 2233 1326 2304 quidam
1350 2232 1439 2289 nimis
1454 2241 1581 2307 aegrotus
1605 2238 1707 2293 orandi
1731 2241 1825 2312 gratia

111 2324 232 2381 littera
246 2324 275 2378 in
291 2339 381 2391 maro,
392 2324 442 2396 qui
455 2324 494 2378 est
514 2338 591 2378 secus
604 2321 746 2379 tumulum
767 2339 865 2392 meum,
876 2325 948 2380 scri-
1000 2319 1124 2375 venitin
1140 2320 1217 2376 beati
1233 2321 1441 2378 Emmorammi
1456 2323 1619 2381 ecelesiam.
1638 2326 1690 2382 Ubi
1706 2329 1776 2385 dum
1793 2345 1824 2386 ss

108 2420 192 2485 psas.
214 2416 284 2468 Erat
305 2415 403 2469 autem
429 2411 480 2479 ibi,
496 2410 746 2480 sicutvidebatur,
763 2412 947 2469 solummodo
1002 2418 1170 2464 sanctorum
1186 2409 1298 2465 meritis
1308 2410 1470 2481 postularet
1482 2410 1598 2469 liberari
1611 2415 1647 2470 oh
1664 2415 1825 2475 inhaerente

111 2502 267 2577 seriptum
283 2517 290 2557 :
307 2505 372 2558 Post
393 2516 452 2557 sex.
470 2499 616 2573 Evigilans
637 2517 704 2557 vero
721 2501 871 2557 lleiorieus
886 2518 946 2570 rex,
1002 2497 1057 2554 sibi
1077 2496 1190 2552 diutino
1214 2499 1410 2571 aegrotatione,
1433 2501 1553 2557 demum
1577 2496 1716 2560 decubuit
1739 2506 1825 2577 juxta

110 2591 294 2650 tractatione
305 2589 445 2647 diuturna
455 2606 555 2647 seeum
571 2591 689 2647 revolvit
703 2591 880 2664 paucissima
894 2591 949 2646 hu·
1002 2587 1095 2642 saneti
1106 2585 1273 2660 Wolllrangi
1288 2589 1436 2656 tumbam3
1449 2589 1548 2662 ibique
1558 2592 1591 2626 ¹⁰³
1606 2592 1727 2650 ielioiter
1742 2611 1825 2667 sopo-

105 2682 166 2755 J'ns
183 2679 306 2737 visionis
319 2678 438 2753 scripta.
451 2679 482 2735 ln
494 2679 598 2752 primis
613 2695 682 2752 ergo
697 2679 946 2749 arbitratus,quod
1002 2680 1093 2744 ratus,
1105 2678 1251 2749 quondum
1267 2676 1361 2732 virum
1377 2682 1489 2735 statura
1505 2696 1656 2752 procerum
1672 2688 1701 2737 ct
1715 2683 1825 2741 caninis

112 2769 412 2847 postsexdiesesset
424 2767 595 2837 moriturus,
605 2768 699 2825 multa
709 2769 861 2841 dispensat
872 2786 946 2841 pau·
1002 2766 1198 2821 venerandum
1215 2770 1325 2822 asstare
1347 2766 1429 2836 vidit,
1445 2772 1532 2840 atque
1547 2770 1584 2825 ab
1599 2786 1632 2826 eo
1647 2772 1757 2828 dietum
1774 2790 1825 2829 au·

113 2857 766 2935 paribus-Cumautemsexdierumnumerus
778 2858 946 2930 proeterirct,
1001 2855 1093 2911 divit:
1107 2856 1138 2913 tlt
1153 2856 1219 2927 qnid
1236 2866 1266 2912 tu
1281 2856 1336 2922 laic,
1352 2864 1402 2913 unt
1416 2858 1494 2928 cujas
1507 2860 1551 2914 rei
1564 2863 1660 2929 qratia
1673 2863 1829 2919 advenisti?

115 2952 150 3007 et
160 2947 204 3005 nil
218 2948 250 3003 in
265 2963 298 3003 ss
311 2946 471 3020 corporalis
482 2945 622 3003 molestias
633 2946 763 3015 sentiret,
775 2946 899 3018 putavit,
911 2947 946 3002 ad
1002 2949 1039 2999 nt
1053 2944 1102 3001 ills
1113 2945 1282 3018 respondit:
1296 2949 1425 3014 Dornz'ne,
1435 2955 1578 3019 propterea
1588 2948 1643 3005 hnc
1652 2952 1737 3007 miser
1752 2954 1825 3023 iveni,

116 3056 174 3097 sex
201 3053 321 3096 menses
349 3036 508 3110 pertinere,
533 3040 561 3092 et
588 3036 689 3093 eadem
720 3037 806 3108 coepit
831 3036 945 3092 timere.
1001 3034 1710 3110 utsanerolnrrpuoribns‚quiiustemporaneos
1728 3042 1827 3112 ptores

117 3130 285 3186 Transaeto
295 3143 363 3184 vero
377 3131 406 3183 et
420 3125 509 3197 hujus
524 3124 639 3181 numeri
654 3126 758 3197 spatio,
773 3124 904 3197 nihilque
915 3141 948 3181 eo
963 3111 984 3177 C
1004 3123 1139 3178 laborant.
1156 3122 1238 3177 Tune
1261 3123 1435 3181 venerahilis
1459 3125 1546 3182 heros
1571 3127 1652 3200 virga
1675 3130 1825 3200 pastorali,

121 3216 309 3275 infirmitatis
321 3232 420 3291 passo,
430 3214 589 3271 arbitratus
599 3220 644 3270 est
655 3213 734 3270 hune
744 3230 899 3270 nnmerum
912 3213 948 3270 ad
1003 3228 1092 3283 qnam
1107 3216 1220 3283 gestare
1231 3212 1393 3277 videbatur,
1405 3218 1528 3285 tangens
1543 3231 1622 3282 eum,
1634 3216 1705 3271 dixit
1718 3234 1725 3272 τ
1740 3220 1826 3289 Surus

119 3323 178 3364 sex
193 3321 286 3361 annos
306 3305 462 3379 pertinere,
477 3304 601 3376 ideoque
616 3319 680 3375 quae
701 3308 730 3359 et
753 3320 843 3376 supra
862 3302 950 3375 eoepit
1002 3301 1273 3355 attestandum
1296 3317 1381 3356 senus
1403 3302 1494 3374 saclas
1508 3316 1545 3356 es.
1563 3306 1626 3357 Mox
1640 3304 1689 3375 qui
1709 3306 1828 3375 jacebat

119 3392 378 3465 timeretiomque
388 3410 439 3449 sex
448 3410 592 3449 annorum
609 3406 750 3449 numerus
761 3392 872 3465 integer
882 3408 949 3465 per·
1004 3388 1089 3462 quasi
1105 3394 1249 3457 mortuus,
1268 3405 1319 3461 per
1342 3389 1446 3445 merita
1469 3390 1601 3461 presulis
1626 3392 1827 3467 Wolilrongia

121 3483 284 3541 transisset
297 3488 326 3539 et
346 3482 465 3555 septimi
485 3482 554 3537 anni
569 3482 632 3538 dies
647 3480 795 3538 revolutus
810 3481 949 3550 venisset,
1004 3495 1107 3534 somno
1122 3478 1307 3551 egritudinis
1331 3478 1473 3534 excitatus
1488 3478 1622 3549 exsilivit,
1634 3486 1663 3537 et
1678 3498 1735 3554 prro
1754 3500 1826 3555 gau·

124 3572 425 3645 caesarisdignitatem
437 3588 488 3645 per
500 3571 691 3644 apostolicam
707 3570 949 3643 suseepiteonse·
1004 3568 1052 3623 dio
1066 3568 1197 3624 clamans
1211 3568 1242 3623 in
1258 3572 1401 3640 quantum
1417 3568 1521 3641 potuit,
1537 3568 1628 3626 Deum
1649 3576 1826 3644 sanctosque
1871 3592 1876 3601 ’

127 3662 286 3720 arationem
301 3660 361 3736 (nn.
373 3660 464 3734 1014).
476 3661 557 3717 Tunc
574 3661 693 3717 tandem
709 3660 838 3717 sentiens
853 3659 950 3732 qualis
1004 3657 1084 3714 illius
1101 3657 1240 3714 laudavit.
1805 3660 1809 3665 '

799 3784 920 3842 VAlllAE
946 3784 1152 3842 unctiones.

165 3890 195 3928 ¹⁰¹
209 3887 435 3962 commissisque
450 3887 609 3947 sceleribus
625 3888 637 3944 1
649 3886 664 3943 ‘l
677 3887 718 3943 ed.
757 3886 792 3922 ¹⁰²
805 3885 879 3942 deest
892 3886 919 3941 2.
936 3885 988 3942 nbi
1001 3883 1114 3957 alperti.
1154 3884 1186 3919 ¹⁰³
1200 3883 1309 3955 ubique
1324 3886 1351 3938 2.

922 4009 1037 4068 NOTAE.

168 4114 218 4185 (88)
232 4113 355 4186 Reliqua
368 4112 426 4172 tria
441 4111 569 4186 capitula
583 4129 617 4169 ex
631 4110 771 4179 arnoldo,
787 4127 812 4166 e.
829 4110 923 4165 att-28.

204 4416 633 4515 areanum<
682 4417 782 4511 An
824 4416 1088 4510 vivant
1137 4416 1184 4511 s
1228 4414 1749 4510 WOLFKANGI.

377 4628 583 4751 VITA
625 4623 1134 4751 RHYTHMIGA
1176 4624 1576 4749 EJUSDEM.

279 4850 374 4924 (Apud
390 4849 424 4907 R.
439 4849 472 4907 P.
487 4848 667 4906 Bernardnm
685 4846 812 4918 Panium,
831 4848 988 4904 Thesaurus
1005 4844 1104 4903 dnecd.
1120 4846 1230 4913 novin„
1247 4849 1318 4901 torn.
1337 4845 1373 4900 lll
1388 4850 1471 4917 parte
1486 4864 1516 4917 11,
1534 4845 1588 4903 col.
1603 4847 1679 4921 615.)

789 5146 1175 5237 MONITUM.

129 5298 163 5370 Iu
186 5326 282 5391 codr'ce
301 5326 466 5391 Mellieensi
483 5324 662 5411 praecedenti
681 5324 752 5388 Vita
775 5323 855 5386 illico
872 5323 1070 5405 subjungitur
1089 5324 1152 5386 otio
1174 5322 1303 5405 ejusdem
1325 5320 1503 5406 Wolskanqi
1524 5321 1649 5385 dt'storio
1671 5320 1833 5405 rythmico,

346 5428 412 5491 qua
425 5407 511 5490 eujus
525 5406 679 5488 Anonymi
691 5404 1078 5469 Sonat-Emmernmmenn's
1093 5403 1321 5467 narbonnensis
1335 5405 1382 5480 sit,
1402 5405 1547 5466 incertum
1562 5413 1614 5466 est.

125 5538 207 5639 J08n,
223 5568 337 5629 medice
351 5568 504 5639 coelorum,
714 5565 801 5638 Alter,
818 5582 924 5639 queam
939 5570 973 5622 ut
987 5564 1107 5622 laudare
1302 5569 1401 5620 corut
1415 5580 1515 5621 meum
1530 5565 1706 5635 illustretur,

127 5610 185 5700 Rex
198 5658 336 5701 mamone
349 5641 399 5699 lan
442 5641 559 5700 idorum
714 5638 755 5695 'l'e
768 5639 800 5695 in
816 5638 927 5696 sanetis
941 5637 1001 5695 tuis
1015 5653 1115 5711 gnare,
1305 5637 1355 5703 lla,
1372 5640 1406 5692 ut
1420 5637 1743 5709 sanatuscollaudotur,

127 5689 342 5776 Qdaunaredus
354 5712 526 5775 nouorum!
715 5709 839 5770 Matrem
854 5707 1128 5794 semperhonorara
1303 5707 1332 5765 ai
1373 5707 1401 5765 is
1415 5708 1500 5767 miris
1513 5708 1677 5778 extollatur,

160 5782 452 5871 hamsnpplsntis,
749 5780 1056 5867 ninomuqunortta,
1363 5778 1689 5859 manciannum,
