3892 6096
71 3816 78 3829 '
173 3819 258 3892 begis
273 3819 376 3877 divinas
391 3822 596 3879 demonstrant
614 3823 820 3897 cognitionem,

164 302 225 369 28³
671 299 843 365 oratoru
866 300 1043 366 Movaoffl
1064 302 1097 366 S.
1120 302 1365 369 llillbllllldldlss
1810 299 1875 364 284

164 437 202 495 Ut
216 436 285 495 licet
298 432 404 492 interni
421 431 515 490 simus
530 433 566 491 de
580 448 696 492 carcere
710 434 791 504 certi,
1002 437 1031 504 Α
1045 435 1076 495 Si
1089 453 1142 495 vos
1156 437 1243 511 culpa
1257 437 1363 511 minor,
1378 439 1478 493 tamen
1496 435 1576 491 arcet
1589 430 1727 491 conscius
1742 448 1836 491 error.

165 531 250 586 Hunc
265 524 411 599 trepidare
424 539 542 596 parum,
554 523 599 579 vel
614 524 688 580 torte
703 523 777 580 nihil
792 524 953 582 videamur.
1044 526 1099 585 Sed
1115 543 1151 584 ae
1165 526 1317 584 falsidicus
1331 526 1440 593 videar,
1455 541 1523 581 cum
1537 521 1609 580 talia
1623 522 1731 593 scribo,

165 612 304 682 Quamvis
318 611 469 683 vidissem,
486 612 621 686 quamvis
641 613 697 670 sim
720 630 827 686 passus
841 616 989 687 eumdem,
1044 618 1103 674 lloc
1119 621 1173 687 est,
1189 633 1257 673 cum
1273 614 1363 673 laicos
1379 615 1550 688 dignoscere
1565 611 1630 669 dico
1646 628 1785 686 superna,
1818 641 1823 651 ·

164 704 313 763 Mefateor
327 706 453 770 mutum,
465 703 692 775 necquidquam
708 719 841 776 promere
856 721 989 777 possum,
1043 708 1086 764 En
1101 707 1206 763 iterum
1222 706 1363 779 exemplis
1377 705 1432 761 hac
1448 706 1624 776 argumenta
1638 702 1778 776 probabo,

166 793 247 861 Quod
262 809 353 866 poenae
368 791 418 848 tali
434 792 513 848 dictu
530 796 618 865 queat
632 792 816 865 equiperari,
1044 796 1077 853 ln
1092 796 1211 868 quibus,
1228 800 1260 851 ut
1273 812 1369 868 spero,
1386 792 1546 850 multorum
1561 792 1650 848 corda
1664 791 1797 849 movebo.

166 882 202 941 Ni
217 880 328 939 ratione
342 881 442 954 aliqua
457 897 630 953 componam
646 886 743 938 mente
758 882 903 954 profunda
1043 886 1142 943 Nostis
1157 885 1235 942 enim
1250 884 1341 942 solem
1357 888 1451 941 totum
1466 882 1592 939 lustrare
1607 897 1659 955 per
1672 881 1784 951 orbem,

169 972 249 1028 lianc
259 972 293 1028 ad
304 975 478 1044 presentem
487 987 603 1044 pernam
615 987 667 1026 ceu
678 987 785 1043 corpus
796 972 832 1028 ad
843 973 989 1029 umbram.
1044 977 1083 1032 Ac
1099 991 1276 1048 quocunque
1290 973 1350 1042 itis,
1367 973 1451 1046 quasi
1466 974 1640 1045 presentem
1656 971 1717 1028 lore
1732 972 1828 1039 scitis,

417 1077 623 1135 cppffULUM
642 1078 741 1135 xvqfl,
1044 1063 1118 1121 Cum
1134 1067 1232 1120 tamen
1249 1067 1281 1119 ut
1296 1079 1397 1120 servus
1412 1060 1572 1117 tumuletur
1586 1059 1730 1117 fructibus
1745 1061 1827 1117 orbis

196 1168 270 1238 Quod
283 1169 343 1225 lraec
356 1175 454 1224 cuncto
467 1167 503 1224 ad
516 1168 621 1224 olerum
635 1168 708 1224 dicte
720 1184 774 1225 non
790 1170 873 1225 aliter
893 1186 966 1226 ome
1046 1153 1229 1226 [mimine
1243 1151 1295 1209 Dei
1309 1167 1426 1223 ⁸⁰¹1¹ller
1440 1149 1479 1206 ⁸5²
1493 1147 1631 1206 Subdstlffl
1649 1149 1751 1218 ⁰¹11¹¹13

295 1240 353 1295 cisi
366 1241 554 1312 compatientis
572 1255 665 1296 cincre
679 1242 737 1297 sint
748 1241 865 1312 protare.
1046 1241 1184 1314 Nunquid
1201 1241 1244 1299 sol
1260 1257 1439 1315 quamquam
1455 1239 1491 1296 de
1504 1238 1569 1295 luce
1584 1254 1640 1295 sua
1653 1238 1830 1306 removebit,

168 1329 233 1384 lieo
248 1326 338 1401 igitur
353 1326 429 1384 clero
445 1328 533 1384 statui
548 1328 678 1401 proferre
694 1331 850 1397 menende,
1044 1334 1104 1388 Aut
1118 1330 1242 1404 propria
1256 1329 1331 1387 lucis
1346 1329 1444 1386 radios
1459 1327 1613 1385 abscondit
1627 1327 1664 1384 ab
1679 1326 1764 1384 ullo?

167 1415 524 1489 Nonutquemquesciam
535 1417 699 1489 plusquam
709 1419 991 1492 mecorripiendum,
1047 1419 1120 1477 Hinc
1134 1437 1196 1489 vos,
1214 1419 1239 1476 si
1255 1419 1355 1490 vultis,
1370 1417 1486 1475 Domini
1502 1417 1592 1489 jubar
1606 1416 1781 1489 inspicietis,

169 1505 220 1562 Cui
235 1505 345 1578 proprii
361 1521 457 1561 mores
471 1509 580 1562 aterna
594 1505 710 1563 silentia
724 1512 857 1580 ponunt;
1046 1513 1140 1579 vinam
1152 1508 1279 1565 clemens
1295 1508 1417 1574 mundo,
1428 1521 1518 1580 quam
1533 1507 1738 1563 totusoonslet
1751 1504 1872 1578 ubique,

169 1594 226 1652 Sed
242 1593 327 1665 quasi
341 1594 525 1667 compatiens
539 1595 629 1651 variis
643 1596 792 1653 erroribus
813 1595 903 1670 urhis,
1046 1600 1123 1657 Dum
1139 1596 1240 1655 lumen
1254 1600 1370 1654 tantum
1385 1596 1473 1653 vestri
1488 1593 1622 1652 concedit
1636 1592 1671 1650 ad
1688 1609 1790 1662 usum,

168 1683 246 1749 Quos
261 1698 326 1740 reor
341 1684 441 1757 augeri
455 1684 536 1740 vitiis
551 1700 640 1757 quam
656 1685 781 1743 maxime
795 1686 875 1754 cleri,
1046 1688 1138 1761 Cujus
1153 1690 1334 1762 portantum
1349 1685 1488 1759 splendor
1503 1681 1677 1740 diffunditur
1689 1681 1804 1751 orbem,

167 1776 263 1846 Atque
277 1789 331 1846 ope
346 1772 460 1830 consilii
474 1774 614 1845 prodesse
627 1774 727 1832 volens
742 1774 832 1832 simul
847 1776 927 1832 omni
1007 1810 1032 1876 B
1046 1777 1094 1834 Sic
1108 1793 1197 1849 super
1211 1776 1337 1847 injustos
1351 1773 1493 1847 effulgens
1509 1775 1542 1828 ut
1555 1787 1644 1844 super
1657 1787 1769 1845 equos.

170 1861 251 1926 Quod
267 1876 314 1917 me
329 1860 462 1930 ladebat,
479 1862 550 1919 dum
565 1880 654 1920 nosco
669 1863 735 1921 aliis
750 1866 927 1936 nociturum,
1048 1866 1128 1932 Quod
1144 1865 1170 1922 si
1185 1864 1316 1923 dixeritis
1332 1863 1459 1936 aliquem
1475 1878 1562 1935 posse
1575 1860 1630 1917 hoc
1645 1860 1792 1929 dubitare,

167 1950 296 2023 Aequod
307 1950 466 2023 prolueret,
478 1951 673 2010 dumcunctis
685 1953 866 2027 hocquoquc
877 1954 992 2025 vellem,
1048 1955 1099 2012 llle
1114 1956 1288 2022 creaturam,
1305 1969 1394 2026 quam
1411 1951 1502 2008 solem
1518 1949 1630 2007 noverit
1642 1964 1718 2019 esse,

169 2041 307 2095 Promere
322 2039 447 2112 cogebar
460 2039 665 2112 huJuscemodi
682 2043 835 2114 rationem.
1047 2046 1121 2101 Ante
1135 2043 1301 2099 Creatorem
1316 2044 1440 2097 conatur
1453 2055 1560 2114 ponera
1574 2038 1678 2110 solem,

170 2127 218 2185 Sic
233 2127 381 2201 Evangelii
396 2130 493 2202 prodit
507 2146 623 2203 quoque
638 2131 723 2189 lectio
738 2133 843 2203 sancti,
1048 2134 1188 2206 Maj0rem
1203 2132 1258 2190 soli
1274 2131 1407 2189 tribuens
1422 2131 1481 2187 vim
1504 2146 1592 2203 quam
1607 2127 1818 2201 omnipotenti.

170 2217 278 2273 sanato
293 2217 410 2275 cuidam
421 2219 579 2277 Dominum
596 2225 740 2294 precepta
754 2221 870 2279 dedisse
1048 2223 1096 2280 Sic
1110 2227 1140 2279 et
1155 2223 1190 2280 de
1205 2221 1326 2294 reliquis
1341 2221 1429 2278 rebus
1443 2235 1568 2294 pensare
1579 2217 1693 2287 valetis,

169 2306 207 2362 Ut
221 2306 387 2382 divulgaret
401 2324 465 2381 qua
480 2310 557 2366 dona
573 2315 648 2368 Deus
663 2311 720 2368 sibi
736 2311 832 2369 terret.
1048 2311 1079 2369 Si
1093 2315 1192 2368 tamen
1206 2310 1257 2367 illa
1271 2311 1324 2383 pire
1340 2309 1438 2383 pulsat
1452 2325 1504 2366 vos
1518 2308 1613 2382 gratia
1626 2306 1701 2364 vite.

170 2394 244 2451 Hinc
259 2395 421 2452 instructus
436 2413 489 2470 ego
505 2397 604 2456 diviua
618 2399 797 2457 charismata
812 2400 887 2467 dico,
1049 2400 1189 2474 lluuquid
1204 2399 1324 2457 nescitis
1338 2402 1454 2457 terrena
1468 2397 1585 2472 negotia
1599 2396 1722 2453 amare?

171 2481 312 2554 Quodque
327 2483 400 2540 mihi
416 2484 551 2542 illicitum
572 2488 690 2560 propria
711 2489 819 2546 virtute
843 2490 993 2563 probatur,
1049 2490 1131 2559 Quod
1143 2506 1243 2563 prope,
1255 2489 1332 2562 quod
1342 2487 1428 2562 longe
1440 2503 1587 2560 qucquam
1600 2489 1717 2560 gratum
1728 2482 1876 2555 retinetis,

170 2571 231 2627 lloc
246 2570 393 2628 fraternus
407 2589 499 2640 amor,
514 2578 543 2631 et
555 2575 609 2632 seli
624 2593 728 2633 norma
744 2577 921 2636 ministrant.
1049 2579 1144 2652 liujus
1159 2585 1304 2636 amatores
1319 2577 1350 2633 in
1366 2577 1471 2634 vestris
1485 2576 1623 2633 cordibus
1637 2574 1721 2644 estis,

170 2658 278 2716 Audite
291 2675 370 2733 argo,
381 2677 493 2733 precor,
505 2680 568 2736 qua
583 2680 644 2735 vos,
655 2665 724 2722 licet
738 2665 869 2737 intimus,
884 2667 994 2737 horter,
1049 2669 1107 2726 Nec
1122 2668 1193 2741 quid
1209 2668 1238 2723 in
1253 2668 1308 2724 hoc
1322 2668 1429 2724 durum
1445 2670 1544 2723 censet
1558 2663 1673 2722 dilectio
1689 2679 1800 2721 rerum.

171 2748 207 2806 itt
221 2754 342 2821 pensate
356 2751 456 2807 minus
470 2752 537 2824 quis
553 2753 620 2823 sim,
635 2755 686 2811 sed
701 2753 799 2826 qualia
813 2756 888 2813 dico.
1049 2758 1122 2814 ilinc
1136 2757 1293 2815 excusandi
1308 2757 1390 2814 nulla
1405 2759 1450 2814 est
1464 2755 1577 2813 occasio
1591 2754 1682 2811 vohis.

173 2836 289 2893 clerum
296 2854 424 2913 namque
432 2842 664 2916 monent,inquo
672 2845 761 2902 simul
770 2844 835 2918 ipse
845 2847 994 2919 monebor,
1049 2846 1124 2913 Quin
1140 2847 1165 2903 si
1180 2845 1299 2914 curatis,
1316 2848 1346 2902 et
1360 2862 1458 2902 amare
1473 2860 1601 2917 superna
1615 2841 1741 2916 queatis,

174 2927 238 2984 Non
253 2926 353 2985 minus
368 2927 475 2987 idcirco
490 2930 573 2988 laicis
587 2934 708 2990 verbum
724 2934 793 2991 dare
812 2950 882 2991 curo
898 2951 905 2991 :
1050 2936 1130 3001 Quod
1147 2935 1214 3008 plus
1227 2935 1369 3008 diligitur,
1381 2935 1436 2992 hoc
1451 2933 1640 3007 praepositum
1655 2931 1839 3006 perhibetur.

175 3016 237 3082 Quo
252 3015 277 3072 si
292 3016 365 3074 forte
379 3018 478 3089 velint,
490 3020 627 3078 extollere
641 3039 673 3080 se
687 3022 889 3096 prohihentur,
1317 3041 1528 3099 CAPITULUM
1548 3041 1606 3097 χχ,

174 3103 217 3164 Ne
230 3103 310 3162 velut
323 3106 418 3180 ignari
433 3108 535 3166 sintin
550 3111 719 3182 peccamine
733 3112 800 3182 tuti,
896 3164 899 3169 .
1141 3133 1213 3201 Quia
1225 3134 1267 3189 mv
1281 3136 1397 3191 ,zm
1408 3132 1495 3188 ,aluei
1508 3129 1723 3204 praeponendum
1737 3128 1784 3186 rit.

174 3192 230 3250 Sed
245 3195 344 3267 potius
359 3195 489 3254 humiles
503 3198 561 3255 huc
577 3199 735 3258 exhibeant
748 3201 838 3259 simul
852 3219 948 3276 aures,
1010 3180 1033 3250 G
1052 3231 1082 3289 Si
1096 3231 1141 3288 vj„
1156 3230 1274 3299 salvari,
1288 3229 1330 3286 „11
1345 3229 1413 3286 huj,
1428 3245 1564 3302 praepone
1579 3227 1678 3285 saluti,

172 3284 207 3339 Bt
221 3284 264 3340 ⁸5⁰
278 3287 445 3344 ⁰⁰mfflu⁰i⁸
460 3287 602 3346 htbffltul
616 3306 665 3346 ΕΘΓ
666 3307 714 3347 ¹1¹⁰
729 3291 844 3349 muti&
1051 3321 1125 3378 Nam
1140 3319 1209 3377 licet
1223 3321 1349 3377 audaces
1364 3319 1498 3392 nequiter
1507 3319 1570 3391 Jam
1585 3318 1680 3374 vivere
1693 3315 1806 3389 plures,

435 3377 644 3437 CAPITULUM
663 3379 733 3436 XIX·
1051 3410 1087 3466 bt
1101 3408 1227 3465 nimium
1242 3409 1326 3465 vanis
1340 3407 1441 3465 videas
1454 3406 1590 3465 insistere
1604 3404 1703 3463 causis

328 3464 486 3524 Amittit>
507 3468 592 3525 “fam
605 3472 680 3541 istm
695 3469 732 3526 “d
745 3471 841 3528 lstim-
1052 3499 1130 3565 Quas
1147 3514 1198 3570 pro
1210 3497 1329 3569 justitia
1342 3496 1398 3554 sert
1412 3496 1592 3554 consuetudo
1615 3493 1746 3568 maligna
1760 3510 1768 3550 r

174 3551 197 3608 0
216 3568 291 3625 quos
303 3552 433 3627 vulgaris
446 3555 537 3613 laicos
552 3558 740 3630 cognominat
754 3575 837 3627 usus,

174 3638 233 3696 Vos
244 3641 308 3713 jam
323 3644 474 3713 convenio,
488 3644 571 3703 vobis
586 3644 647 3701 hac
660 3645 781 3702 verbula
795 3664 908 3720 promo.

174 3727 316 3802 Nunquid
330 3732 410 3788 enim
425 3730 488 3790 sola
501 3734 719 3806 scripturarum
735 3735 911 3793 documenta

1052 3587 1094 3644 Tu
1110 3590 1208 3643 tamen
1223 3586 1359 3643 horresce
1375 3584 1451 3641 vitiis
1465 3585 1495 3641 in
1510 3584 1620 3641 talibus
1635 3597 1710 3651 esse,

1052 3678 1093 3731 Ac
1108 3674 1200 3749 fugito
1215 3674 1320 3731 miram
1335 3673 1450 3730 venturi
1460 3673 1572 3745 Judicie
1586 3672 1672 3743 iram,

1052 3763 1108 3828 Qui
1121 3766 1203 3819 tanto
1218 3762 1336 3836 gravius
1350 3761 1505 3819 homiuum
1519 3760 1693 3819 discusserit
1710 3762 1809 3830 actus,

388 3908 395 3923 .
440 3910 446 3921 .
478 3909 484 3922 .
704 3912 709 3923 .
1052 3852 1167 3915 Quanto
1182 3868 1260 3909 nunc
1275 3853 1390 3924 patiens
1404 3851 1563 3908 clementer
1576 3849 1706 3907 sustinet
1719 3864 1836 3907 omnes.

173 3911 213 3964 ac
229 3924 304 3980 quos
319 3913 462 3982 contingit
476 3927 595 3984 rgnaroe
612 3927 677 3969 esse
691 3911 844 3982 librorum,

173 3995 245 4053 sciti
260 3995 388 4054 coelsstis
401 4014 453 4055 vos
467 4016 606 4057 excusare
621 4000 769 4074 potestis?
1182 4050 1204 4105 D
1255 4050 1289 4103 Ὁ,
1315 3958 1613 4104 οἳρηυωΜἹΧὲΙ·
1697 4045 1735 4103 ὼ

174 4084 277 4142 Nonne
290 4083 456 4142 Creatorem
470 4091 616 4144 testantur
629 4092 734 4146 cuncta
748 4093 856 4161 creata,
1205 4065 1258 4105 Μ’
1278 4066 1320 4122 Ψ
1321 4065 1336 4106 ⁰
1349 4065 1433 4122 ”W
1444 4066 1463 4122 p
1465 4064 1557 4105 “ma
1598 4062 1695 4105 mmm
1737 4087 1744 4101 '

177 4172 248 4239 Quis
261 4171 342 4230 velut
355 4174 385 4231 in
401 4174 485 4232 libris
499 4175 584 4234 illum
600 4193 772 4252 cognoscere
787 4178 903 4252 quitis?
1056 4160 1077 4213 Α
1092 4155 1217 4229 dapibffl
1232 4155 1322 4212 lautis
1337 4160 1366 4212 et
1381 4156 1499 4257 mmm?
1514 4152 1717 4258 imm⁰f¹⁸f²fi⁸

176 4262 241 4319 llec
256 4260 323 4320 licet
337 4280 355 4319 a
368 4266 499 4338 reprobis
512 4265 671 4324 indiscrete
686 4268 879 4341 accipiantur,
1054 4244 1202 4304 S⁰lll⁰st⁰⁸
1217 4244 1359 4345 templum
1375 4245 1489 4302 ⁰¹¹⁸l⁰d¹
1504 4259 1634 4346 ⁰⁰lll⁰f¹³
1645 4245 1771 4343 ῑΡῑῑῑξΠῗ

174 4355 273 4426 Atque
287 4352 472 4412 sinistrorum
488 4360 661 4431 prorumpat
675 4357 778 4414 abusio
793 4374 894 4415 eoram
910 4375 917 4414 :
1053 4336 1105 4403 Ne,
1121 4336 1191 4391 ‘¹⁰¹⁰
1207 4335 1344 4435 fervesffffl
1359 4349 1474 4435 ⁸⁰¹¹JP⁰J
1489 4331 1657 4432 ⁰⁸m⁸¹¹b¹¹ff
1671 4347 1761 4398 ”⁰¹⁸⁹

175 4442 242 4516 (Per
257 4460 288 4501 se
303 4445 412 4519 quippe
422 4446 515 4503 Deum
531 4445 686 4520 perhibent
701 4446 883 4505 concorditer
896 4448 1000 4521 unum)
1053 4425 1089 4481 Et
1103 4424 1182 4481 ΝΜ
1195 4423 1374 4496 hldfflpwus
1389 4425 1667 4522 P¹m¹¹ss⁰t¹¹⁵ss⁸f¹⁸
1678 4434 1767 4521 ΡΜ·

174 4531 248 4599 Quid
264 4534 384 4607 prodest
398 4535 480 4593 vobis
494 4536 815 4609 utcunquescientibus
831 4553 946 4610 equum
1013 4513 1119 4619 DJffm
1134 4512 1250 4614 ‘fillum
1265 4526 1349 4611 ΜΨ
1362 4526 1461 4566 m¹⁰u⁵
1476 4526 1506 4565 ¹¹¹
1522 4512 1551 4567 ιθ
1565 4512 1604 4567 ³¹t
1617 4507 1786 4610 &¹³¹⁰ss

172 4621 329 4696 Explome
343 4623 416 4694 vias,
432 4625 541 4698 quibus
554 4625 703 4682 musmo
725 4628 822 4682 vestm
1052 4603 1103 4660 Vrs
1118 4606 1226 4659 etenim
1242 4604 1349 4657 mentis
1363 4599 1484 4673 languet
1497 4598 1677 4699 pinguedine
1690 4596 1803 4656 ventris

173 4710 206 4768 ln
221 4716 379 4787 conspectu
394 4713 550 4772 hominum
572 4715 702 4772 securior
715 4713 892 4783 inveniatur,
1052 4694 1092 4749 ΑΟ
1105 4693 1236 4750 “mata
1250 4706 1316 4748 ΨΟ
1331 4691 1432 4762 gum
1445 4686 1575 4746 ⁰⁰³¹⁰⁸t¹⁸
1588 4702 1665 4744 ‘⁸¹⁸⁰‘

173 4803 245 4858 Cum
260 4802 350 4871 Deus,
361 4803 510 4877 inspector
524 4804 621 4861 cordis
635 4820 799 4878 renumque
813 4805 961 4878 probator,
1301 4793 1512 4852 GAPITULUM
1535 4794 1625 4850 XXII·

173 4890 414 4949 Dissimulatores
429 4909 527 4950 coram
542 4910 573 4951 se
587 4910 639 4952 vos
653 4894 728 4951 sciat
742 4893 831 4952 esset
1239 4887 1277 4942 lle
1290 4884 1380 4942 somni
1393 4885 1484 4957 quiete
1498 4881 1687 4957 mimda·

173 4979 247 5037 Nam
263 4980 331 5037 licet
345 4980 374 5036 in
390 4982 486 5053 nobis,
502 4982 552 5054 qui
568 4983 701 5041 doctores
717 4982 917 5056 perhibemur,
1052 4987 1094 5044 Ne
1108 4985 1199 5043 nimio
1214 4985 1310 5043 soleas
1323 4987 1376 5041 tua
1389 4983 1505 5041 tradere
1520 4982 1654 5040 mamhra
1667 4978 1780 5057 sopori.

174 5068 262 5127 Recte
274 5069 390 5127 vivendi
406 5071 505 5128 minus
520 5071 686 5145 exemplum
700 5071 834 5140 videatis,
1052 5076 1226 5134 sicutenim
1242 5092 1313 5132 cura
1327 5073 1423 5131 somni
1438 5072 1511 5131 satis
1526 5077 1571 5131 ast
1589 5070 1772 5144 adhibenda,

173 5159 208 5216 ut
221 5158 340 5217 sceleris
353 5159 443 5217 vestri
457 5160 536 5218 velut
550 5165 685 5218 auctores
699 5177 883 5230 maneamus,
1051 5166 1089 5222 Ut
1103 5163 1221 5239 fragiles
1234 5168 1317 5222 artus
1330 5163 1407 5222 vires
1421 5160 1536 5237 possint
1550 5175 1706 5235 reparars;

171 5248 231 5307 Vos
245 5248 373 5307 naturali
388 5253 486 5308 tamen
500 5250 618 5325 ingenio
634 5249 788 5320 moderati,
1051 5255 1099 5313 Sic
1113 5254 1256 5313 frenanda
1269 5269 1336 5312 caro
1351 5251 1435 5311 nimii
1450 5268 1485 5310 ex
1498 5250 1654 5310 dulcedine
1666 5249 1777 5325 mmai,
1799 5276 1802 5281 ·

173 5340 231 5395 Aut
245 5356 421 5413 quocunque
435 5340 523 5397 modo
538 5339 670 5397 divinum
686 5340 734 5413 jus
750 5338 907 5414 sapientes,
1051 5345 1093 5402 Ne
1107 5360 1159 5418 per
1173 5347 1320 5418 torporem
1336 5344 1489 5401 desuescat
1501 5342 1576 5400 terre
1589 5340 1731 5409 laborem,

175 5427 205 5484 Si
220 5428 290 5501 quid
307 5434 374 5503 post
387 5429 476 5487 talem
491 5428 609 5502 pietatis
624 5428 820 5503 cognitionem
1051 5436 1142 5502 Quem
1158 5450 1211 5508 pre
1226 5433 1352 5507 peccatis
1366 5431 1477 5491 crebris
1492 5432 1633 5491 debemus
1647 5429 1768 5502 habere,

173 5517 308 5593 Amplius
323 5518 438 5591 erratis,
453 5518 597 5577 scelerum
613 5519 760 5577 consortia
778 5519 872 5590 fertis,
1051 5522 1088 5581 Ut
1102 5521 1376 5598 conregnemusqui
1391 5538 1470 5583 nunc
1485 5519 1574 5579 simul
1588 5519 1658 5579 inde
1673 5518 1823 5581 dolemus.

173 5607 209 5671 Et
222 5623 275 5683 per
289 5606 424 5667 notitiem
437 5611 671 5685 transgressores
685 5608 774 5670 simul
789 5611 870 5672 estis.
1050 5613 1125 5676 Nam
1139 5613 1192 5676 bos
1206 5630 1259 5675 nec
1273 5612 1406 5675 comebat
1420 5612 1471 5689 qul
1487 5610 1732 5695 lacrimulam
1746 5610 1898 5675 malat-
