3892 6096
109 308 168 371 tot
615 307 787 369 ertatem
808 306 986 368 lllONACHl
1009 306 1040 369 S.
1064 305 1312 369 utinuutttttl
1763 304 1825 369 408

112 456 241 516 namque
249 439 405 516 pradictus
413 439 586 513 praealtam
594 440 842 513 nocturnisquam
854 440 933 495 dtur·
947 441 1080 509 Acarna
1098 458 1157 497 sum
1172 439 1271 514 gratie
1287 442 1360 495 nutu
1376 436 1826 512 transferrettlompletaitaque

113 534 161 593 nia
174 532 255 589 boris
269 531 405 587 universo
418 530 548 587 coenobia
572 530 601 586 in
626 532 697 587 urbe
719 530 816 603 posita
830 529 936 602 saepius
992 529 1163 602 hujusmodi
1173 529 1425 595 oratione,missas
1436 528 1523 601 eoepit
1534 527 1689 585 celebrare.
1706 528 1827 587 Interea

113 624 204 690 adire,
221 621 320 693 ibique
335 623 364 676 et
375 620 477 676 orandi
493 637 592 689 causa,
610 620 698 675 simul
719 624 748 675 et
768 619 937 689 explorandi
992 636 1058 676 vero
1071 619 1155 691 juxta
1170 635 1269 691 preces
1295 618 1349 675 viri
1374 619 1467 674 sancti
1492 617 1622 689 reliquiae
1648 622 1824 675 sanctorum

113 711 260 786 quomode
282 710 340 766 Deo
355 710 378 745 ⁶³
390 709 522 766 divinum
545 709 696 766 servitium
718 708 777 765 illie
793 713 937 781 ageretur,
993 709 1145 782 predictae,
1157 708 1269 780 absque
1284 707 1343 764 ullo
1358 712 1439 764 tactu
1455 706 1635 774 bumano‚de
1649 706 1773 764 sinistra
1784 708 1824 764 nd

115 798 285 874 aliquandiu
297 815 492 854 commanere.
509 801 639 871 Cumque
655 798 709 855 boe
725 799 810 853 modo
826 797 854 853 in
872 814 937 852 mo·
993 797 1123 855 dextram
1140 797 1241 854 altaris
1257 801 1367 870 purtem
1378 797 1515 852 videntur
1530 796 1823 855 cmlitustrnnslerri.

113 888 241 946 nasterio
257 888 401 956 inferiori,
416 888 467 943 ubi
483 892 603 943 sanctus
619 887 787 943 Herbardus
801 904 938 959 corpora·
993 887 1054 952 Quo
1069 886 1403 959 miraculosisogratias
1417 886 1478 959 egit
1486 885 1543 942 Deo
1559 885 1824 959 indubitanterque

112 979 179 1036 liter
194 978 361 1051 requiescit,
383 982 466 1033 nocte
491 978 618 1049 quadam
644 976 824 1045 consisteret,
841 977 938 1032 subito
993 977 1080 1033 etiam
1096 975 1204 1031 ibidem
1219 976 1307 1031 vitam
1324 974 1452 1031 instituit
1467 974 1671 1031 monachilem.
1687 975 1736 1032 Sic
1750 992 1822 1050 ergo

114 1068 211 1141 sopori
226 1068 324 1123 dedito
348 1066 426 1123 idem
451 1070 571 1122 sanctus
592 1066 761 1121 llerbnrdus
775 1067 798 1101 ⁶⁸
813 1066 838 1120 ei
854 1065 938 1137 quasi
993 1067 1096 1123 beatus
1111 1065 1306 1138 Wollkangus
1321 1082 1373 1138 pro
1388 1065 1571 1122 institutione
1585 1063 1734 1139 virginum
1755 1082 1824 1122 mo·

112 1162 191 1215 veste
206 1156 330 1213 humida
344 1153 464 1211 indutus
480 1172 624 1229 apparens
637 1155 709 1210 dixit
725 1173 731 1210 :
748 1158 863 1210 Precum
876 1157 940 1210 tua·
994 1156 1106 1211 nasticn
1122 1155 1234 1211 edoceri
1252 1155 1359 1210 meruit
1375 1155 1549 1211 revelatione
1564 1154 1823 1212 divinatluiside·

112 1264 186 1315 rum,
202 1263 270 1319 ques
295 1247 345 1302 Deo
364 1246 472 1318 jupiter
493 1262 544 1317 pro
567 1247 710 1299 corrrmuni
733 1246 826 1300 aalide
849 1243 940 1299 studes
994 1245 1062 1300 lieet
1077 1244 1245 1300 revelationi
1261 1244 1440 1315 adjutorium
1454 1260 1570 1316 quoque
1588 1243 1755 1300 humanum
1773 1261 1823 1301 oo·

113 1355 130 1393 o
152 1353 223 1407 erre,
239 1336 309 1392 scios
324 1351 366 1391 me
380 1338 521 1407 fautorem
536 1350 601 1391 esse.
620 1334 693 1391 ilerde
707 1336 779 1390 sicut
802 1350 850 1405 epo
875 1335 939 1401 tuis,
994 1334 1141 1407 operando
1154 1333 1297 1389 itaatiuit.
1314 1337 1368 1388 Per
1391 1332 1467 1387 idem
1486 1349 1613 1404 namque
1628 1337 1748 1405 tempus
1764 1349 1824 1405 quo

113 1427 281 1497 dammum,
297 1429 326 1480 tu
341 1426 409 1480 meis
422 1426 450 1479 in
462 1425 512 1479 laec
523 1426 579 1479 loro
596 1426 750 1496 satisfacias
769 1425 848 1479 iveris.
866 1424 940 1492 Qriod
994 1424 1171 1497 gerebantur
1185 1422 1331 1494 praedicta,
1348 1421 1511 1491 lleinricus,
1534 1420 1654 1478 cesaris
1679 1422 1822 1487 Heinrioi.

113 1517 189 1571 enim
203 1531 246 1570 me
261 1521 330 1570 ocem
345 1512 458 1569 liernida
472 1515 565 1569 cernis
586 1513 727 1579 indutum,
741 1515 809 1569 scito
834 1530 870 1567 ur
893 1512 942 1567 doe
995 1513 1119 1586 genitor,
1136 1513 1260 1568 ducatus
1275 1511 1475 1568 monarchiam
1491 1511 1609 1567 tenebat
1621 1510 1651 1567 in
1667 1511 1822 1584 Pagoaria.

114 1606 247 1674 evennse,
262 1605 328 1675 quia
342 1620 358 1658 a
373 1605 603 1659 comanerentium
621 1603 667 1657 bic
688 1602 942 1658 sanctimonialium
995 1604 1047 1659 Hic
1062 1603 1152 1677 igitur
1162 1618 1229 1657 cum
1241 1605 1318 1658 esset
1329 1600 1474 1657 sollicitus
1485 1599 1694 1657 eultordirinar
1705 1598 1823 1674 religio·

116 1695 238 1750 lacrimis
252 1692 362 1764 quidem
376 1692 554 1761 assiduis,scd
570 1693 617 1757 ita,
629 1691 699 1760 prole
710 1691 805 1746 detor!
818 1690 941 1763 frustra-
996 1692 1053 1763 nis,
1083 1692 1111 1747 id
1136 1691 1223 1747 oflicii
1250 1691 1333 1746 beate
1361 1689 1535 1762 ll'oliknngo
1564 1688 1724 1756 commisit,
1760 1693 1822 1745 tam

115 1785 162 1847 tis,
176 1784 305 1856 perfusus
319 1798 391 1851 surra,
407 1786 438 1835 ut
451 1797 501 1853 per
515 1782 636 1835 inultum
655 1782 716 1852 jam
738 1790 846 1852 tempus
868 1780 941 1835 nihii
997 1781 1121 1854 petendo
1137 1797 1224 1853 quam
1238 1780 1369 1851 jubendo
1383 1780 1415 1846 ⁶⁶,
1433 1783 1465 1834 ut
1480 1780 1509 1834 in
1525 1777 1712 1835 monasteriis
1738 1778 1821 1853 puel·

115 1876 199 1929 semet
213 1868 446 1938 mendenen-ihil
459 1875 492 1924 ao
506 1867 551 1923 lais
563 1870 710 1940 vitiis,pro
721 1869 941 1941 quitnseasdem
995 1870 1090 1925 larum
1106 1868 1282 1943 supradictis
1297 1868 1483 1941 disciplinam
1499 1869 1562 1924 vitae
1574 1867 1752 1924 monachilis
1764 1866 1824 1924 iue-

116 1960 244 2016 lacrimas
257 1974 401 2031 precesque
418 1974 483 2014 suas
508 1959 543 2013 ad
566 1974 610 2013 iric
632 1958 775 2031 effundunt
799 1960 831 2026 ⁰³,
855 1959 940 2013 astrati·
995 1956 1190 2013 titneret.Tali
1206 1972 1275 2029 ergo
1290 1956 1516 2013 auctoritateuir
1531 1956 1579 2012 Dei
1592 1955 1823 2029 undiquerobo·

114 2065 181 2105 nere
195 2057 301 2105 curent.
314 2048 495 2118 Quamobrem
501 2050 570 2120 jara
580 2050 722 2106 ceutronicae
733 2050 810 2116 riter,
820 2065 855 2105 car
864 2049 941 2120 euim
995 2050 1170 2118 ratus,tanto
1182 2045 1343 2102 studiosius
1358 2051 1469 2118 quanto
1485 2045 1621 2102 licentius
1634 2043 1778 2113 instabat,
1790 2049 1825 2102 ut

114 2140 254 2197 occasione
281 2139 413 2195 hactenus
440 2146 516 2194 tanta
547 2140 721 2209 neglegentia
757 2138 802 2193 die
838 2137 940 2205 extitit,
995 2134 1826 2207 inomnibusvirginumcoenobiisqutcvelsubaliena

112 2228 231 2299 destrue,
246 2226 444 2283 ermenasiicu
467 2229 534 2283 vitm
556 2225 737 2299 disciplinam
761 2228 877 2282 instruc.
900 2226 941 2280 Ex
995 2224 1038 2280 vel
1054 2225 1110 2282 sub
1125 2242 1179 2281 sua
1198 2224 1308 2280 ditione
1333 2224 1361 2278 in
1386 2225 1458 2279 urbe
1482 2228 1565 2279 erant
1591 2223 1687 2295 posita
1701 2254 1737 2264 -
1752 2239 1823 2279 nam

112 2334 173 2391 qua
185 2316 298 2373 visione
312 2321 433 2373 sanetus
447 2315 642 2388 Wollhnngus
659 2316 763 2371 certior
776 2317 880 2382 lactus,
904 2315 940 2369 ad
995 2313 1046 2370 illa
1075 2315 1132 2369 duo
1160 2312 1329 2386 supradicta
1365 2313 1444 2383 duci,
1473 2313 1591 2368 tertium
1617 2329 1695 2380 vere,
1726 2310 1826 2368 idest

114 2405 326 2463 instituendam
342 2404 452 2460 ibidem
467 2404 639 2478 religionem
655 2404 847 2460 monasticam
863 2420 941 2460 sum·
996 2403 1093 2460 Sanc-ti
1119 2402 1199 2459 Pauli
1225 2401 1401 2472 caenobium,
1425 2402 1562 2474 episcopo
1587 2402 1771 2458 subdebatur
1789 2432 1824 2443 -

115 2510 165 2550 ma
174 2511 205 2550 se
216 2493 600 2557 devotioneaceinxit.0uale
611 2498 709 2549 autem
720 2493 798 2549 idem
805 2509 942 2548 venernu·
996 2510 1086 2549 unam
1101 2493 1281 2564 eandemque
1296 2492 1459 2548 sanctitatis
1475 2490 1607 2564 regulum
1632 2506 1665 2546 ae
1688 2489 1825 2563 discipli·

116 2580 291 2653 duspraesul
307 2580 433 2637 caelestis
458 2581 568 2637 oraculi
594 2581 760 2653 prodigium
786 2581 939 2652 occeperit,
996 2599 1064 2638 nam
1080 2581 1256 2638 institueret.
1283 2583 1316 2637 ln
1339 2585 1454 2637 tantum
1472 2585 1580 2645 autem,
1605 2578 1700 2653 gratia
1723 2579 1824 2635 diviua

117 2687 185 2728 eum
196 2670 225 2725 in
237 2669 385 2742 Superiori
394 2669 540 2743 virginum
552 2670 728 2726 monasterio
740 2669 941 2726 menachicam
995 2670 1135 2743 largiente
1150 2676 1179 2725 ct
1192 2672 1276 2726 beato
1292 2670 1466 2741 Wolllmngo
1481 2669 1652 2742 corrigente,
1668 2668 1699 2724 in
1709 2667 1822 2726 eisdem

116 2758 206 2815 uitam
234 2758 409 2827 institueret,
437 2759 644 2829 subsequentia
671 2758 758 2815 verba
781 2758 940 2815 declarant.
996 2757 1824 2831 sanctimonialibusconvaluitcastitatisreligiostregu-

117 2847 191 2904 lllue
202 2864 271 2921 ergo
287 2864 369 2904 more
384 2847 470 2904 solito
491 2847 658 2912 adveniens,
673 2853 702 2904 et
717 2848 752 2903 ad
768 2848 942 2904 celebranda
995 2849 1066 2905 laris
1080 2848 1144 2904 vitae
1159 2848 1310 2921 professio,
1331 2852 1361 2903 ut
1380 2848 1443 2921 ipse
1467 2849 1526 2904 dux
1549 2848 1697 2920 praelatus,
1724 2846 1823 2903 divirm

118 2937 423 2993 missarumolficiase
436 2938 941 3011 preparans,quasdn1nsanctorum
996 2941 1192 3010 compunctus
1206 2936 1410 3004 amore‚dliam
1426 2954 1522 3004 suam,
1532 2934 1672 2993 vocabulo
1685 2936 1708 2971 ⁶⁷
1724 2936 1823 3009 Brigi-

117 3025 269 3100 reliquias‚
298 3043 360 3099 quaa
385 3027 494 3083 ibidem
524 3026 718 3083 celeberrime
746 3027 940 3095 habebantur,
996 3029 1064 3084 darn
1080 3029 1113 3095 ⁶⁸,
1128 3043 1227 3083 earum
1240 3029 1378 3100 jungeret
1392 3025 1527 3099 collegio.
1546 3026 1601 3083 Sed
1626 3028 1655 3082 et
1679 3024 1822 3098 usquein

117 3116 256 3188 sumpsit,
272 3120 300 3171 et
315 3116 344 3171 in
360 3114 441 3172 illius
464 3115 575 3185 altaris,
603 3117 631 3171 in
659 3134 715 3189 quo
741 3116 942 3173 celebraturus
996 3116 1073 3172 diem
1103 3116 1290 3184 hodiernum,
1322 3115 1435 3172 meritis
1454 3114 1549 3187 ipsius
1577 3113 1824 3188 suffragantibus,

116 3206 178 3260 erat
193 3204 405 3276 missas,cornu
418 3205 537 3261 sinistre
550 3207 657 3278 posuit.
672 3206 780 3263 Deinde
790 3206 820 3261 in
832 3205 941 3262 oratio·
956 3193 977 3260 C
996 3204 1047 3261 tali
1061 3205 1158 3278 vigent
1169 3205 1349 3261 incremento
1364 3205 1553 3271 virtutum,ut
1569 3205 1646 3260 inter
1659 3205 1827 3260 sanctimo-

115 3308 183 3349 nem
199 3309 230 3350 se
246 3298 447 3366 prosternens,
463 3295 599 3367 precibus
613 3296 727 3352 intimis
743 3314 760 3352 a
779 3297 837 3353 Deo
848 3312 941 3368 popo·
996 3293 1088 3351 nieles
1103 3295 1383 3350 caterasvideantur
1398 3294 1459 3349 iore
1475 3293 1638 3366 speculum.
1655 3293 1737 3349 ldem
1753 3307 1827 3364 quo·

114 3382 179 3451 seit,
196 3386 238 3452 ut,
254 3383 324 3455 quia
338 3382 506 3440 secularem
522 3385 612 3440 vitam
629 3385 760 3454 sinistra,
780 3385 941 3457 spiritalem
996 3400 1052 3456 que
1064 3385 1099 3439 de
1111 3384 1208 3441 Sancti
1218 3383 1430 3439 Emmernmmi
1443 3383 1596 3439 monacbis
1607 3383 1652 3439 tas
1662 3381 1826 3451 estdieere,

112 3488 181 3529 vero
196 3471 294 3544 signat
308 3489 376 3538 pars
392 3473 504 3540 dextra,
521 3474 545 3529 si
563 3475 618 3530 sibi
635 3474 771 3547 placeret,
789 3474 942 3531 illiccano·
997 3489 1151 3545 quousque
1162 3474 1297 3529 abbatem
1312 3471 1612 3543 Ramuoldum,quem
1624 3469 1869 3545 ipseprnteei=

114 3560 179 3617 nica
198 3560 356 3633 institutio,
382 3579 445 3635 quae
473 3563 575 3634 utique
599 3564 785 3637 neglegentes
809 3581 942 3636 quosque
996 3561 1065 3630 illis,
1085 3562 1209 3635 contigit
1232 3578 1365 3634 pracesse.
1389 3565 1458 3617 Post
1479 3563 1547 3632 ejus
1571 3576 1636 3617 vero
1660 3561 1857 3617 discessum

114 3648 318 3707 sinistrorsum
335 3651 434 3719 trabit,
451 3652 622 3723 permutari,
640 3657 668 3708 et
683 3653 848 3709 monastiea
872 3654 941 3721 vita,
996 3652 1054 3723 (an.
1072 3653 1153 3721 1001)
1169 3650 1346 3722 illorumque
1370 3666 1445 3722 quos
1469 3650 1533 3722 ipse
1556 3650 1739 3717 instituerat,
1758 3652 1858 3706 tuuc:

115 3754 179 3810 quae
194 3738 379 3795 dextrorsum
395 3740 497 3809 currit,
515 3741 629 3796 institui
644 3757 650 3795 :
665 3741 705 3797 ita
717 3742 890 3814 dignaretur
900 3760 942 3798 re·
996 3741 1123 3813 peccatis
1138 3740 1412 3812 exigentibus‚sieut
1427 3741 1575 3812 quondam
1590 3738 1700 3811 ioseph
1710 3742 1840 3795 mortuo

112 3826 256 3900 velarent
266 3833 425 3900 antequam
436 3829 544 3885 missas
554 3828 743 3886 celebrandas
755 3847 941 3886 consumma·
996 3830 1048 3886 tilii
1061 3829 1148 3887 lsrael
1164 3830 1239 3886 dura
1254 3829 1392 3884 servitute
1404 3828 1513 3883 carnali
1523 3829 1552 3884 in
1565 3829 1688 3900 AEgypte
1699 3826 1815 3901 compti

115 3920 169 3983 ret,
184 3918 303 3974 easdem
318 3916 458 3989 reliquias
473 3935 490 3974 a
505 3918 624 3975 sinistro
641 3920 669 3975 in
687 3920 821 3976 dextrum
840 3919 940 3977 altaris
996 3920 1161 3987 mabuntur,
1184 3919 1225 3973 ita
1249 3922 1277 3974 et
1304 3918 1403 3974 Sancti
1427 3917 1637 3974 Emmerammi
1662 3917 1824 3983 caenobitis,

798 4046 917 4103 VARlAE
939 4046 1146 4103 hausturus,

151 4137 289 4195 ⁶³deest2.
327 4140 543 4198 sternuisse.
582 4144 801 4201 redundante,
838 4144 1055 4218 ⁶⁶percipiendo
1066 4146 1094 4199 2.
1132 4143 1321 4198 ⁶⁷nominess.
1359 4141 1812 4215 sstbrididamcorrbrigidnme.

909 4269 1026 4326 NOTAE.

114 4378 273 4437 omnemque
297 4366 367 4421 lianc
391 4366 516 4422 destruas
541 4370 790 4439 corrpreqatienem,
808 4376 834 4424 et
848 4360 942 4424 mona}
959 4370 982 4435 D
997 4367 1057 4422 bne
1081 4370 1182 4422 notatu
1210 4367 1299 4439 digna
1320 4363 1459 4438 leguntur
1475 4382 1481 4420 :
1498 4366 1578 4421 Beati
1595 4365 1752 4438 Wolsqanpi
1764 4380 1819 4453 cpe

115 4436 222 4493 ahicam
243 4438 283 4493 ibi
307 4439 435 4495 instituas
457 4440 671 4510 professionem:
691 4457 772 4511 quarn
796 4442 820 4495 si
843 4446 942 4495 tarum

113 4508 210 4579 aliqua
224 4526 283 4582 qaae
298 4527 372 4567 rrurrc
386 4513 456 4567 inest
481 4512 543 4566 uelit
567 4512 705 4583 profiteri,
721 4512 881 4581 recipiatur,
897 4513 943 4565 n'n

114 4584 219 4650 auten,
234 4583 345 4638 omniuo
369 4582 440 4654 quod
462 4599 536 4638 nunc
559 4592 624 4638 sum
650 4583 769 4650 ilesunc,
794 4598 844 4639 nce
867 4582 942 4637 uina

114 4655 303 4709 coraiarninari
327 4654 415 4710 lacurn
438 4656 522 4709 isin-in
545 4663 651 4726 pectene.
676 4676 689 4707 ι
716 4656 787 4709 Tarte
811 4654 942 4725 temporis

115 4725 215 4796 quippe
228 4728 425 4781 carroniearanr
441 4734 499 4782 crat
516 4727 651 4782 incudem
675 4728 734 4781 loca
756 4727 942 4797 professique

115 4797 236 4851 astruatis
250 4797 414 4867 petulantiae
427 4814 482 4852 non
496 4800 612 4853 minima
627 4800 710 4867 dedet
724 4800 861 4867 confinio,
875 4796 941 4853 atico

115 4870 155 4932 ut,
168 4882 232 4921 cunt
245 4868 283 4921 ad
296 4869 427 4923 artiorem
443 4872 527 4923 tritam
540 4877 712 4939 caperentur,
733 4871 839 4941 aliqntc
863 4872 941 4936 ipsa·

115 4952 182 4991 runa
196 4940 395 4993 rnenusicriurn
411 4941 572 5009 reliquerint
592 4950 617 4996 ct
637 4942 849 5011 [artricatoribus
867 4943 941 5011 priu-

116 5008 194 5064 ribus
207 5007 431 5067 natare-int.....
443 5014 508 5065 Post
520 5012 577 5067 laur
592 5014 671 5067 aerim
693 5014 785 5068 teretes
798 5014 941 5085 Wolspan-

115 5096 166 5150 aas
179 5082 283 5137 celesti
295 5082 421 5137 obediens
445 5083 589 5143 inniantati.
605 5100 638 5139 ea
653 5086 820 5155 qutcjinsus
833 5093 872 5139 cst
888 5085 939 5137 irn-

112 5152 190 5221 plere
203 5155 333 5224 capitanii
347 5158 373 5210 et
387 5155 475 5210 modis
489 5154 615 5209 erunibus
636 5157 734 5225 quidm
754 5160 841 5227 poterit
861 5156 939 5225 testi·

114 5226 327 5281 transeundem
336 5230 429 5282 autern
441 5242 457 5280 a
469 5227 548 5281 trente
568 5227 724 5298 llolfpanpe
735 5242 797 5296 qanta
806 5229 939 5283 urrinnai·

113 5294 280 5364 disposuerat
294 5308 320 5353 ei
340 5300 507 5355 tn'rsanctus
531 5302 682 5367 roqnucrat,
708 5303 850 5370 postquam
874 5316 936 5367 pra-

111 5364 238 5491 {essina-ia
253 5367 386 5426 districtio
403 5372 492 5426 locum
505 5372 586 5441 prius
601 5372 816 5424 cnrdann'nniarn
828 5387 936 5424 cuneu-

124 5437 192 5503 auit,
209 5440 291 5494 telius
305 5443 416 5497 uirtutis
431 5444 511 5512 cepit
529 5444 937 5567 perinanisnrmrcrc,paterque

109 5517 231 5577 sanctim,
248 5514 485 5577 retinentissimo,
500 5516 588 5583 siqrtis
607 5530 637 5568 ru

996 4438 1068 4509 scirpi
1082 4439 1246 4509 ternporiirus
1270 4442 1329 4493 erat
1353 4437 1484 4508 quaedam
1501 4437 1735 4505 sanctimonialis,
1750 4436 1819 4497 benit

995 4526 1061 4565 uro
1087 4510 1209 4565 dilectrici
1231 4511 1331 4566 sororis
1355 4508 1425 4578 titia,
1440 4508 1613 4579 durmantiis
1627 4511 1749 4577 nomae,
1763 4526 1819 4595 quta

996 4582 1127 4639 custodie
1140 4588 1264 4653 praerat
1278 4582 1476 4649 craieu'asticae,
1497 4582 1577 4635 totitas
1600 4581 1708 4652 quidem
1723 4586 1751 4637 et
1764 4597 1820 4653 apta

996 4654 1140 4721 prebiteris
1164 4658 1189 4709 ct
1210 4654 1385 4725 portationis
1404 4656 1548 4707 ‹unsecata
1563 4652 1731 4708 rrairneu.....
1746 4654 1821 4711 netis

997 4725 1068 4779 idern
1082 4726 1237 4781 retulerunt
1252 4727 1300 4796 qui
1322 4728 1449 4794 utrosque
1472 4731 1679 4788 creuerunt.....;
1694 4728 1725 4780 et
1739 4740 1765 4780 e.
1779 4726 1820 4784 e:

995 4801 1013 4852 J
1018 4797 1114 4851 aeditua
1129 4797 1251 4863 ductrice,
1268 4810 1331 4867 quau
1350 4795 1422 4849 idem
1437 4797 1515 4851 aranu
1530 4797 1740 4864 sementericias,
1755 4795 1821 4854 dum

996 4869 1048 4923 iret
1063 4869 1100 4923 ed
1115 4868 1291 4937 sepulchrum
1314 4868 1425 4921 Derrrini
1448 4868 1676 4937 hierosolyniam,
1697 4872 1728 4923 ni
1746 4884 1821 4941 repes

994 4940 1089 5003 scriem,
1104 4941 1187 5009 plura
1211 4940 1252 4994 ord
1274 4942 1367 5009 aperte
1390 4937 1431 4993 ret
1455 4938 1610 4993 ‹adscenditc
1634 4940 1677 4994 cei
1699 4954 1760 4996 ossa
1780 4944 1824 4999 uel

994 5027 1107 5082 corpora
1131 5013 1309 5081 scripturiret,
1333 5023 1395 5080 qum
1419 5009 1468 5064 udi
1493 5016 1630 5065 terrarum
1654 5011 1695 5065 uel
1720 5010 1769 5067 ald
1792 5014 1825 5071 in

992 5088 1111 5153 praestita
1126 5082 1389 5144 coniteretcrciesia,
1414 5096 1463 5135 nra
1487 5081 1546 5152 ipsa
1569 5083 1639 5137 sciri
1661 5082 1827 5148 tteluitnec

994 5156 1140 5225 (piusquam
1154 5170 1202 5208 nes
1217 5154 1311 5209 docere
1325 5154 1419 5223 uirtuti.
1436 5154 1498 5224 lpsa
1515 5169 1590 5218 cero,
1615 5156 1682 5225 quia
1706 5153 1826 5215 nemete

992 5230 1034 5281 est
1049 5228 1078 5281 iu
1094 5228 1154 5298 ipsa
1168 5227 1290 5292 cantaria,
1306 5226 1445 5281 carnanter
1458 5223 1558 5294 edocet,
1579 5226 1609 5280 in
1633 5226 1718 5281 illurn
1733 5227 1827 5287 meana

992 5298 1080 5352 salian
1094 5299 1213 5353 rrnarirnu
1227 5298 1371 5360 striduissc,
1388 5296 1437 5351 uiri
1450 5300 1545 5351 raetiam
1566 5297 1633 5366 fecit
1655 5296 1774 5354 humaui
1796 5318 1826 5359 se

994 5370 1117 5424 nituisse.
1141 5371 1204 5426 llam
1227 5386 1275 5424 tros
1300 5369 1332 5425 de
1356 5383 1387 5422 cu
1409 5369 1539 5427 strictim.
1555 5385 1726 5441 utrumquem
1737 5372 1826 5443 plura

992 5442 1078 5509 e'r'pnn
1093 5443 1135 5495 uei
1149 5445 1300 5496 incinerata
1314 5439 1356 5496 uei
1370 5455 1503 5495 mmrrorra
1516 5440 1608 5495 elicere
1624 5442 1823 5511 potuerimus,-

658 5516 723 5569 iesis
747 5518 826 5584 erepsit
848 5515 936 5569 elram·
989 5528 1055 5565 narn
1069 5514 1209 5582 quaelieus
1223 5514 1309 5568 celari
1324 5511 1409 5567 noluit
1432 5519 1458 5566 et
1481 5527 1530 5566 nos
1553 5512 1822 5583 ceiareueiuinrras3

110 5595 193 5649 scere,
209 5597 265 5637 ursi
281 5590 432 5641 auretenus
446 5586 547 5641 eliceret
561 5586 616 5642 siti
628 5586 849 5641 seruientium·
862 5588 936 5653 Quin·
990 5582 1027 5637 cl.
1044 5584 1195 5640 'thietmer
1207 5602 1237 5651 n,
1247 5586 1328 5652 25,οῑ
1342 5581 1472 5654 diploma
1486 5583 1613 5641 Heinrici
1629 5583 1665 5654 11,
1680 5601 1731 5658 ap.
1744 5585 1822 5647 Ried

110 5652 191 5711 uiam
203 5670 248 5713 vos
262 5670 378 5730 meeum,
403 5662 430 5713 et
454 5672 502 5727 eae
525 5658 673 5715 vobiscum.
690 5680 705 5707 n
721 5655 843 5726 ibidem,
864 5674 890 5713 e.
905 5658 933 5724 3,

989 5672 1009 5728 1,
1025 5672 1055 5727 p.
1072 5656 1133 5713 tta.
