3892 6096
649 297 682 357 S.
705 294 871 358 JOANNIS
893 292 1116 359 sustentem
1138 295 1302 359 Asseris
1771 298 1824 360 O'lO

479 444 592 484 enarro.
961 428 989 495 Α
1004 426 1080 484 citus
1095 427 1276 499 angelorum,
1292 445 1381 501 quem
1396 429 1484 487 lesus
1497 430 1641 488 Dominus
1651 434 1755 488 noster
1768 431 1824 489 ideo

386 515 429 572 Ex
446 517 574 573 Maneat.
593 516 643 590 sol.
659 518 686 573 3.
1003 516 1094 574 voluit
1109 516 1282 575 mortalibus
1298 519 1486 576 menifestum
1507 520 1579 591 Ocri,
1594 525 1629 575 ut
1642 537 1721 592 quos
1736 519 1781 577 ille
1794 522 1824 578 de

160 606 272 665 &sudi
286 621 345 675 ms,
360 605 489 665 clemens
505 610 534 663 et
561 605 686 681 henigne
713 608 799 676 licus,
815 621 868 679 pro
882 604 948 662 nni·
1003 606 1143 679 subjugo
1162 607 1345 664 demoniacos
1370 608 1531 679 servitutis,
1547 609 1731 682 sanguinem
1743 626 1823 667 sunm

123 696 218 756 versis
231 696 369 754 fidelihus
383 696 453 768 tuis,
476 696 526 770 qni
554 694 638 754 nohis
665 694 865 769 eleemosynas
879 711 950 751 snas
1003 694 1131 752 ludendo
1146 696 1262 769 eripuit,
1278 701 1309 753 tu
1327 715 1376 756 eos
1400 697 1435 754 eb
1459 697 1539 755 illius
1561 697 1685 756 insidiis
1702 698 1824 773 angelice

125 786 279 854 dederunt,
294 802 347 844 uec
363 783 499 859 aspicias,
523 784 657 853 Domine,
679 789 797 859 peccatu
808 801 884 855 mea,
897 784 949 840 sed
1003 788 1145 857 potestate
1158 789 1294 860 protegas
1310 791 1338 842 et
1365 786 1473 843 virtute
1501 787 1647 845 cretionis
1674 789 1822 846 delendas:

124 875 214 933 fldem
228 874 361 943 illorum,
372 874 423 949 qui
438 874 522 932 nobis
538 874 568 930 in
583 874 672 931 lldem
686 875 731 931 tui
747 873 877 930 nominis
891 872 948 930 lar·
1002 874 1092 929 luade
1107 890 1159 946 pro
1174 891 1222 931 me
1237 875 1366 947 quotidie
1385 890 1484 948 preces
1508 880 1587 948 tuas,
1603 880 1638 932 nt
1653 877 1745 934 donet
1759 877 1821 935 mibi

124 964 178 1041 giti
188 969 259 1022 sunt
268 963 527 1038 bonetsmporalia
538 979 545 1020 :
557 968 586 1021 et
594 967 637 1036 tu,
649 963 736 1033 Deus,
748 967 950 1020 remunerator
1002 962 1144 1019 Dominus
1157 969 1259 1020 contre
1272 963 1457 1021 vulneratum
1473 966 1637 1038 superbum
1654 966 1821 1024 humilitatis

125 1052 259 1113 omnium
271 1053 427 1111 bonorum.
438 1053 601 1110 retribuere
612 1052 670 1109 illis
683 1052 813 1126 digneris
824 1068 876 1125 pro
885 1069 949 1125 per·
1003 1051 1164 1108 fortissime
1178 1069 1269 1125 erma,
1286 1054 1392 1126 quibus
1407 1059 1435 1110 et
1450 1053 1492 1109 illi
1508 1055 1624 1112 sortiter
1639 1055 1821 1114 resisterem

124 1143 169 1201 vis
184 1147 335 1218 megneet
364 1160 416 1217 pro
445 1142 569 1200 terrenis
598 1142 744 1215 promissa
759 1143 947 1216 sempiterne,
1002 1140 1078 1196 leam
1089 1146 1117 1197 et
1127 1141 1250 1197 Domino
1264 1144 1363 1199 nostro
1374 1143 1547 1215 suppliciter
1557 1145 1735 1202 obedire.et
1744 1146 1820 1203 socie·

125 1231 259 1291 Salvator
268 1232 383 1305 mundi,
395 1231 446 1306 qui
456 1231 530 1289 vivis
540 1236 569 1289 et
584 1231 727 1306 regnesin
741 1229 848 1288 secula
858 1246 948 1287 secu·
1001 1233 1091 1286 tatem
1103 1229 1238 1304 angelice
1249 1232 1450 1299 beatitudinis,
1462 1250 1551 1305 quam
1567 1233 1617 1291 ille
1633 1234 1820 1308 superbiendo

127 1321 233 1381 lorum.
249 1323 351 1380 Amen.
1003 1317 1469 1395 perdidit,dignisegocbediendo
1479 1322 1818 1396 apprehenderevslean.

480 1425 593 1468 omno.
1001 1411 1107 1465 Amen.

418 1500 476 1558 Fcl.
492 1500 524 1556 31
541 1498 654 1558 ibidem.
802 1492 810 1518 ¹
1173 1514 1210 1554 in
1224 1513 1344 1556 seueros
1357 1515 1484 1558 suenrus
1498 1515 1658 1560 cusronss.

120 1633 128 1643 ,
160 1588 297 1648 Miserere
311 1589 449 1648 omnibus
463 1588 616 1648 catholicis
630 1592 691 1646 tem
706 1586 778 1645 vivis
793 1603 883 1660 quam
898 1588 948 1644 de·
1356 1590 1413 1646 Fet.
1430 1590 1473 1646 13.

123 1678 245 1748 iunctis,
261 1684 290 1737 et
317 1693 435 1737 eversos
460 1695 479 1735 a
504 1678 553 1735 via
576 1677 706 1735 veritatis
734 1677 855 1751 dignere
870 1676 949 1733 sdts
1036 1674 1130 1744 Adsit,
1146 1692 1255 1749 queso,
1271 1677 1343 1734 milri
1360 1678 1816 1754 beetornmnngelorumtnorrn

125 1771 302 1837 convertere,
318 1770 351 1824 ut
364 1772 392 1824 te
411 1771 471 1824 toto
501 1766 588 1824 corde
615 1765 776 1838 requirant.
792 1766 828 1821 llt
841 1769 949 1822 eterne
963 1804 988 1869 Β
1002 1761 1368 1840 piecustodia,etpraeste,
1380 1769 1500 1842 utapud
1519 1773 1614 1843 tepro
1626 1787 1675 1829 me
1686 1770 1816 1845 indignis

124 1855 306 1929 protectione
317 1871 420 1912 omnes
432 1871 581 1924 conserve,
597 1852 949 1912 utnullistentstionibus
1003 1852 1078 1910 simo
1092 1857 1261 1911 sanctorum
1276 1856 1396 1929 ngmina
1409 1857 1606 1917 intercedent.

125 1961 143 2002 a
158 1948 186 2001 te
200 1948 384 2018 soporentur.
399 1944 435 2001 llt
462 1947 569 2018 praesta
596 1947 629 2000 ut
643 1943 768 2000 mortuis
783 1942 873 2015 prosit
888 1942 949 2000 hec
1317 1963 1382 2002 ems
1395 1964 1507 2005 suerro.

75 2044 79 2050 ’
124 2034 217 2091 cretio
232 2032 307 2092 servi
322 2032 366 2090 tui
386 2034 422 2089 ad
446 2032 684 2090 emundationem
710 2031 881 2090 delictorum
896 2048 948 2089 sen
1352 2037 1409 2092 Fet.
1430 2038 1474 2093 13.

123 2119 351 2197 levigamentum
366 2138 530 2195 poeuarnm.
547 2122 603 2190 Tu,
617 2119 696 2177 Deus
710 2136 816 2194 megae
825 2125 854 2178 et
864 2120 947 2177 terri·
1035 2119 1181 2193 Angelum
1197 2124 1282 2179 tuum
1297 2128 1432 2181 sanetum
1448 2124 1533 2182 nobis
1548 2126 1598 2183 hic
1612 2129 1816 2203 etubiqnelrr·

121 2209 200 2281 bilia,
216 2209 384 2269 misericors
393 2214 423 2268 et
444 2213 559 2268 emetor
570 2209 736 2280 hominum,
748 2214 781 2266 tu
792 2209 851 2267 sois
860 2208 947 2282 quid·
1002 2207 1064 2281 gire
1070 2210 1221 2267 custodem
1228 2215 1257 2268 et
1270 2213 1453 2271 defensorem
1466 2231 1473 2271 :
1486 2218 1625 2273 mutuum
1640 2218 1816 2276 discordanti

120 2298 946 2375 quidsingulisexpediet:obseeremnsclementiamtuem
1001 2297 1058 2355 bus
1068 2298 1251 2372 charitatem,
1263 2300 1434 2360 infidelibus
1451 2319 1549 2361 verem
1564 2304 1671 2379 fldem,
1683 2308 1815 2365 defundis

120 2387 255 2457 Domine,
265 2387 671 2462 utjnxtsvoluntetamtuem
692 2389 743 2445 fiat
755 2388 841 2446 nobie
851 2388 947 2445 omni·
1001 2389 1172 2460 parentibus
1187 2392 1216 2446 et
1230 2390 1368 2448 omnihus
1378 2390 1409 2449 in
1421 2398 1472 2449 tua
1482 2393 1539 2451 lide
1548 2395 1772 2467 quiescentibus
1779 2398 1811 2454 ia·

120 2477 178 2535 bus
187 2482 248 2534 tem
261 2476 335 2535 vivis
346 2494 435 2551 quem
450 2481 480 2535 et
493 2476 631 2534 fidelibus
643 2476 801 2547 defunctis,
814 2476 947 2535 Salvator
1001 2476 1183 2550 dulgentiam
1203 2479 1299 2536 tribue
1317 2480 1502 2538 delictorum.

122 2566 238 2635 mundi,
253 2566 304 2640 qui
317 2566 392 2624 vivis
406 2571 436 2624 st
450 2582 567 2641 regnes,
582 2570 637 2622 ete.
1119 2583 1156 2623 ao
1171 2584 1329 2624 srosronos
1343 2585 1514 2634 eumericus
1526 2588 1710 2632 orservusos.

278 2671 383 2714 enarro
397 2672 454 2713 rao
472 2671 639 2712 emmenum
653 2671 785 2713 errrore.
1355 2658 1413 2715 Fcl.
1423 2660 1469 2716 29.

387 2747 430 2803 dx
443 2745 569 2802 bonnet.
584 2746 634 2819 sol.
649 2747 677 2800 2.
1035 2741 1143 2799 Omnes
1158 2745 1283 2816 apostoli
1298 2763 1367 2803 cum
1381 2749 1519 2806 omnibus
1529 2749 1811 2828 discipulisdiseipn·

154 2831 272 2891 Oretias
296 2833 350 2890 tibi
370 2850 435 2907 ago,
450 2833 569 2891 infinite
598 2832 808 2901 misericordie,
823 2832 946 2890 Domine
998 2829 1144 2904 lebusque
1153 2833 1270 2891 Domini
1280 2836 1338 2893 mei
1349 2835 1419 2894 lesu
1430 2836 1645 2909 Christi,orate
1656 2860 1711 2917 pro
1722 2859 1774 2913 me,
1786 2847 1812 2899 nt

121 2922 198 2981 Deus
212 2923 410 2997 omnipotens,
425 2928 512 2995 teque
525 2922 613 2979 leudo
628 2925 657 2979 et
675 2921 817 2995 glorideo,
832 2921 882 2995 qui
898 2936 946 2980 ms
999 2920 1152 2978 abstrahat
1164 2922 1523 3000 meOominusemundo,
1533 2928 1809 2990 sicutebstmitvos
1846 2924 1848 2933 '

121 3012 159 3069 ds
171 3015 285 3070 seme
295 3010 945 3085 mortisinteritn‚depoenis,etbnjuscsrnls
999 3012 1028 3067 et
1042 3009 1132 3068 donet
1147 3011 1220 3068 mihi
1244 3013 1327 3085 sequi
1355 3015 1481 3090 vestigia
1507 3033 1564 3075 sue
1591 3019 1637 3077 vel
1653 3021 1684 3078 in
1699 3025 1807 3080 extrem

122 3100 312 3174 crucistrbus,
327 3101 358 3157 in
373 3116 432 3174 qno
443 3100 524 3174 elligi
539 3099 648 3174 dignus
662 3116 740 3171 snm,
755 3099 898 3158 hactenus
908 3099 944 3156 li·
999 3098 1246 3172 sgminsuostro.
1261 3104 1366 3160 Amen.

122 3189 241 3249 iterasti.
251 3189 315 3247 'libi
325 3207 379 3262 ago
388 3189 490 3248 laudes
505 3193 535 3246 et
548 3189 668 3263 gratias,
678 3189 729 3262 qui
738 3205 785 3246 me
794 3188 830 3246 do
843 3189 944 3247 multis
959 3169 982 3239 C
1284 3208 1320 3248 an
1331 3208 1537 3254 consessorem.

121 3278 278 3352 mortibus,
290 3278 327 3336 de
335 3278 437 3335 multia
445 3277 621 3352 opprobriis,
629 3276 847 3335 calamitatibus
855 3278 945 3335 etmi·
1350 3283 1409 3340 Fol.
1424 3285 1469 3341 30.

120 3367 261 3438 seriis,de
269 3367 496 3425 immanissimis
507 3367 616 3425 disboli
627 3366 752 3439 laqueis,
764 3366 800 3423 de
814 3366 944 3424 immun·
1034 3365 1160 3424 Obsecro
1172 3384 1234 3438 vos,
1249 3370 1412 3429 beatissimi
1423 3373 1608 3435 consessores
1616 3378 1798 3452 Christiatque

121 3456 168 3513 die
182 3455 337 3513 desideriis
350 3459 519 3529 exemptum
535 3454 678 3529 disruptis
692 3454 826 3522 vinculis,
836 3455 944 3528 quibus
999 3453 1131 3512 doctores
1142 3456 1294 3530 Cypriane,
1312 3461 1411 3533 Basili,
1436 3462 1569 3537 Gregori,
1595 3468 1744 3537 Athenai,
1754 3469 1795 3523 lr-

27 3610 30 3615 ,
121 3544 243 3603 tenebar
252 3544 422 3603 adstrictus.
433 3544 592 3618 perducere
607 3544 748 3617 dignatus
762 3561 794 3601 es
804 3544 840 3601 sd
851 3545 943 3601 servi-
999 3542 1791 3626 sebi‚Ambrosi,Angnstine,Hieronyme,beo,tisrnsne,

120 3633 196 3691 tium
211 3638 306 3691 tuum.
322 3633 387 3691 Tibi
401 3648 456 3707 ago
470 3632 573 3690 lendes
587 3636 616 3690 ct
631 3632 752 3706 gratiss,
768 3632 819 3704 qui
835 3648 881 3689 me
892 3632 945 3689 eri·
998 3632 1118 3704 Isidore,
1131 3635 1294 3707 dignamini
1304 3637 1482 3699 intercedere
1494 3658 1548 3714 pro
1559 3659 1606 3701 me
1622 3646 1791 3718 peccatorem

121 3721 206 3796 piens
221 3739 239 3780 s
255 3723 422 3796 jurgiorum
451 3722 597 3796 procellis,
626 3722 680 3779 des
707 3720 944 3777 mibiservornm
998 3722 1138 3779 concedet
1153 3723 1226 3780 mihi
1248 3727 1389 3785 Dominus
1412 3745 1527 3788 servem
1547 3734 1791 3804 quindecenum

121 3816 243 3869 tuorum
270 3811 382 3885 pertrui
409 3811 562 3891 eheritete.
591 3812 705 3878 Oueso,
733 3811 854 3868 Domine
869 3811 946 3868 Deus
998 3808 1028 3867 in
1042 3814 1138 3869 vestro
1154 3829 1201 3871 me
1216 3814 1304 3872 societ
1317 3819 1464 3876 consortio
1478 3821 1637 3893 gmtulsri.

122 3916 218 3971 meus,
234 3899 285 3973 qui
301 3900 373 3958 mibi
388 3902 533 3973 usquead
555 3904 728 3974 presentem
743 3899 846 3956 horam
861 3904 943 3958 tuem
1192 3919 1229 3959 ao
1244 3919 1269 3961 s.
1286 3921 1468 3965 sessorerurr
1481 3925 1633 3969 essem.

122 3988 354 4047 misericordium
369 3990 538 4063 impendere
552 3989 691 4062 dignutus
709 4004 752 4058 es,
767 3989 845 4046 dona
858 3988 943 4059 mibi,
1347 3995 1412 4055 Fet.
1427 3998 1473 4054 29.

121 4079 183 4133 toto
198 4076 297 4144 corde,
310 4078 372 4134 tote
386 4076 495 4134 anime.
506 4076 577 4135 totis
586 4076 699 4135 viribus
709 4076 783 4135 meis
792 4078 945 4150 exquirere
1034 4078 1160 4139 Obsecro
1175 4084 1213 4151 te,
1245 4083 1416 4143 beatissimo
1442 4086 1614 4162 benedicte,
1644 4087 1790 4152 dilecteltvl
1841 4079 1848 4116 ⁵

122 4163 228 4222 laeiem
239 4167 321 4223 tuam
332 4181 459 4239 semper,
471 4170 501 4224 et
517 4166 626 4239 perduc
637 4182 695 4236 me,
715 4167 893 4240 misericors,
906 4169 944 4226 sd
981 4167 1144 4226 -iutorcede
1154 4187 1206 4243 pro
1217 4188 1265 4230 me
1274 4189 1358 4231 servo
1369 4177 1429 4243 tac,
1442 4180 1472 4234 et
1489 4181 1573 4237 omni
1593 4182 1791 4242 muchium
1839 4166 1848 4204 ¹

39 4307 47 4325 ,
121 4255 204 4312 tuem
220 4253 429 4312 suavissimam
442 4255 594 4314 visionem.
611 4261 717 4314 Amen.
906 4264 908 4268 ‘
998 4259 1222 4332 congregatione
1235 4264 1264 4318 et
1277 4278 1330 4334 pro
1345 4263 1491 4324 universis
1515 4270 1575 4327 sub
1589 4275 1642 4330 tuo
1657 4265 1791 4346 magistefit

290 4358 392 4399 osarro
405 4362 442 4401 sn
455 4361 484 4402 s.
498 4361 639 4402 vineiasrr
653 4361 778 4402 nemen.
999 4346 1205 4419 militantibus,
1213 4349 1337 4409 simulet
1342 4355 1481 4425 proomni
1489 4356 1792 4430 populounristiuce
1839 4345 1848 4367 “

382 4433 424 4490 Ee
437 4435 556 4492 denual.
573 4435 623 4506 sol.
637 4434 683 4490 27.
998 4441 1102 4508 purget
1110 4431 1254 4495 Dominus
1264 4455 1314 4497 cor
1337 4446 1366 4498 et
1380 4448 1464 4501 ectus
1486 4462 1504 4502 a
1531 4439 1792 4507 eunetisvitiis'lli
1838 4462 1848 4473 ·

155 4521 197 4579 ‘l'e
211 4519 355 4595 supplico,
378 4523 466 4597 Virgo
490 4527 592 4581 ennete
613 4523 713 4593 lleria,
735 4523 944 4582 blaterchristi
958 4542 981 4608 D
996 4524 1069 4582 huet
1083 4526 1284 4586 mihiservero
1299 4536 1406 4588 cuncta
1428 4549 1492 4606 que
1516 4537 1793 4613 precepieetcnsto·
1838 4526 1848 4559 ·“

119 4610 321 4681 immsculnts,
337 4628 490 4686 puerpera,
506 4610 592 4670 stelle
612 4611 703 4669 meris
718 4611 881 4686 splendide,
897 4628 942 4670 re·
997 4614 1176 4672 dircsencte
1188 4617 1294 4691 regule
1304 4620 1464 4692 tramitem,
1477 4639 1569 4696 quom
1579 4630 1792 4687 montesium
1837 4624 1848 4654 ¹

120 4700 944 4776 ginacolorumdigna,au1eoeimunda,portachristi
998 4705 1152 4777 spopondi.
1215 4698 1218 4703 ’

120 4788 270 4857 conclusa,
284 4789 315 4845 in
330 4788 504 4848 mulieribus
519 4790 682 4860 benedicta,
698 4791 942 4863 supercoelosex·
997 4809 1051 4850 rao
1062 4809 1428 4857 asnsormrorveesmasmr
1439 4813 1789 4865 uonaesonnsrossnore

119 4875 220 4935 uere.
236 4877 367 4936 Oenitrix
381 4877 499 4950 Christi,
514 4880 592 4953 epud
609 4879 716 4936 Filium
743 4881 828 4936 tuum
843 4879 944 4938 Domi·
1346 4889 1407 4946 Fet.
1421 4890 1467 4947 21,

119 4978 192 5021 unm
202 4981 255 5038 pro
265 4966 393 5039 peccatis
403 4967 477 5025 meis
487 4967 665 5026 intervenire
675 4967 824 5042 digneris:
840 4968 942 5028 nullus
1031 4971 1164 5043 Benedio,
1177 4974 1307 5044 Domine,
1319 4993 1503 5050 quesumus,
1514 4981 1659 5043 sebalem
1681 4976 1789 5050 isene
1836 4995 1848 5031 ἑ

115 5057 163 5111 est
177 5054 300 5111 enimin
330 5055 471 5112 creaturis
499 5056 616 5130 dignior
642 5061 681 5126 te,
710 5055 781 5130 quie
798 5057 940 5131 ipss,qui
995 5060 1789 5142 quiinumbraelerumtusrumspsramus,ebonnitu

114 5143 275 5213 creevitte,
290 5148 448 5214 natusest,
463 5148 493 5202 et
519 5146 640 5218 perinde
667 5144 784 5202 nullum
799 5144 939 5206 libentius
993 5148 1109 5208 insidiis
1120 5152 1286 5209 demonum
1310 5139 1428 5214 virtutis
1451 5162 1509 5215 tus
1530 5164 1786 5233 potentissime·

112 5232 231 5290 exaudit
244 5249 332 5307 quem
344 5237 384 5291 te.
395 5234 456 5291 Sub
467 5234 527 5292 tuis
538 5250 606 5308 ergo
616 5234 780 5292 visceribus
788 5237 935 5310 confugio.
992 5240 1046 5297 Per
1055 5240 1203 5299 christum
1218 5242 1377 5300 Dominum
1400 5251 1549 5306 nostrum.

111 5321 212 5377 Amen.
1106 5383 1109 5386 ι
1340 5334 1398 5391 Fcl.
1420 5336 1466 5392 21.
1832 5384 1848 5395 .

267 5428 304 5468 ιι)
319 5429 344 5469 s.
360 5430 528 5471 arenianes
540 5428 760 5471 annueremus.
1026 5417 1099 5476 Huic
1110 5418 1423 5494 cellulae,quaesumus,
1432 5424 1568 5499 Domine,
1577 5428 1785 5503 pressasadele
1832 5402 1848 5423 ⁶

359 5504 405 5557 lie
425 5503 549 5561 Musaei.
567 5502 619 5578 (ol.
634 5502 679 5558 27.
990 5512 1023 5563 nt
1037 5513 1151 5564 caterve
1167 5510 1333 5573 demonum
1350 5515 1509 5572 conterrita
1522 5519 1683 5595 effugetur.
1697 5512 1785 5577 Peroe
1828 5563 1841 5586 ,

148 5585 274 5645 Obsecro
285 5592 324 5657 te,
335 5589 547 5663 gloriosissime
557 5589 690 5659 Michasl,
702 5589 839 5665 princeps
853 5609 933 5651 exer·
989 5596 1102 5654 minum
1120 5601 1253 5655 nostrum
1266 5597 1368 5660 lesum
1384 5601 1548 5666 Christum.
1827 5588 1848 5603 ”
