3892 6096
107 275 149 383 aa
412 319 488 384 ua
512 320 563 383 os
584 319 901 386 recessionibus
925 319 1012 386 suis
1035 318 1086 384 ar
1108 321 1295 422 scalaris.
1314 356 1352 373 -
1369 325 1468 391 raas
1490 327 1516 391 1.
1563 350 1567 358 =
1777 332 1817 394 ee

114 456 188 513 bone
198 471 232 511 sc
242 457 325 510 metu
336 454 504 511 iudeorum
515 453 837 511 alliciebantur.'l'antis
847 454 937 528 igilur
950 454 977 522 Α
993 471 1118 526 quorum
1128 460 1208 512 tanto
1220 455 1425 529 laelliuepotcs
1436 459 1592 529 recordari,
1605 464 1816 537 quantomagis

114 544 354 603 tribulationibus
363 543 488 617 aposloli
499 550 569 599 sunt
579 545 737 600 alllictinec
745 545 935 617 conprobati,
992 558 1026 598 ex
1038 542 1161 599 lectione
1177 544 1297 599 assidua
1312 543 1365 599 tibi
1379 551 1448 601 sunt
1463 547 1532 603 noti.
1550 547 1670 605 lllcrnm
1689 566 1758 623 ergo
1773 551 1816 608 vi·

113 634 287 708 priusquam
297 633 383 689 inillo
394 650 451 704 quo
460 633 588 705 ponendi
609 641 692 690 erant
701 635 792 690 totius
803 633 936 691 Ecclesia
992 636 1053 687 tam
1069 632 1180 705 legens,
1192 634 1248 688 cito
1261 639 1344 705 potes
1356 649 1528 707 cognoscere
1540 644 1680 710 quantam
1692 645 1815 713 uterque

111 725 307 779 fundamento
316 722 538 791 collocarentur,
548 723 719 796 priusquam
729 723 938 780 ullnmlaboris
991 722 1145 793 pertulerit
1159 723 1346 778 alilietiouem
1363 740 1414 794 pro
1423 725 1473 780 Dei
1484 742 1592 795 amore,
1602 744 1691 799 quarn
1700 729 1815 796 devote,

111 813 157 868 sni
173 813 305 867 fructum
321 816 372 867 sut
386 815 562 884 potestatem
579 812 609 868 in
621 814 776 869 animabus
786 812 936 882 lucrandis
991 810 1128 882 inprimis
1143 828 1211 867 cnm
1227 812 1323 868 adbuc
1334 812 1475 884 juvenilis
1490 821 1589 872 essent
1607 818 1711 886 atatis,
1727 835 1814 875 mun·

113 902 293 958 meruissent
306 901 440 973 adipisci.
624 890 627 896 ’
992 898 1069 954 dana
1082 899 1264 971 reliquerunt
1287 901 1404 969 omnia;
1430 907 1557 974 quantas
1581 904 1686 961 deinde
1705 907 1814 964 diaboli

147 992 204 1047 Sed
219 991 267 1047 his
276 990 451 1064 generaliter
460 991 643 1064 denpcstclis
654 992 792 1049 omnibus
803 990 937 1065 prolatis,
992 988 1187 1045 sustinuerint
1202 989 1324 1045 insidias
1336 995 1365 1045 et
1376 995 1567 1050 tentamenta.
1589 991 1672 1051 Unus
1686 1011 1814 1068 namque

115 1081 273 1137 nunclibet
283 1081 319 1137 dc
329 1079 428 1152 aliquo
438 1079 558 1136 illorum
573 1087 803 1153 caeterorumque
818 1081 937 1139 Patrum
991 1093 1103 1150 corum,
1116 1079 1145 1133 id
1157 1084 1202 1134 est
1210 1079 1314 1135 beatus
1336 1080 1490 1151 Antonius,
1506 1098 1523 1137 a
1537 1099 1594 1155 quo
1618 1085 1707 1140 ctiam
1717 1085 1814 1142 omnis

115 1170 289 1243 specialiter,
301 1168 427 1241 exempli
437 1170 541 1242 gratia,
558 1170 736 1226 mentionem
747 1170 852 1240 lacere,
866 1169 938 1242 quid
993 1167 1052 1224 lere
1065 1173 1165 1223 exorta
1175 1173 1219 1224 est
1229 1169 1417 1224 eremitarum
1428 1175 1457 1225 et
1468 1172 1679 1229 coeaobitarum
1694 1173 1813 1231 institu-

116 1261 348 1330 uniuscujusque
358 1275 459 1314 eornm
470 1257 668 1316 tribulationis
679 1260 858 1332 elangustiae
871 1265 939 1316 ante
991 1255 1043 1324 tio,
1054 1262 1136 1313 tanta
1151 1259 1380 1315 conversationis
1395 1261 1549 1316 sanctitate
1559 1261 1816 1337 pollerecoepit,ut

118 1357 169 1406 aut
178 1354 246 1421 post
256 1353 419 1421 perceptam
431 1347 591 1420 spiritualis
609 1350 709 1421 gratia
724 1348 937 1404 sublimitatem
992 1361 1027 1401 ex
1041 1345 1096 1401 hoc
1112 1348 1253 1419 antiquus
1269 1348 1362 1404 hostis
1375 1349 1489 1404 invidia
1508 1351 1622 1408 lacibus
1636 1352 1815 1410 omnimodis

115 1437 286 1511 pertulerit;
303 1442 412 1493 utcnm
425 1443 484 1493 tam
494 1437 654 1510 precipuos
665 1439 763 1494 Patres
775 1437 939 1495 innumeris
993 1450 1134 1492 accensus
1150 1453 1209 1492 non
1224 1438 1319 1493 solum
1342 1438 1546 1510 spiritualibus
1569 1445 1598 1497 et
1617 1437 1816 1499 invisibilibus

116 1527 358 1584 tribulationibus
372 1526 497 1583 al'llictos
507 1528 670 1600 agnoveris,
683 1527 832 1584 insolitam
843 1528 938 1600 magis
994 1540 1061 1580 eum
1072 1525 1260 1598 impugnaret
1275 1528 1400 1594 insidiis,
1421 1545 1521 1584 verum
1544 1531 1633 1587 etiam
1658 1531 1816 1605 corporali·

113 1618 240 1691 gratiam
256 1633 344 1686 quam
361 1606 526 1672 molestiam
541 1615 631 1673 ullius
655 1617 824 1672 tentationis
841 1616 938 1673 hacte-
992 1615 1049 1670 bus
1065 1619 1152 1688 atque
1166 1617 1275 1688 apertis
1291 1619 1418 1673 alliceret
1433 1618 1538 1691 plagis.
1554 1619 1611 1676 Sed
1635 1625 1664 1677 et
1684 1620 1758 1678 alter
1771 1622 1817 1678 ni·

114 1723 168 1762 nus
185 1722 251 1762 esse
267 1706 321 1761 tibi
336 1704 472 1761 collatam
487 1706 610 1777 probare
621 1705 727 1778 possis.
737 1707 861 1762 attende
870 1721 938 1779 ergo
994 1703 1155 1759 hilominns
1170 1705 1221 1760 llei
1237 1707 1332 1778 gralia
1347 1707 1485 1779 repletos,
1503 1707 1632 1766 maxima
1649 1710 1816 1768 sanctitatis

114 1797 147 1852 ad
163 1800 304 1851 sanctum
321 1794 443 1850 Paulum
466 1799 494 1859 et
517 1794 672 1851 considera
696 1802 938 1868 quotpcrpessus
994 1809 1055 1848 suae
1070 1797 1327 1850 monimentatam
1356 1796 1589 1884 scriptiquuam
1618 1798 1750 1856 moribus
1775 1816 1817 1857 re-

114 1886 324 1958 lueritgenera
346 1884 591 1957 persecutionem.
617 1884 691 1942 Nam
715 1884 792 1940 sicut
814 1886 843 1939 in
863 1845 1091 1954 libroBliquit.
1123 1882 1197 1948 Quid
1226 1884 1343 1938 multa'l
1372 1884 1498 1957 Quiquid
1525 1886 1703 1960 afflictionis,
1731 1889 1817 1962 quid·

114 1981 240 2031 actuum
257 1973 457 2046 apostolorum
481 1978 510 2028 et
531 1971 561 2027 in
587 1972 681 2044 ipsius
704 1972 843 2046 Epistolis
864 1973 940 2029 valet
995 1970 1065 2042 quid
1080 1976 1195 2027 constat
1209 1972 1317 2028 laboris
1331 1973 1360 2027 in
1376 1973 1483 2045 vigiliis
1506 1981 1535 2030 et
1557 1976 1588 2030 in
1607 1976 1743 2048 jejuniis,
1766 1982 1818 2034 aut

115 2063 243 2136 agnosci,
257 2068 412 2136 postquam
424 2061 538 2117 Christo
548 2063 616 2117 lesu
627 2063 793 2118 vocantead
818 2079 939 2119 conver·
994 2060 1024 2114 in
1040 2061 1209 2134 solitudinis
1220 2062 1347 2129 horrore,
1358 2067 1386 2118 et
1402 2064 1431 2117 iu
1449 2065 1568 2141 prptiosi
1584 2066 1750 2122 vestimenti
1758 2069 1818 2123 ab·

114 2155 224 2210 sionem
236 2153 326 2221 venit,
342 2168 494 2223 nunquam
506 2151 564 2207 lere
575 2151 637 2207 sine
648 2151 865 2208 adversantium
876 2169 939 2226 per-
991 2149 1129 2220 jectionc,
1140 2167 1190 2206 seu
1203 2152 1231 2205 in
1243 2152 1455 2208 desideriorum
1465 2154 1628 2211 carnalium
1638 2156 1819 2214 devincenda

115 2243 363 2316 sequentiumque
374 2240 511 2313 periculis
524 2241 846 2313 exstititlljusquoque
857 2241 948 2298 colle-.
994 2239 1141 2310 passione,
1157 2246 1207 2295 aut
1222 2240 1251 2294 in
1265 2241 1429 2313 omnigenis
1445 2242 1558 2298 invidia
1578 2244 1726 2302 diabolica
1741 2245 1817 2303 dolia

114 2349 179 2406 gam
192 2332 223 2387 in
233 2332 470 2405 persecutionum
480 2330 622 2386 duntaxat
632 2330 939 2387 numerositateatba·
994 2329 1181 2400 superandis,
1197 2331 1314 2386 eosdem
1330 2330 1460 2387 invenies
1486 2332 1537 2388 diu
1561 2332 1711 2403 tolerasse,
1733 2341 1816 2393 antc-

116 2423 232 2478 nasium
244 2421 444 2477 Alexandrina
456 2417 865 2492 Ecclesiapraesulemaccipe,
876 2420 938 2492 qui,
994 2433 1084 2489 quam
1109 2419 1145 2474 ad
1162 2436 1258 2474 arcem
1273 2419 1458 2492 perfectionis
1484 2438 1542 2492 qua
1566 2422 1702 2494 plurimis
1717 2424 1819 2497 prele-

116 2513 191 2569 sicut
206 2511 236 2567 ia
252 2511 382 2566 Historia
410 2508 607 2565 ecclesiastica
635 2509 753 2582 legitur,
784 2526 851 2566 mos
875 2514 941 2583 post
994 2509 1187 2577 rendierant,
1202 2509 1396 2581 pervenirent.

116 2605 281 2674 susceptam
295 2599 473 2672 presulatus
498 2598 682 2671 dignitatem,
715 2615 768 2672 pro
790 2598 939 2655 catholica
1031 2598 1094 2653 llarc
1108 2597 1210 2669 igitur,
1226 2615 1335 2670 quaeso,
1351 2599 1508 2673 diligenter
1530 2601 1657 2671 adverte,
1677 2585 1711 2660 el
1720 2607 1820 2661 tantas

117 2690 180 2747 fidei
197 2691 369 2747 defensione
398 2688 534 2744 laborans
561 2687 715 2744 immensis
735 2689 939 2747 hereticorum
994 2685 1113 2742 Petrum
1124 2688 1402 2758 praenominatorum
1417 2690 1590 2748 alllictiones
1604 2693 1640 2748 ad
1651 2696 1729 2760 tuas,
1743 2709 1817 2766 quas

119 2779 357 2853 persequentium
372 2778 490 2833 insidiis
518 2793 592 2848 pene
622 2793 715 2850 usque
742 2779 857 2834 advitae
879 2795 939 2834 suae
994 2777 1627 2851 tuinterduminsolitasarbitraris,conler
1652 2782 1817 2840 tribulatio·
1870 2813 1871 2817 ,

120 2872 203 2926 linem
220 2870 415 2925 alliciebatur.
427 2868 474 2924 Sic
485 2867 595 2939 quippe
607 2868 685 2923 dcco
696 2868 940 2941 sacraScriptura
994 2882 1064 2922 nes:
1081 2871 1110 2921 et
1125 2871 1194 2921 tunc
1221 2867 1320 2938 procul
1346 2869 1434 2924 dubio
1459 2886 1617 2943 cognosces
1645 2872 1716 2943 quia
1734 2873 1817 2945 parvi

124 2961 220 3016 relert:
237 2960 344 3030 Hujus,
356 2957 464 3030 inquit,
475 2956 549 3012 tanti
560 2956 590 3011 in
600 2955 729 3012 Ecclesia
744 2973 796 3028 pro
811 2956 879 3012 lidei
894 2957 938 3011 in·
994 2961 1065 3012 sunt
1080 2972 1154 3027 quos
1180 2958 1266 3012 modo
1290 2962 1341 3013 aut
1367 2975 1497 3030 unquam
1527 2960 1674 3033 pertulisti
1689 2960 1816 3034 dolores,

127 3051 251 3123 tegritate
262 3064 371 3120 agones
380 3048 541 3103 lueruntut
551 3045 639 3101 etiam
650 3046 686 3102 de
695 3045 939 3101 hoedictumesse
994 3044 1183 3118 quantumvis
1195 3046 1281 3101 iidem
1295 3047 1393 3103 Patres
1407 3048 1585 3121 nullatenus,
1603 3050 1680 3106 sicut
1703 3056 1748 3124 tu,
1763 3069 1816 3127 pro

131 3142 260 3207 videatur,
274 3137 352 3211 quod
363 3137 580 3209 scriptumest:
596 3137 650 3207 Epo
664 3136 739 3190 renim
754 3135 895 3191 ostendam
913 3136 939 3190 ei
994 3136 1152 3191 eriminum
1163 3136 1331 3208 capitalium
1343 3139 1814 3215 poenitentiamererenturallligi.

136 3238 219 3298 quanto
229 3236 355 3301 operteat
369 3242 432 3282 eura
444 3227 505 3298 poti
517 3241 568 3298 pro
579 3227 691 3281 cadmiae
704 3240 773 3280 mee.
798 3226 829 3281 ln
849 3225 939 3297 hujus
954 3215 976 3284 G
996 3226 1135 3281 Praeterea
1150 3226 1202 3280 tibi
1216 3225 1245 3279 in
1256 3231 1339 3281 etate
1350 3228 1489 3298 primaeva
1500 3228 1594 3284 multo
1603 3231 1716 3299 majora
1726 3247 1817 3301 quam

138 3334 245 3391 namque
260 3308 494 3392 persecutionem
509 3314 664 3372 universus
680 3314 844 3386 conjuravit
859 3316 938 3372 orbis
993 3313 1052 3369 illis
1077 3314 1200 3368 bomani
1225 3314 1322 3369 solatii
1344 3316 1532 3385 adjumenta;
1557 3316 1707 3389 multoque
1730 3317 1817 3389 plura

140 3410 160 3460 el
171 3407 301 3463 commoti
316 3411 384 3461 sunt
398 3405 545 3477 principes
573 3407 668 3473 terrae,
695 3409 808 3476 gentes,
839 3419 939 3475 regna,
994 3419 1083 3475 quam
1095 3401 1153 3457 illis
1165 3403 1300 3474 impensa
1310 3408 1380 3458 sunt
1390 3423 1406 3458 a
1418 3420 1464 3458 me
1475 3404 1762 3462 exteriorishominis
1772 3423 1817 3463 sc·

142 3497 265 3551 exercitus
279 3500 474 3551 convenerunt
498 3495 638 3550 adversus
662 3510 741 3550 eum.
772 3492 823 3548 llle
842 3499 940 3548 autem
994 3492 1083 3547 latia:
1101 3491 1209 3562 quibus
1220 3491 1288 3563 jure
1302 3491 1453 3558 incitatus,
1480 3493 1538 3550 lide
1561 3498 1649 3566 atque
1664 3495 1818 3554 devotione

144 3583 254 3642 livinum
269 3585 340 3640 illud
356 3584 522 3640 conterebat
535 3583 686 3655 eloquium
702 3583 803 3638 dicens
816 3598 823 3637 ε
834 3582 865 3637 st
879 3598 942 3639 coo·
996 3581 1818 3654 magnaproperaredebuissesadobtinendaminterioris

145 3674 220 3731 valam
232 3675 377 3731 aduersum
390 3689 433 3730 me
446 3677 547 3743 castra,
569 3689 625 3728 raon
647 3672 754 3728 tinniit
777 3688 824 3728 cor
837 3688 939 3740 meum,
995 3670 1124 3726 hominis
1133 3671 1301 3742 puritatem,
1313 3687 1376 3742 quae
1388 3673 1510 3728 nonnisi
1516 3675 1819 3746 permagnamcarnis

145 3762 287 3836 aceepit
300 3765 443 3837 prelium,
458 3764 488 3817 in
501 3763 549 3827 loe
563 3778 612 3834 epo
625 3764 750 3834 sperato.
995 3761 1158 3833 acquiritur
1168 3760 1367 3817 afflictionem.
1380 3761 1410 3816 Si
1420 3762 1498 3817 enim
1510 3761 1552 3817 illi
1564 3763 1714 3820 beneficiis
1723 3766 1819 3837 parvis

173 3851 212 3908 lati
224 3856 308 3928 igitur
322 3856 381 3909 duo
392 3852 446 3909 viri
457 3853 487 3907 in
499 3850 666 3924 exemplum
690 3851 827 3907 humanae
842 3867 940 3923 persc-
995 3851 1087 3922 adjuti
1100 3850 1140 3904 ita
1155 3856 1225 3904 sunt
1236 3850 1421 3920 inflammati,
1434 3857 1466 3907 ut
1475 3851 1590 3908 labores
1609 3853 1753 3910 maximos
1764 3870 1818 3928 pro

147 3938 214 3998 lienis
226 3943 371 4000 sufficiant
384 3942 446 4002 tibi.
464 3947 495 3998 ul
511 3958 569 3997 non
585 3941 681 3997 solum
692 3940 765 3996 nihil
776 3940 939 4009 insolitum,
995 3939 1200 4010 consequenda
1210 3939 1276 3994 vita
1287 3940 1820 4012 spiritalispuritatesustinerent,cur

149 4027 204 4084 nihl
215 4031 372 4090 inauditum
388 4038 416 4088 tc
431 4031 589 4103 aliquando
605 4030 642 4086 ab
658 4029 776 4086 homine
791 4047 940 4102 quoquam
994 4029 1060 4095 tibi,
1077 4028 1128 4101 qui
1142 4045 1250 4101 parvus
1277 4030 1372 4084 adbuc
1396 4030 1473 4086 dona
1484 4032 1608 4103 adeptus
1632 4048 1663 4089 es
1676 4033 1818 4106 ingentia,

149 4121 272 4185 pertulisse
287 4121 451 4191 arbitreris,
466 4122 517 4177 scd
534 4135 587 4176 nce
602 4119 776 4193 particulam
787 4120 941 4176 minimam
994 4119 1204 4190 videtnrgrave
1215 4116 1434 4175 tribulationem
1447 4119 1687 4193 saltemaliquam
1696 4139 1749 4195 pro
1762 4140 1818 4196 pu·

149 4221 226 4266 mrum
240 4214 474 4286 persecutionum
491 4227 564 4282 quas
580 4208 629 4267 alii
645 4208 828 4282 pertulerunt
838 4215 866 4266 te
875 4227 942 4283 pas·
996 4207 1081 4263 ritate
1095 4209 1197 4262 eadem
1208 4206 1330 4263 tolerare
1341 4212 1354 4261 l
1365 4208 1425 4274 bic,
1450 4226 1531 4282 rogo,
1548 4210 1615 4282 quis
1630 4211 1682 4267 tibi
1698 4212 1818 4285 videris,

149 4311 265 4358 ramesse
280 4301 408 4359 noveris·
424 4301 468 4358 'l'u
483 4300 629 4373 enimpro
644 4316 677 4355 ao
705 4300 784 4372 quod
808 4299 941 4371 aliquan·
997 4302 1087 4351 utnee
1101 4312 1154 4367 pro
1170 4296 1310 4352 subsidiis
1322 4300 1525 4369 presentibus,
1543 4315 1595 4355 nec
1610 4317 1662 4372 pro
1678 4301 1777 4357 lutura
1790 4306 1820 4357 et

148 4383 224 4444 tuton
236 4391 415 4450 adversitatis
428 4396 456 4446 et
471 4390 683 4463 persecutionis
699 4389 780 4461 prius
795 4387 825 4444 in
836 4387 942 4445 seculo
997 4386 1117 4459 perenni
1132 4387 1264 4442 mercede
1280 4388 1445 4443 molestiam
1476 4388 1566 4444 ullam
1583 4393 1710 4462 perferre
1723 4389 1820 4446 velia?

148 4480 298 4539 constitutus
314 4481 473 4556 pertulisti,
489 4485 518 4537 et
533 4495 611 4536 nunc
624 4479 655 4534 in
672 4478 847 4536 monasterio
864 4478 941 4551 poci·
997 4475 1072 4541 Quid
1086 4491 1154 4546 ergo
1170 4474 1252 4544 olim,
1269 4492 1335 4531 cum
1351 4477 1379 4530 in
1405 4478 1506 4533 ecbola
1534 4479 1646 4549 positus
1660 4494 1751 4544 esses,
1766 4494 1819 4550 pro

147 4569 189 4620 tus
200 4573 369 4639 parvissimis
378 4570 573 4628 tentationum
585 4569 724 4637 stimulis,
737 4568 843 4641 quibus
854 4569 942 4625 etiam
998 4565 1157 4636 capacitate
1173 4581 1280 4636 magna
1294 4567 1425 4621 discendi
1442 4565 1603 4622 laborasti?
1617 4568 1698 4632 Quod
1714 4567 1821 4624 deinde

148 4655 304 4719 Christianus
320 4662 419 4717 omnis
433 4660 603 4734 probandus
615 4661 680 4728 erit,
692 4658 822 4732 fatigaris
835 4676 841 4728 ;
855 4660 946 4730 maio·
999 4654 1644 4726 insaecularivitapositushabuististudium,
1654 4656 1823 4727 atejusina·

150 4743 214 4804 ribus
225 4768 307 4824 quam
325 4750 375 4808 alii
387 4750 624 4823 persecutionum
636 4749 888 4820 tentationumque
899 4765 946 4819 pc·
1000 4760 1067 4799 nem
1084 4744 1261 4814 noxiumque
1273 4744 1410 4799 evaderes
1421 4743 1544 4799 lusum?
1554 4745 1628 4808 Quid
1638 4745 1728 4801 etiam
1744 4761 1823 4802 nunc

151 4833 229 4895 riculis
241 4842 381 4898 ulilictum
396 4845 425 4895 te
440 4842 607 4911 l'requenter
632 4838 783 4894 arbitraris
796 4855 803 4907 ;
819 4838 869 4894 sed
884 4837 946 4893 hac
1000 4849 1068 4889 cum
1082 4833 1117 4889 ad
1129 4832 1341 4889 monasterium
1354 4833 1823 4908 venires,jejuoando,vigilando,

152 4921 218 4998 longe
230 4929 308 4988 aliter
322 4946 414 5004 quam
428 4929 483 4985 tibi
497 4930 651 4985 videantur
666 4927 805 4995 invenies,
834 4927 859 4982 si
873 4926 946 4983 veri·
1002 4923 1122 4991 orando,
1139 4939 1191 4978 seu
1206 4923 1237 4977 in
1252 4922 1451 4993 qualicunque
1464 4923 1620 4997 disciplina
1636 4925 1761 4997 regulari
1777 4924 1826 4981 in·

154 5017 223 5073 ittam
245 5020 421 5077 consideres.
452 5017 663 5091 Namquodin
692 5016 947 5090 persecutionibus
1002 5012 1133 5069 sistendo
1149 5011 1826 5086 plusaliislaburas,utetproprasteritiscri-

152 5101 266 5166 violentie
279 5110 413 5166 humana
426 5107 517 5164 illatis
540 5107 581 5162 nil
610 5106 707 5163 simile
735 5105 802 5162 aliis
815 5106 949 5179 pluribus
1003 5101 1134 5157 minibus
1145 5101 1333 5173 consequaris
1347 5103 1460 5158 veniam
1474 5108 1503 5159 et
1531 5105 1566 5159 de
1587 5103 1694 5160 lutaris
1716 5102 1826 5160 habeas

152 5198 292 5268 pertuleris,
303 5201 368 5272 jam
384 5197 457 5253 satis
472 5197 705 5253 demonstratum
729 5201 775 5251 eet
796 5194 948 5267 exemplis.
1004 5189 1174 5246 cautelam?
1189 5190 1319 5263 Denique
1330 5193 1380 5263 qni
1395 5194 1540 5263 preterita
1555 5194 1608 5248 rite
1619 5194 1786 5260 emendare,
1798 5197 1827 5250 et
1896 5248 1914 5281 χ

151 5280 238 5344 Deinde
251 5306 317 5348 vero
332 5291 448 5361 oportet
462 5286 647 5342 considerare
671 5290 816 5357 quantum
840 5284 905 5341 aliis
919 5285 950 5340 in
1005 5281 1104 5336 lutura
1114 5281 1193 5336 mala
1203 5281 1283 5354 eupit
1294 5282 1553 5349 devitare,necesse
1568 5289 1613 5339 est
1623 5282 1694 5339 utin
1705 5283 1825 5357 vigiliis,

151 5371 284 5436 tillictione
299 5379 399 5436 carnis
414 5381 444 5433 et
457 5376 487 5431 in
503 5375 581 5431 omni
598 5380 766 5449 contemptu
781 5375 847 5431 vile
860 5375 951 5447 hujus
1002 5371 1123 5443 jejuniis
1134 5371 1352 5427 etorutionibus
1362 5387 1413 5426 nec
1424 5388 1482 5426 non
1494 5372 1523 5426 in
1537 5370 1603 5428 aliis
1624 5373 1710 5428 bonis
1734 5373 1829 5445 operi·

149 5471 235 5535 sponte
247 5468 451 5526 laborantibus
466 5466 653 5522 succumbas.
670 5465 794 5521 attende
809 5465 907 5536 itaque
921 5465 952 5521 in
1006 5461 1062 5515 bus
1077 5476 1195 5515 carnem
1206 5460 1322 5516 studeat
1332 5461 1478 5519 edomare.
1495 5461 1551 5517 Sed
1567 5468 1665 5518 tamen
1684 5467 1830 5535 quantum

149 5555 211 5611 dnos
224 5558 401 5615 venerandos
411 5556 509 5613 Patres
521 5559 551 5610 ct
561 5553 723 5628 spiritualis
733 5553 797 5610 vitae
809 5554 953 5622 doctores,
1008 5550 1205 5607 conversionis
1217 5551 1328 5606 novitas
1337 5557 1365 5605 et
1375 5549 1484 5608 laboris
1499 5552 1542 5607 tui
1564 5553 1708 5625 permittit
1719 5552 1832 5625 exigui·

148 5650 267 5707 metum
277 5643 577 5716 videlicetbntouium
588 5643 746 5705 asbestum
753 5642 953 5725 benedictum,
1009 5646 1066 5716 tas,
1081 5657 1183 5699 curam
1198 5640 1349 5707 assiduam
1364 5641 1417 5700 tibi
1433 5640 1529 5701 inesse
1552 5659 1605 5723 pro
1624 5642 1672 5701 hia
1690 5633 1834 5724 omuibus
