3892 6096
812 340 927 406 sors.
1388 330 1392 335 ’
1660 340 1720 408 sac

93 481 178 535 utet
193 491 261 534 curn
272 476 362 535 alicui
377 475 624 536 sententieaurss
634 475 698 548 jam
711 475 841 548 prebue-
855 476 883 545 Α
898 478 931 532 ut
944 478 989 543 to,
1005 475 1036 532 in
1051 474 1101 533 Dei
1115 476 1221 535 virtute
1242 480 1272 535 et
1292 476 1440 536 submisse
1462 474 1633 551 conjeram
1647 494 1717 549 nen,

101 583 160 623 non
176 567 234 625 nisi
248 583 315 624 oum
340 567 468 624 maxime
491 565 662 622 difficultate
676 565 712 620 ah
736 580 770 621 ea
795 563 839 620 di·
893 571 926 620 ut
941 565 990 622 ille
1003 566 1128 623 insanus
1143 567 1230 640 paulo
1250 571 1328 635 ante,
1345 567 1441 625 verbis
1467 566 1600 636 tumidis,
1615 567 1717 625 inccn-

95 661 232 729 possunt.
247 657 292 714 Fit
305 657 360 713 hcc
383 655 554 729 presertim,
570 655 640 728 quia
654 655 733 711 dure
748 652 838 712 cervi-
894 655 1039 728 cinnaque
1050 672 1119 712 vccc
1129 656 1302 725 exclamare,
1312 662 1342 714 et
1354 657 1480 730 superba
1491 656 1652 714 etminims
1662 656 1718 715 boo

93 749 154 813 ont,
170 749 199 801 et
214 745 272 802 fere
282 748 412 818 expertes
427 743 561 800 rationis.
893 743 922 799 in
938 743 1002 801 loco
1016 748 1045 801 et
1059 745 1110 801 tali
1126 745 1156 800 in
1178 746 1274 803 officio
1288 746 1479 803 condecentia
1492 746 1631 818 proferre.
1642 744 1716 803 llum

93 835 114 890 f.
130 836 271 890 Ceterum
286 849 352 889 eum
373 833 423 889 diu
448 831 594 902 diabolus,
606 835 639 888 nt
652 830 752 902 exiret,
768 830 838 887 elic·
893 833 1034 905 pmfecto,
1050 834 1080 890 ni
1095 833 1189 903 fallor,
1204 836 1246 891 ita
1266 834 1453 908 castigatum,
1467 834 1509 892 ita
1526 838 1716 893 mansuetum

93 939 170 979 rmve
186 923 382 994 contenderet,
398 923 581 996 fatigaretur,
593 925 621 979 st
636 921 699 994 ipse
713 921 783 978 totis
798 920 838 976 vi·
893 923 1018 995 reddidi,
1034 928 1068 980 ut
1082 925 1203 997 posthac
1228 923 1312 980 facilc
1327 924 1482 996 perspiciet
1498 941 1556 998 qua
1579 941 1646 982 cnm
1668 940 1716 980 re-

93 1027 152 1079 t‚ne
169 1010 341 1077 discederet,
352 1011 484 1082 instaret,
496 1011 615 1067 demnm
629 1010 737 1065 virtute
750 1010 838 1065 Jcan·
891 1012 1022 1069 verentia
1043 1017 1073 1070 st
1097 1013 1236 1085 religione
1258 1012 1357 1069 divina
1380 1015 1479 1069 omnia
1503 1031 1521 1069 a
1542 1011 1717 1071 mortalibus

93 1098 240 1157 ·eatissimi
263 1098 294 1155 in
309 1099 370 1155 hec
384 1100 473 1156 verba
487 1099 621 1173 prorupit
636 1116 643 1155 :
659 1097 838 1154 Contendam
893 1101 1058 1175 peragenda
1068 1100 1137 1157 sint.
1148 1101 1254 1158 (tedam
1266 1100 1368 1174 igitur,
1379 1117 1448 1156 nem
1458 1101 1506 1158 hic
1518 1100 1631 1159 diutius
1640 1118 1716 1172 essa,

94 1188 121 1246 si
130 1204 183 1262 pro
193 1187 274 1244 illius
285 1188 443 1245 Mazzantis
454 1188 553 1245 anima
566 1191 595 1245 et
606 1188 754 1244 orationes
764 1187 840 1242 flunt
893 1191 948 1247 etsi
962 1188 1078 1257 vellem,
1088 1192 1187 1246 umen
1203 1191 1232 1246 S.
1245 1190 1369 1247 loannis
1383 1189 1477 1246 virtus
1492 1189 1636 1263 pmhibct.

93 1291 168 1334 eccs.
184 1276 219 1332 Hi
239 1276 267 1332 id
283 1292 315 1333 se
330 1277 459 1333 facturos
483 1277 604 1333 omnino
627 1281 837 1343 asseverantes,
929 1281 992 1338 190.
1004 1279 1148 1337 Ceterum
1163 1295 1230 1336 cum
1250 1280 1379 1337 maxima
1393 1295 1462 1353 pars
1477 1279 1534 1335 dici
1557 1279 1589 1336 in
1609 1278 1718 1352 hujus·

93 1366 112 1422 it
124 1363 175 1421 ille
186 1382 193 1421 :
206 1365 305 1422 Videte
321 1382 357 1422 ns
373 1366 487 1422 mentiti
510 1365 700 1422 inveniamini
715 1381 723 1412 τ
739 1364 840 1437 pejora
893 1369 972 1426 modi
983 1368 1184 1440 conjuratione
1199 1374 1317 1441 peracta
1329 1369 1437 1443 [essct],
1449 1373 1479 1425 st
1492 1368 1629 1426 sacerdos
1643 1368 1718 1425 nibil

116 1453 249 1527 posthae,
276 1457 333 1510 Deo
356 1453 479 1521 volente,
504 1455 587 1511 vobis
612 1453 750 1510 inferrem
778 1457 838 1509 tor·
893 1459 1034 1532 proficere
1049 1474 1082 1515 se
1095 1457 1271 1531 intelligeret
1281 1456 1466 1530 (quieverbis
1481 1455 1718 1516 discessioadia·

93 1541 161 1614 ι,ιί
176 1556 364 1615 prosecrare
381 1542 477 1599 verbis
488 1541 837 1616 tantumpromittsrstiss
893 1548 960 1604 bolo
970 1547 1165 1618 nuntiaretur,
1172 1550 1309 1603 ceterum
1318 1546 1415 1620 reipsa
1423 1547 1520 1603 acrior
1527 1545 1659 1616 instare),
1666 1562 1717 1620 cp·

93 1634 157 1687 itam
172 1630 239 1702 ipsa
252 1629 351 1698 alieni,
365 1628 399 1687 ac
413 1631 439 1688 si
454 1630 529 1687 nihil
543 1632 579 1689 ad
594 1648 645 1688 vos
669 1631 837 1703 pertineret,
891 1636 999 1693 timum
1015 1637 1093 1693 fretu
1109 1640 1201 1708 ratus,
1217 1637 1246 1692 in
1259 1636 1338 1692 diem
1352 1635 1474 1693 altamm
1489 1638 1636 1693 certamen
1647 1650 1715 1692 cum

93 1718 203 1792 nsiqac
225 1718 441 1777 inveniremini.
461 1719 531 1791 Fiet,
547 1720 606 1788 fiet,
622 1719 720 1791 inquit
743 1734 837 1775 sacer·
892 1723 1009 1782 diabolo
1019 1725 1182 1796 differre,et
1190 1725 1310 1782 interim
1320 1723 1551 1798 supplicationes
1559 1724 1717 1798 prcipaiua

98 1810 129 1865 ct
142 1806 168 1864 si
183 1808 278 1864 ceteri
294 1824 311 1864 a
325 1808 373 1881 pio
388 1824 475 1880 opere
497 1808 683 1876 desisterent,
698 1806 734 1864 do
749 1807 837 1864 tidem
893 1813 1025 1871 mulieris
1045 1812 1141 1870 astute
1160 1830 1177 1870 a
1200 1812 1326 1886 singulis
1352 1812 1507 1872 monachis
1534 1813 1608 1886 fleri,
1620 1813 1717 1872 tristis

93 1899 238 1966 saturum3
253 1899 287 1952 tu
301 1900 416 1953 tantum
427 1897 465 1952 ds
480 1895 577 1953 locum
592 1895 715 1969 Spiritui
724 1899 836 1968 sancto,
891 1902 973 1961 abiit.
988 1906 1028 1959 lio
1043 1903 1185 1976 postridie
1209 1902 1345 1959 monachi
1360 1902 1397 1960 ds
1411 1917 1493 1960 mora
1515 1918 1635 1960 somma
1647 1918 1717 1960 cnm

95 1984 146 2041 iin
161 2000 223 2042 rem
237 1989 330 2042 tuam.
342 1985 394 2042 His
408 1984 509 2054 finitis,
520 1984 598 2041 illico
607 1984 769 2041 terribilem
781 1988 837 2040 tar·
891 1989 1053 2047 reverentia
1066 1988 1138 2046 illnc
1152 1987 1213 2045 bini
1223 1992 1254 2046 et
1267 1989 1329 2045 bini
1340 2005 1407 2046 com
1418 1989 1449 2047 S.
1459 1989 1584 2047 ioannis
1598 1988 1717 2047 brachio

93 2089 183 2146 mque
195 2090 296 2131 vocem
311 2073 424 2130 demon
438 2073 586 2141 emittens,
594 2072 782 2146 puellamque
792 2089 837 2129 se·
892 2083 1008 2148 euntes,
1022 2078 1125 2136 tandiu
1139 2076 1200 2136 illic
1214 2081 1355 2135 canentes
1378 2081 1408 2134 et
1430 2082 1547 2136 orantes
1570 2094 1718 2152 mansere,

93 2163 224 2220 functam
244 2163 304 2219 vita
318 2163 498 2235 relinquens,
510 2177 564 2219 ceu
585 2162 697 2232 fumus,
708 2162 836 2220 evanuit.
892 2168 989 2241 quoad
1004 2166 1150 2234 diabolus,
1165 2167 1246 2224 omni
1267 2165 1376 2223 anxilio
1396 2168 1569 2236 destitutus,
1580 2183 1641 2224 non
1655 2166 1719 2225 sins

95 2251 239 2326 paulatim
255 2250 307 2308 illa
320 2252 397 2309 vires
412 2268 578 2323 resumens,
589 2269 621 2309 re
635 2252 763 2325 cognita,
779 2253 837 2308 ilco
891 2256 1025 2314 mulieris
1049 2255 1225 2313 detrimento
1253 2254 1399 2312 concessit
1426 2272 1484 2328 qno
1510 2255 1620 2329 dignus
1645 2260 1718 2312 crat.

93 2341 197 2399 loanni
209 2340 319 2414 gratias
329 2341 505 2414 agens,leta
514 2357 581 2398 cum
597 2341 660 2398 suis
670 2341 700 2396 in
711 2341 835 2413 patriam
891 2345 996 2402 Mulier
1008 2344 1061 2402 illa
1075 2345 1218 2402 membris
1230 2345 1361 2418 corporis
1374 2348 1471 2416 capta,
1481 2343 1533 2400 diu
1547 2344 1642 2416 ipsius
1657 2343 1720 2400 offl-

93 2436 109 2500 t,
125 2428 232 2487 oblatis
255 2429 402 2503 imprimis
427 2430 608 2502 quibusdam
631 2429 773 2503 pecuniis,
792 2434 836 2498 ut,
891 2434 936 2492 cic
952 2435 1036 2509 fungi
1060 2434 1139 2490 haud
1164 2433 1269 2507 potuit.
1286 2438 1410 2490 Demum
1424 2450 1493 2490 vero
1516 2433 1586 2490 Jesu
1610 2432 1719 2489 Christi

93 2519 275 2586 comiserunt,
286 2534 338 2591 pro
354 2519 467 2591 praefati
481 2519 638 2576 Mazzantis
653 2519 753 2576 anima
767 2519 837 2576 Mis·
891 2523 996 2596 gratia,
1007 2528 1037 2579 et
1050 2524 1082 2579 Β.
1100 2523 1197 2579 Marias
1218 2527 1249 2578 et
1268 2522 1298 2577 S.
1313 2521 1437 2579 loannis
1460 2521 1597 2594 precibus
1611 2521 1642 2577 in
1657 2521 1717 2594 pri-

93 2608 251 2683 regcriana
266 2608 297 2664 in
312 2609 488 2665 monasterio
501 2607 728 2665 celebrarentur.
891 2611 1023 2668 stitinam
1046 2610 1171 2685 gratiam
1195 2610 1342 2679 restituta,
1358 2607 1428 2667 felir
1452 2613 1482 2667 et
1504 2607 1718 2666 valetudinaria

93 2703 107 2752 t.
123 2697 165 2754 ite
178 2701 320 2754 senarum
341 2697 475 2770 partibus
500 2697 609 2755 mulier
631 2697 667 2755 ad
692 2697 836 2754 Silianis
891 2700 996 2758 dslnde
1010 2700 1101 2758 sitam
1115 2699 1208 2757 duxit.

93 2785 141 2843 dle
155 2785 300 2844 Umbrcsa
314 2787 526 2844 monasterinm
541 2787 630 2843 docta
643 2789 703 2855 est;
719 2785 766 2843 cui
782 2785 837 2842 de.
1217 2788 1310 2859 PARS
1328 2787 1387 2845 XV.

93 2868 167 2948 ‚qui
177 2891 242 2932 cam
254 2875 410 2942 invaserat,
422 2876 494 2931 dum
505 2874 633 2932 domnus
646 2873 834 2946 Benedictus,
927 2878 1174 2935 teterrimum
1189 2877 1278 2934 etiam
1292 2878 1384 2950 hujus
1403 2875 1585 2946 monasterii,
1600 2875 1647 2932 cui
1661 2893 1716 2933 nc·

93 2968 178 3021 cetea
199 2964 230 3020 S.
243 2964 339 3020 llaria
354 2964 390 3020 de
404 2967 501 3020 Cuneo
517 2965 694 3020 monasterio
709 2962 835 3036 prefuit,
891 2984 958 3024 men
973 2966 1146 3035 ethaulo,
1158 2967 1221 3040 qui,
1232 2966 1287 3023 etsi
1297 2966 1328 3023 in
1339 2966 1487 3039 decrepita
1497 2965 1715 3040 positnsetate,

104 3068 160 3110 ano
174 3056 282 3109 tamem
298 3056 327 3108 st
345 3052 561 3110 inconsiderate
582 3052 795 3110 contumeliosa
807 3056 838 3108 ct
889 3056 961 3111 vivit
973 3059 1071 3112 umen
1082 3056 1190 3125 adbuc,
1203 3055 1328 3125 demon,
1340 3059 1373 3111 ut
1388 3055 1465 3112 infra
1479 3071 1533 3112 suc
1545 3054 1717 3112 ostendetur

95 3141 148 3198 tiis
172 3140 260 3214 plena
280 3142 370 3198 verbs
392 3143 474 3198 daret
487 3142 541 3214 (ita
559 3146 593 3198 ut
614 3142 789 3214 quandoque
802 3142 835 3196 llt
892 3143 1004 3208 ordine,
1012 3159 1188 3216 magnopere
1199 3143 1405 3216 perterrefecit.
1414 3143 1465 3201 ilic
1474 3145 1554 3201 enim
1564 3141 1715 3200 nonnullis

93 3227 218 3303 aperitis,
230 3230 301 3285 dum
322 3230 378 3302 ipsi
404 3231 552 3287 demones
576 3229 746 3303 interrogati
771 3212 871 3286 mcc
890 3231 1019 3306 quodam
1033 3231 1147 3304 vesperi
1162 3234 1298 3288 detentus
1311 3231 1656 3305 negotiis,dormitcrium
1666 3247 1716 3287 sx-

93 3317 205 3391 lcngam
220 3317 251 3373 in
266 3320 472 3392 respondendo
483 3319 616 3389 faciunt),
628 3318 693 3387 hcc,
703 3317 838 3374 videlieet
890 3324 937 3376 tra
953 3321 1017 3377 sins
1030 3318 1195 3392 Superioris
1211 3318 1258 3374 sui
1283 3317 1424 3376 missione
1438 3318 1589 3392 quiescere
1612 3334 1715 3386 ausus,

93 3404 127 3461 ibi
141 3404 251 3463 insulse
266 3410 296 3463 et
316 3406 415 3480 inepte
436 3412 465 3463 et
488 3406 643 3464 temerarie
658 3408 836 3480 conjuratio·
891 3425 958 3465 cum
971 3409 1034 3480 jam
1050 3407 1086 3464 ad
1102 3406 1131 3463 id
1147 3411 1225 3463 esset
1239 3406 1293 3479 [ut]
1308 3405 1405 3462 cubile
1424 3406 1629 3480 ingrederetur
1637 3406 1717 3478 (hor-

94 3496 124 3550 et
135 3495 389 3568 exprobrationem
409 3496 483 3568 fieri,
494 3497 608 3554 demon
626 3497 778 3570 egerrime
795 3497 837 3553 fe·
892 3512 973 3553 resec
996 3495 1149 3567 referens),
1163 3494 1221 3552 sibi
1236 3495 1340 3551 adesse
1365 3493 1503 3552 umbram
1526 3492 1657 3552 bominis
1671 3498 1717 3551 te·

102 3582 221 3640 tandem
237 3584 319 3641 vultu
332 3586 408 3642 truci
423 3585 622 3658 terribilisque
636 3584 747 3643 occulis
761 3602 792 3642 ss
806 3584 837 3642 in
890 3584 1004 3643 terrimi
1014 3584 1111 3641 visum
1126 3586 1184 3652 est;
1201 3583 1260 3653 cui,
1275 3588 1309 3640 ut
1322 3582 1429 3641 referre
1442 3582 1549 3641 solitus
1563 3586 1636 3654 erat,
1652 3586 1716 3641 tru-

97 3673 288 3730 Bcnsdictnm
313 3679 495 3743 convertens,
520 3675 618 3747 inquit
633 3693 639 3732 :
656 3675 679 3732 0
703 3675 836 3732 omnium
891 3690 939 3731 ces
953 3673 1040 3742 oculi,
1057 3690 1090 3730 cs
1103 3672 1298 3746 ignivomum,
1315 3688 1401 3729 nares
1424 3671 1526 3745 hiulci,
1542 3672 1635 3730 barba
1648 3688 1717 3746 pro·

93 3760 223 3819 roborum
234 3763 380 3836 pestifere,
389 3764 581 3838 omniumque
593 3763 753 3822 stultorum
764 3762 837 3821 stul·
891 3763 994 3835 misas,
1009 3768 1039 3819 et
1052 3760 1082 3819 in
1098 3778 1210 3818 morem
1225 3760 1300 3819 birci
1314 3759 1435 3830 inculte,
1447 3761 1639 3818 efferaverant
1652 3777 1716 3835 spe·

93 3851 217 3916 nc.0uid
233 3852 287 3907 tibi
301 3853 590 3920 vistQuorsumnam
607 3853 669 3910 bec
682 3858 735 3909 tua
749 3852 836 3909 fatui·
890 3854 964 3910 ciem
984 3852 1054 3909 cris.
1066 3854 1129 3918 Qua
1151 3850 1271 3908 insolita
1283 3850 1396 3907 visione
1417 3850 1530 3924 ingenti
1553 3853 1635 3907 metu
1649 3865 1714 3907 ccr-

93 3937 136 3995 lde
149 3955 254 4012 parum
279 3941 460 3999 considerate
476 3942 587 4015 absque
611 3941 673 3998 ulla
688 3941 835 4014 supplica·
889 3948 1001 4015 reptus,
1014 3944 1044 3999 ct
1059 3942 1130 3998 adeo
1145 3939 1284 3997 omnibus
1297 3938 1427 4012 corporis
1441 3939 1584 3997 membris
1597 3943 1713 4013 ceptus,

92 4044 168 4100 ,seu
192 4029 345 4086 devotione
366 4046 498 4105 arguere,
514 4031 659 4103 corripere
681 4034 711 4086 et
733 4031 835 4102 conju·
890 4032 944 4105 [ul]
960 4046 1012 4088 nec
1026 4029 1259 4087 Christianorum
1279 4045 1361 4085 mors
1375 4028 1460 4102 signo
1474 4027 1571 4085 crucis
1586 4029 1715 4087 sanctis·

93 4117 219 4174 rudcasi
232 4119 372 4192 Agiturne
387 4119 470 4191 sic,o
486 4119 618 4176 omnium
634 4119 834 4187 insanissime,
889 4122 970 4179 sime
981 4135 1013 4178 se
1024 4119 1141 4176 munire
1150 4117 1361 4192 possettlnidi
1371 4116 1449 4191 quod
1462 4133 1516 4174 nec
1528 4115 1632 4190 lingua
1641 4114 1714 4175 satis

92 4204 186 4262 radam
199 4222 265 4263 cum
277 4206 416 4281 religione
425 4206 715 4280 ettimcre‘lsbiquo
726 4208 835 4282 dignus
889 4226 978 4268 suum
990 4208 1120 4265 cilicium
1136 4212 1245 4282 ageret.
1259 4207 1349 4264 Miser
1361 4206 1462 4279 itaque
1473 4205 1522 4262 ille
1532 4205 1623 4279 [cnm]
1632 4208 1714 4262 tanto

93 4309 101 4348 ι
115 4309 233 4351 crucem
249 4299 329 4352 tuem
346 4300 376 4351 et
389 4312 495 4370 pucros
505 4302 656 4354 cernentes
671 4297 833 4369 prostitue:
888 4299 1000 4371 talique
1012 4298 1042 4353 in
1057 4297 1228 4354 discrimine
1247 4295 1388 4368 corporis,
1398 4299 1428 4352 et
1441 4294 1521 4368 quod
1534 4295 1631 4368 pejus,
1650 4294 1714 4351 ani·

96 4384 149 4438 tna
172 4383 258 4439 solita
282 4384 469 4459 improbitate
493 4385 653 4459 perrexeris
675 4385 837 4444 sceleratis·
891 4404 944 4445 me
960 4386 1154 4461 positusqne
1169 4402 1201 4442 se
1224 4389 1357 4452 verteret,
1378 4399 1464 4457 quem
1489 4383 1520 4440 in
1542 4383 1588 4440 sui
1613 4383 1716 4456 presi·

93 4511 98 4538 ‚
114 4472 166 4525 tna
188 4486 286 4527 coram
302 4473 440 4530 omnibus
456 4474 583 4546 pandam
598 4473 687 4530 vitia:
704 4475 835 4531 nondum
889 4476 972 4532 dium
987 4476 1145 4546 invocaret,
1160 4473 1297 4540 nesciret,
1309 4477 1338 4529 et
1347 4473 1474 4544 jamjam
1489 4471 1602 4527 demon
1622 4470 1714 4527 lectu·

93 4576 108 4628 ι,
119 4557 216 4631 qualis
230 4559 298 4632 sim,
314 4561 454 4633 pernosti.
850 4579 873 4645 1)
889 4565 963 4635 lum,
977 4568 1134 4622 tartaream
1150 4564 1300 4618 flammam
1313 4576 1461 4628 evomens,
1473 4563 1595 4631 teneret,
1609 4562 1714 4615 treme

93 4649 110 4703 t.
122 4646 297 4704 Benedictus
311 4649 402 4722 igitur
414 4649 463 4706 ille
483 4651 655 4720 monachus,
669 4667 757 4724 quem
772 4669 834 4709 ma·
890 4655 1010 4710 bundas
1024 4658 1053 4709 et
1067 4651 1233 4725 lacrymans
1246 4652 1307 4706 tcto
1322 4649 1419 4717 corde,
1434 4647 1504 4720 quia
1518 4646 1621 4720 lingua
1634 4646 1713 4703 haud

93 4739 835 4815 nrerumconscientiafcrteinstigabat,nooparvo
890 4746 1000 4817 posset,
1025 4757 1089 4798 sese
1113 4739 1245 4812 gloriose
1271 4737 1401 4809 Virginis
1428 4735 1536 4804 Marte,
1552 4739 1715 4807 sanctoque

93 4840 120 4880 re
139 4831 300 4898 correptus,
311 4827 420 4885 veritu‘s
443 4830 552 4901 pejora,
576 4829 602 4885 si
629 4834 772 4902 pergeret,
799 4831 835 4886 ti·
888 4830 992 4888 loanni
1007 4827 1228 4895 commendans,
1244 4825 1370 4882 salutem
1385 4841 1470 4882 suam
1484 4824 1516 4881 in
1530 4839 1633 4882 corum
1647 4840 1713 4881 rna·

93 4932 107 4987 r,
118 4930 227 4987 pavens
240 4915 270 4971 in
286 4917 496 4974 monasterium
507 4918 661 4976 concessit.
672 4920 724 4976 Cui
739 4918 835 4976 officio
890 4938 930 4977 nu
947 4918 1075 4987 tradens,
1093 4920 1207 4975 unium
1223 4919 1348 4972 mortem
1369 4913 1713 4989 eternosquecruoiatus

93 5003 186 5075 rebus,
199 5006 249 5079 qui
264 5008 449 5077 succedebat,
461 5007 582 5081 hisque
592 5010 705 5067 demon
721 5011 752 5066 in
767 5025 834 5066 eum
889 5009 993 5068 evadat
1006 5023 1099 5066 crare.
1140 5016 1146 5033 '

93 5093 205 5152 dixerat
214 5097 350 5170 cognitis,
363 5097 473 5154 seelera
482 5115 536 5155 sua
547 5098 695 5170 imprimis
705 5098 788 5156 elteri
802 5116 837 5156 ex
926 5099 988 5154 192.
1004 5097 1127 5153 Demum
1140 5095 1265 5167 demon,
1275 5111 1343 5151 cum
1354 5109 1450 5167 neque
1460 5092 1537 5167 quod
1549 5092 1715 5150 intenderet

93 5183 216 5241 dotibus
231 5186 495 5244 monaehisdevcte
504 5188 648 5260 aperiens,
657 5193 686 5245 et
695 5195 836 5261 actaque
891 5187 1005 5244 efficere
1031 5190 1140 5259 posset,
1162 5184 1233 5257 quia
1255 5183 1378 5240 loannis
1401 5180 1583 5241 sanctissimi
1605 5181 1714 5240 virtuts

95 5273 219 5344 njuncta
242 5276 346 5348 fuerat,
363 5276 701 5348 paenitentia,illuc,uhi
723 5278 836 5333 demon
892 5278 1076 5349 frangeretur
1097 5275 1177 5346 (nam
1207 5272 1384 5330 monachum
1408 5272 1493 5329 illum
1517 5288 1548 5329 se
1571 5270 1715 5329 suffocare
1824 5269 1829 5279 '

99 5364 273 5435 concedens,
285 5363 407 5422 dimisso
422 5365 504 5422 vultu
516 5370 544 5421 et
558 5382 626 5422 voce
635 5366 772 5439 supplici,
784 5366 838 5422 de·
893 5363 1051 5435 [voluisse],
1062 5363 1125 5436 ipse
1140 5364 1254 5420 demon
1270 5366 1370 5436 postea
1380 5361 1475 5434 primo
1488 5376 1584 5429 mane,
1594 5359 1645 5417 ubi
1657 5360 1715 5418 huc

96 5456 149 5521 ,ut
164 5453 263 5521 exiret,
276 5455 305 5510 in
317 5455 436 5512 nomine
447 5455 564 5510 Domini
576 5455 657 5526 Jasu,
668 5454 837 5527 etglortosae
892 5453 1053 5523 contendit,
1069 5451 1176 5508 referre
1191 5451 1296 5507 solitus
1312 5451 1395 5523 eret),
1412 5466 1446 5506 eo
1464 5449 1615 5524 egerrime
1628 5449 1658 5505 id
1674 5450 1715 5506 fe-

93 5557 189 5613 ·crquc
203 5542 333 5615 Virginis
357 5544 454 5600 Mariae
470 5543 594 5611 meritis,
607 5548 636 5599 et
659 5544 688 5600 S.
704 5544 837 5611 loannis,
893 5560 971 5612 rens,
988 5541 1114 5598 fulcrum
1129 5540 1229 5597 lectuli
1247 5540 1291 5596 ira
1312 5540 1484 5610 concitatus,
1500 5556 1552 5613 per
1566 5539 1717 5612 pavimen·

94 5645 170 5686 roro.
186 5630 237 5686 cui
259 5631 372 5688 demon
391 5651 398 5689 ε
416 5632 495 5689 istud
519 5635 564 5688 est
584 5648 700 5706 sapere;
717 5633 758 5690 ite
773 5650 837 5703 uos,
894 5637 956 5690 tum
974 5631 1056 5706 prius
1071 5631 1203 5702 trahens,
1218 5630 1249 5687 in
1264 5645 1326 5687 rem
1342 5628 1450 5688 malam
1465 5628 1543 5687 male
1557 5629 1639 5686 olens
1649 5641 1717 5682 con·
