3892 6096
77 329 141 393 {25
571 328 727 393 blacos.
751 329 801 392 Dll
822 329 967 395 'celsus
989 328 1305 403 QUAEsrlortlnus.
1735 336 1793 402 ise

78 459 180 538 primi,
196 460 277 519 nullo
293 458 363 537 galli
373 465 461 518 cantu
472 465 524 519 aut
534 463 687 522 familiaris
698 481 772 520 cure
783 463 907 536 strepitu
921 464 949 531 Α
963 479 996 520 eo
1012 463 1062 536 qui
1078 470 1267 538 prosperatur
1283 467 1312 521 in
1327 466 1373 524 via
1388 484 1451 539 sua,
1476 467 1506 525 in
1535 468 1655 526 homine
1669 470 1794 530 faciente

76 551 217 618 excitati,
245 550 329 606 itaet
352 550 382 606 in
399 549 494 623 prima
510 550 613 608 mundi
624 556 706 609 atate
721 569 823 609 omnes
834 568 908 625 pene
962 552 1135 624 injustitias.
1154 553 1241 626 (Prot.
1259 557 1364 628 xxrvr).
1382 556 1573 630 Disciplinam
1589 559 1717 631 Domini,
1741 559 1794 615 lllli

75 639 910 716 temporaliumbonorumcamaliumquevoluptatumtor
964 643 1015 708 mi,
1031 659 1068 699 ne
1082 643 1215 715 abjicias,
1232 661 1285 701 nec
1301 645 1419 702 delicias
1434 663 1501 702 cum
1527 650 1563 704 ab
1586 666 1619 704 eo
1650 650 1793 724 argueris.

74 729 293 806 porejaoebant
303 728 444 801 depressi,
463 729 543 788 nullo
552 731 675 802 spiritali
685 731 761 804 gallo
783 731 826 788 rel
839 748 910 788 cura
964 733 1055 797 Quem
1071 732 1151 788 enim
1167 733 1274 806 diligit,
1292 733 1433 791 Dominus
1449 737 1569 809 corripit
1584 738 1682 808 (Hebr.
1703 739 1754 812 ιι),
1765 743 1795 796 et

77 818 219 894 parennis
232 816 420 874 vitnabboc
432 816 534 875 lethali
550 836 653 877 somno
669 822 803 878 revocati.
825 821 906 887 Quod
964 821 1048 893 quasi
1077 827 1159 895 pater
1188 822 1218 878 in
1244 823 1303 879 lilio
1329 824 1570 898 complacetsibi.
1593 828 1794 903 Quodcunque

78 907 193 967 scilicet
207 907 250 964 lta
264 922 328 964 esse
339 906 524 978 apertissime
535 909 686 982 Scriptura
694 926 776 966 sarra
785 912 909 966 testante
965 926 1071 967 manus
1099 915 1151 968 tua
1166 917 1262 986 potest
1277 914 1381 981 lacere,
1398 917 1544 970 instanter
1558 932 1677 987 operare
1690 935 1696 984 ;
1722 918 1793 990 quia

80 997 243 1071 probatum
260 1012 336 1068 qua,
351 995 479 1069 exceptis
492 1001 557 1053 octo
572 997 861 1067 bominibus,omnes
878 998 909 1054 in
964 1015 1017 1056 nec
1045 1017 1129 1074 opus,
1155 1018 1208 1058 nec
1228 1003 1313 1071 ratio,
1325 1019 1378 1059 nec
1389 1003 1512 1060 scientia
1526 1009 1614 1061 erunt
1626 1006 1704 1078 apud
1720 1006 1794 1064 inle-

79 1091 214 1161 tempore
227 1083 289 1154 illo,
303 1084 412 1142 diluvio
424 1085 587 1143 inundante
610 1092 711 1144 narret
739 1088 908 1145 exstinctos.
964 1105 1023 1156 ros,
1039 1105 1097 1160 quo
1112 1094 1144 1146 tu
1155 1107 1304 1164 properas.
1321 1092 1467 1149 Memento
1482 1094 1625 1150 creatoris
1639 1094 1683 1151 tui
1695 1094 1725 1149 in
1736 1094 1797 1152 die·

81 1177 116 1233 ln
137 1181 239 1232 tenera
262 1173 353 1231 etiam
383 1179 468 1232 atate
490 1175 534 1231 vel
561 1177 748 1234 conversione
769 1176 908 1246 bominis,
964 1177 1192 1250 husjuventutis
1209 1186 1265 1236 ture
1281 1181 1380 1252 (Erote.
1394 1183 1457 1254 xri),
1469 1186 1497 1238 et
1513 1199 1549 1239 ne
1559 1183 1656 1240 tardes
1666 1184 1795 1241 converti

83 1264 213 1322 necdum
222 1263 633 1338 oapaoitasrationis,necdum
643 1265 745 1340 vigilat
755 1282 837 1323 amor
847 1265 911 1322 vita
965 1267 1001 1321 ad
1017 1267 1171 1324 dominum
1186 1270 1281 1341 (dccli.
1298 1271 1336 1341 v).
1352 1271 1420 1334 Qun
1439 1271 1518 1327 enim
1534 1289 1551 1327 a
1561 1273 1716 1344 Juventute
1744 1277 1797 1329 tua

82 1353 264 1428 spiritualis,·
279 1353 330 1410 sed
347 1353 584 1411 imminetadbuo
595 1371 720 1411 somnus
732 1356 851 1428 quidem
868 1355 911 1411 ni·
965 1373 1024 1412 nou
1039 1373 1209 1432 congregas,
1221 1361 1368 1432 quomodo
1390 1361 1503 1417 invenis
1526 1378 1560 1417 ea
1585 1362 1616 1418 in
1645 1366 1796 1420 senectute

80 1443 150 1501 misr
162 1442 328 1516 fragilitatis
342 1446 371 1499 et
385 1443 507 1499 allectus
522 1444 680 1500 secularis.
696 1444 816 1511 Deinde,
835 1445 912 1501 sicut
965 1445 1040 1501 tuat
1055 1445 1108 1501 Fili
1125 1446 1176 1514 mi,
1193 1448 1335 1503 accedens
1351 1448 1387 1502 ad
1399 1447 1568 1505 servitutem
1583 1449 1645 1521 Dei,
1662 1454 1708 1505 sta
1723 1449 1797 1504 inti-

80 1531 911 1606 noctemedisappropinquantsgallicautusaliquosex·
966 1550 1047 1591 mora
1075 1540 1103 1591 et
1122 1536 1249 1607 justitia,
1279 1541 1307 1593 et
1331 1554 1401 1610 para
1416 1536 1545 1594 animam
1560 1542 1642 1594 tuam
1658 1539 1796 1594 adtenta·

77 1622 149 1680 citat
173 1624 204 1678 et
232 1621 269 1678 ad
298 1622 413 1695 negotia
437 1621 526 1693 hujus
541 1622 605 1678 vite
621 1623 786 1680 necessaria
800 1623 913 1696 agenda
965 1622 1075 1680 tionem
1090 1624 1176 1696 (dccli
1190 1626 1233 1696 ιι).
1253 1648 1263 1674 ι

78 1713 227 1786 provocat,
256 1709 298 1766 ita
324 1709 414 1767 etiam
437 1710 469 1767 in
484 1709 577 1767 estatis
589 1711 744 1768 mundana
760 1728 910 1784 processu.
1003 1714 1076 1769 ltem
1088 1713 1223 1786 pluribus
1234 1715 1400 1771 dicendum.
1411 1739 1424 1766 «
1437 1717 1558 1773 Gustata
1572 1720 1601 1773 et
1613 1717 1708 1774 videte
1723 1733 1796 1790 quo·

78 1798 252 1874 patriarche
267 1799 363 1856 sancti
378 1799 530 1872 preceptis
540 1800 649 1856 divinis
659 1801 810 1869 instructi,
823 1799 911 1872 pluri·
970 1801 1050 1858 niam
1065 1803 1163 1859 suavis
1178 1807 1223 1858 est
1238 1804 1389 1860 Dominus.
1406 1805 1511 1860 Beatus
1526 1805 1569 1860 vir
1586 1805 1636 1879 qui
1650 1806 1754 1877 tsperat
1765 1805 1796 1861 in

78 1887 382 1947 mosmortalesmore
396 1887 542 1962 gallorum
557 1895 708 1962 caeperunt
723 1891 917 1959 excitare,ob-
971 1907 1004 1948 eo
1032 1891 1121 1964 (Prct.
1137 1893 1247 1964 xxxur).
1274 1893 1368 1951 Nolite
1388 1893 1471 1966 pueri
1488 1892 1563 1949 effici
1582 1894 1729 1962 sensibus,
1746 1894 1796 1950 sed

81 1977 320 2050 semtionssque
347 1977 443 2035 varias
467 1978 632 2046 instituere,
655 1975 719 2051 q‘uae
736 1983 797 2035 tam
810 1979 916 2035 anima
971 1979 1083 2037 malitia
1093 1980 1207 2054 parvuli
1218 1985 1322 2037 estote.
1334 1981 1499 2039 sicutenim
1512 1982 1686 2039 exhibuistis
1701 1999 1797 2040 mem-

80 2084 170 2142 quarn
185 2067 302 2141 corpori
318 2067 434 2124 fuerant
449 2066 614 2124 necessaria
627 2067 753 2125 .Similia
766 2069 803 2125 de
825 2067 917 2126 homi·
970 2067 1023 2125 bra
1037 2073 1134 2126 vestra
1148 2071 1256 2126 servire
1266 2070 1460 2127 immunditie
1475 2075 1504 2127 et
1515 2071 1664 2145 iniquitati
1680 2072 1717 2127 ad
1739 2070 1797 2127 ini·

79 2156 127 2215 nis
136 2160 220 2214 atate
227 2155 272 2213 vel
281 2157 470 2213 conversione
478 2157 647 2230 proliciente
679 2160 816 2214 coustant
833 2158 917 2215 intel·
971 2157 1132 2231 quitatem;
1149 2159 1279 2215 itauunc
1295 2158 1797 2217 exbibetemembravestraservira

76 2246 208 2320 ligenda.
224 2245 307 2302 Tunc
322 2243 401 2301 enim
410 2244 545 2302 rationali
556 2246 626 2318 [cod.
638 2247 721 2303 Grac.
735 2246 915 2320 rationabili]
965 2247 1088 2320 iustitias
1112 2247 1142 2303 in
1169 2249 1441 2305 sanctificationem.
1456 2247 1551 2305 Nolite
1562 2250 1721 2321 prudentes
1731 2265 1797 2306 essa

80 2340 112 2393 at
126 2333 271 2408 spirituali
286 2334 476 2406 sensu,quasi
488 2334 615 2407 quodam
626 2334 793 2408 gallicantu
806 2336 915 2392 excita·
969 2337 1046 2409 apud
1062 2337 1268 2410 vosmetipsos,
1279 2337 1352 2393 nulli
1364 2337 1476 2394 malum
1486 2355 1538 2410 pro
1551 2338 1627 2394 melo
1638 2339 1807 2395 reddentes.

77 2429 140 2495 tus,
158 2422 260 2496 incipit
273 2423 353 2479 inter
363 2424 476 2480 bonum
492 2427 522 2480 et
533 2422 646 2480 malum
658 2423 834 2494 discernere,
846 2430 875 2480 et
885 2425 915 2481 in
969 2427 1056 2498 (Rom.
1072 2429 1135 2495 ιιι),
1151 2423 1180 2482 'et
1194 2427 1399 2482 carniacuram
1409 2443 1444 2484 ne
1453 2426 1580 2483 feceritis
1590 2427 1620 2483 in
1631 2427 1798 2485 desideriis.

74 2513 180 2587 quavis
194 2511 353 2586 disciplina
373 2513 526 2585 proficere.
970 2514 1198 2571 Stabilesestote
1210 2520 1239 2571 et
1253 2514 1430 2582 immobiles,
1447 2517 1631 2572 abundantes
1649 2515 1679 2571 in
1708 2532 1795 2588 opere

110 2606 182 2660 Post
197 2602 260 2659 baec
274 2618 343 2659 rero
356 2618 464 2659 aurora
472 2601 688 2676 propinquante
698 2603 793 2676 magis
809 2603 916 2675 magis·
968 2603 1087 2661 Domini
1102 2621 1227 2677 semper,
1244 2604 1370 2661 scientes
1381 2604 1450 2677 quia
1462 2603 1546 2661 labor
1560 2612 1654 2662 vester
1666 2622 1725 2662 non
1753 2608 1800 2661 est

76 2708 134 2766 que
145 2691 306 2767 gaDiorum
321 2695 428 2748 cantus
444 2691 519 2749 solet
538 2696 769 2765 perstrepsrs,et
783 2692 914 2750 excussis
968 2693 1067 2751 inanis
1078 2693 1108 2750 in
1125 2693 1246 2752 Domino
1263 2695 1285 2766 (l
1296 2696 1358 2752 Gor.
1376 2695 1432 2765 ιν).
1449 2694 1584 2766 Vigilate,
1608 2700 1638 2751 et
1665 2698 1739 2751 state
1764 2694 1796 2751 in

76 2781 186 2855 sapius
210 2780 316 2855 pennis
350 2781 422 2838 adeo
451 2780 638 2850 insolescere,
667 2784 710 2851 ut,
730 2781 756 2837 si
767 2782 853 2853 juxta
864 2798 914 2839 eos
968 2782 1185 2852 ilde3viriliter
1199 2783 1285 2856 agite,
1302 2788 1331 2839 et
1346 2783 1571 2840 confortamini:
1587 2783 1686 2840 omnia
1703 2788 1801 2841 vestra

80 2871 168 2946 positi
184 2871 282 2928 adhm
296 2868 421 2927 forsitan
429 2870 583 2943 quiescere
592 2870 694 2939 velint,
704 2870 752 2927 vix
761 2871 913 2944 erimpor·
967 2871 997 2927 in
1013 2871 1154 2929 charitate
1170 2873 1243 2929 fiant
1259 2873 1280 2944 (l
1296 2875 1361 2930 Gor.
1377 2874 1445 2945 ιιι).
1462 2873 1665 2930 Humiliamini
1682 2874 1738 2930 sub
1751 2889 1800 2946 po·

80 2960 162 3018 tuuis
176 2959 297 3016 illorum
311 2958 450 3016 cantibus
464 2959 590 3032 possint.
599 2959 807 3028 Sionimirum,
816 2959 857 3017 sic
866 2961 915 3017 ad·
967 2961 1040 3017 tenti
1055 2978 1146 3018 manu
1160 2961 1222 3033 Dei,
1234 2966 1267 3019 ut
1281 2979 1332 3020 vos
1347 2961 1454 3019 exaltet
1467 2962 1496 3018 in
1512 2967 1642 3035 tempore
1657 2961 1798 3020 visitatio·

78 3054 169 3107 ventu
183 3046 345 3105 Salvatoris
355 3048 460 3120 nostri,
477 3048 548 3106 solis
565 3047 702 3105 videlicet
719 3049 832 3117 aterni,
862 3065 913 3122 ap·
967 3049 1033 3106 nis:
1051 3067 1169 3108 ornnem
1184 3050 1413 3108 sollicitudinem
1428 3057 1555 3108 vestram
1570 3052 1755 3125 projicientes
1765 3051 1796 3108 in

80 3139 310 3213 propinquante,
339 3135 469 3210 plurima
492 3137 702 3210 prophetarum
718 3139 863 3211 preconia
877 3156 912 3197 ac
968 3155 1048 3208 eum,
1064 3140 1204 3211 quoniam
1216 3141 1272 3213 ipsi
1284 3157 1355 3196 cura
1369 3145 1415 3197 est
1430 3141 1465 3196 de
1479 3141 1562 3196 vobis
1577 3141 1601 3212 (l
1613 3146 1686 3196 Patr.
1704 3143 1742 3214 v).

78 3228 256 3285 documenta
271 3227 503 3300 perstrepebant,
520 3231 550 3283 et
561 3243 663 3284 omnes
679 3243 781 3284 secum
793 3245 912 3285 conver·
927 3209 949 3278 C
1003 3231 1152 3300 Cumergo
1178 3228 1264 3284 biset
1274 3228 1552 3300 hujusmodiverbis
1563 3229 1664 3283 doctor
1674 3226 1798 3299 quilibet

75 3320 179 3376 santes
194 3317 234 3373 ad
249 3315 467 3390 exsurgendum
483 3317 693 3373 emendatione
708 3333 824 3374 morum
839 3317 916 3374 exci-
935 3335 937 3338 ·
970 3316 1123 3373 studiosus
1136 3317 1285 3373 auditores
1301 3333 1371 3372 suos
1386 3317 1554 3388 frequenter
1569 3315 1717 3383 admonet,
1727 3316 1798 3388 quid

73 3409 186 3473 tantos,
216 3407 376 3460 venturum
398 3405 490 3462 totius
518 3405 636 3478 pietatis
656 3409 685 3462 et
695 3406 819 3479 justitias
837 3406 915 3463 diem
971 3405 1029 3462 nisi
1043 3405 1111 3478 galli
1129 3404 1260 3461 officium
1271 3403 1385 3476 implet,
1397 3403 1578 3460 annuntians
1588 3402 1630 3459 eis
1639 3402 1716 3458 viam
1726 3405 1800 3460 veri·

73 3491 331 3569 praenuntiabant.
360 3493 487 3559 Duorum
517 3511 594 3551 unus
606 3493 694 3552 dixit:
711 3500 816 3552 Parate
838 3497 917 3553 viam
970 3493 1041 3551 tatis
1056 3493 1195 3552 etlumen
1211 3492 1310 3566 gratiae
1326 3491 1715 3566 spiritualis‘lNamquanto
1731 3491 1799 3566 plus

75 3582 202 3652 mini,
218 3584 310 3639 rectas
319 3582 403 3653 tacite
415 3585 528 3640 semitm
542 3586 595 3641 Dei
609 3587 720 3642 nostri:
735 3583 916 3658 quiareoctc-
970 3599 1020 3640 eos
1036 3584 1072 3640 ad
1086 3583 1228 3639 virtutum
1243 3582 1343 3638 studia
1354 3581 1469 3654 excitat,
1484 3585 1566 3638 tanto
1577 3581 1697 3654 propius
1706 3581 1800 3638 sancti

80 3672 530 3746 murmuratricem).
546 3674 582 3729 llt
606 3678 674 3746 post
697 3691 791 3747 pauca
815 3675 915 3733 idem:
969 3671 1095 3745 Spiritus
1111 3672 1236 3745 gratiam
1251 3671 1332 3728 omni
1344 3672 1390 3728 die
1405 3669 1556 3728 clariorem
1576 3670 1633 3727 sibi
1657 3671 1799 3727 adventu·
1898 3730 1901 3737 ,

79 3762 156 3828 dccc,
172 3760 282 3834 inquit,
298 3761 430 3818 Demetros
443 3763 517 3819 Deua
531 3771 622 3820 noster
636 3765 667 3819 ic
682 3763 849 3835 lenitudine
872 3780 916 3821 ve·
971 3778 1034 3818 ram
1049 3762 1216 3818 denuntiet.
1234 3763 1276 3817 Ad
1292 3765 1458 3819 extremum
1472 3777 1548 3829 vero,
1565 3759 1641 3816 sicut
1650 3764 1712 3816 orto
1727 3759 1799 3829 sole,

80 3849 139 3905 stet
152 3856 180 3905 et
193 3847 341 3905 bruchium
354 3848 415 3920 ejus
428 3849 730 3924 dominabiturdbidl.
756 3851 836 3909 Idem
866 3856 917 3924 qui
971 3849 1801 3923 omnismundusilluminatur‚etumbraomniselluga·

80 3935 367 4009 suprazspredr'etcr
379 3938 606 4008 vircherots'cc
633 3944 720 4008 Iesse,
751 3945 777 3997 et
805 3942 855 4011 llos
885 3941 918 3998 dc
970 3946 1029 4008 tur,
1043 3938 1085 3995 ita
1098 3939 1256 3995 adveniens
1271 3940 1301 3995 in
1318 3956 1404 3997 carne
1415 3938 1557 3995 Dominus
1568 3939 1801 3996 omnesumbro-

78 4027 205 4098 mese
226 4027 288 4089 dus
312 4026 442 4084 cscmdet
456 4027 523 4100 (lea.
535 4029 584 4100 ιι).
602 4032 657 4085 Ast
671 4028 746 4086 alter
770 4029 918 4102 Propheta
974 4045 1028 4085 sas
1042 4028 1173 4085 Mosaicaa
1190 4029 1263 4102 legis
1278 4029 1465 4085 ceremonias
1480 4028 1549 4101 [cod.
1565 4028 1643 4085 Crue.
1660 4027 1802 4100 supersti-

81 4114 172 4172 dixit:
188 4116 256 4172 licet
269 4114 329 4174 dies
341 4116 466 4185 ocnoent,
482 4116 550 4173 decit
564 4119 713 4187 Dominus,
729 4122 757 4176 et
781 4120 917 4176 suscitabo
971 4118 1077 4190 tiones]
1094 4119 1129 4174 ad
1145 4117 1307 4191 spiritualis
1323 4119 1385 4174 vite
1400 4117 1495 4175 lucem
1519 4120 1671 4187 convertit,
1698 4134 1801 4175 omnes

84 4203 432 4279 contempseram:
448 4213 476 4262 st
495 4208 634 4276 regnabit,
663 4223 725 4276 vec,
757 4215 783 4265 et
808 4210 917 4281 sapiens
970 4205 1141 4264 idololatrias
1152 4208 1377 4280 superstitiones
1388 4207 1800 4280 annullavit,omniaqueinse

82 4293 415 4368 muscdajndicr‘sm
426 4304 454 4353 ct
463 4296 606 4369 justitium
620 4299 651 4352 in
665 4305 740 4354 terra
753 4298 811 4368 (ter
824 4297 916 4370 ιιιιι).
972 4296 1154 4353 credentium
1165 4297 1252 4352 corda
1266 4297 1405 4353 doctrine
1425 4314 1483 4354 sure
1508 4295 1599 4352 radiis
1631 4295 1798 4353 illustravit.

85 4381 122 4438 st
149 4379 227 4440 alins
240 4384 401 4459 propheta:
419 4405 435 4438 a
449 4383 523 4442 (lum
538 4386 660 4455 venerit,
676 4385 783 4460 inquit,
797 4390 917 4444 sanctus
970 4385 1051 4441 Idem
1066 4400 1184 4457 quoque
1199 4383 1372 4458 intelligitur
1386 4385 1500 4442 evenire
1514 4384 1544 4441 in
1555 4385 1691 4440 humane
1705 4383 1799 4440 atatis

86 4473 270 4545 unctorum,
286 4473 413 4532 cessabit
427 4474 538 4532 unctio.
555 4496 570 4525 n
586 4475 697 4533 Dodem
711 4477 798 4533 modo
819 4476 914 4533 oaeteri
970 4473 1014 4530 vel
1030 4473 1177 4547 profectus
1192 4473 1383 4546 plenitudine.
1399 4475 1482 4530 Tunc
1497 4489 1625 4546 namque
1640 4472 1665 4528 si
1690 4486 1800 4544 prace-

89 4560 236 4635 propheta
249 4562 446 4620 vaticinantes
461 4563 540 4621 diem
551 4580 664 4634 verum,
680 4564 711 4621 id
727 4568 782 4632 est,
792 4564 955 4646 salvato-1)
971 4563 1111 4620 dentibus
1137 4563 1206 4636 galli
1234 4563 1379 4632 cantibus,
1396 4563 1427 4618 id
1443 4567 1489 4619 est
1502 4561 1754 4619 admonitionibus
1771 4563 1800 4616 et

90 4664 149 4707 rem
160 4654 298 4709 nostrum
313 4653 550 4726 prenuntiabant
565 4669 630 4712 esse
644 4658 815 4711 venturum.
971 4652 1113 4710 doctrinis
1124 4651 1451 4724 spiritualibus,riteest
1462 4650 1796 4733 excitatusbomqtanta

124 4738 337 4799 Similiaetiam
357 4743 454 4814 quoda
468 4744 555 4800 modo
578 4743 608 4800 in
623 4743 753 4801 hominis
768 4747 851 4800 etate
873 4743 918 4800 vel
972 4741 1065 4798 sancti
1081 4740 1208 4813 Spiritus
1223 4740 1326 4814 gratia,
1343 4757 1433 4812 quam
1458 4757 1511 4813 pro
1530 4745 1628 4797 exorto
1645 4739 1691 4796 die
1715 4740 1799 4813 poni·

96 4829 222 4900 profectu
246 4829 401 4889 maturiori
424 4833 689 4902 evenirevidentur,
700 4833 771 4890 dum
782 4833 809 4889 ei
818 4838 919 4891 tamer
973 4848 1051 4898 mus,
1067 4830 1097 4886 in
1112 4831 1177 4902 ejus
1193 4830 1279 4885 corde
1294 4828 1427 4903 refulget,
1444 4833 1486 4898 ut,
1511 4846 1613 4887 omnes
1637 4829 1800 4886 carnalium

98 4913 919 4996 hummainstituticnequamdivinainspiratioueomnis
973 4919 1801 4994 effectuumtenebrasomniaquemundanaeprosperitatis

100 5003 248 5080 disciplina
261 5007 424 5068 exhibetur.
438 5013 563 5085 Magnus
575 5012 652 5069 enim
668 5016 697 5069 et
708 5013 846 5084 frequens
861 5011 919 5069 dici
973 5008 1081 5084 gaudia
1096 5012 1297 5075 contemnens,
1314 5009 1377 5066 sola
1392 5010 1441 5065 Dei
1454 5013 1598 5082 precepta
1615 5013 1677 5064 tota
1691 5009 1799 5066 virtute

99 5097 186 5166 meat
199 5097 269 5172 galli
280 5102 385 5157 cantus
398 5099 479 5158 varia
493 5100 653 5159 admonitio
663 5102 850 5175 etcorreptio,
860 5119 919 5175 qua
974 5098 1086 5172 diligat,
1101 5102 1130 5155 et
1144 5115 1211 5155 cum
1217 5098 1354 5172 apostolo
1366 5099 1445 5155 dicat
1455 5098 1538 5155 :Cum
1553 5115 1641 5154 essem
1656 5098 1799 5171 parvulus,

99 5180 201 5260 indiget
215 5187 387 5247 adolescens
400 5193 431 5247 et
444 5191 608 5265 neophytus
622 5209 630 5261 ;
646 5192 697 5248 sed
713 5191 803 5264 hujus
819 5193 920 5249 admo-
974 5189 1104 5260 loquebar
1117 5193 1149 5244 ut
1162 5189 1306 5261 parvolas,
1323 5188 1479 5258 cogitabam
1492 5187 1801 5260 resonatresonat>

100 5272 210 5335 nih‘onis
236 5280 326 5337 verba
349 5277 397 5336 hio
425 5278 522 5337 dicere
541 5280 607 5338 volo
623 5280 732 5355 aliqua,
748 5286 782 5339 ut
796 5282 863 5354 quis
880 5281 920 5338 sit
972 5279 1048 5334 enim
1061 5280 1152 5350 factm
1166 5295 1229 5334 oum
1247 5280 1301 5348 vir,
1326 5279 1459 5334 macecol
1486 5292 1546 5348 qcae
1572 5280 1650 5333 ercrd
1675 5277 1799 5350 paruuli.

100 5363 233 5437 spinalis
245 5367 318 5443 galli
332 5372 437 5426 cantus
448 5374 625 5444 agnoscatur
638 5371 835 5445 aliquatenus.
973 5371 1038 5423 Haec
1053 5366 1143 5440 igitur
1155 5368 1244 5425 verba
1258 5367 1428 5440 apostolice,
1443 5367 1513 5437 quia
1524 5371 1584 5422 tam
1609 5365 1800 5439 spiritualiter

128 5452 290 5516 Dicendum
300 5473 429 5533 namque
443 5462 488 5516 est
501 5459 621 5519 cuilibet
635 5460 761 5518 auditori
776 5460 919 5519 adortore
973 5473 1062 5531 quam
1079 5456 1236 5514 carnaliter
1250 5460 1375 5530 possunt
1389 5454 1522 5527 intelligi,
1539 5459 1568 5511 et
1592 5456 1747 5512 mundana
1771 5457 1801 5510 et

96 5542 257 5617 spirituali:
274 5569 290 5600 a
318 5546 437 5607 Declim
464 5549 592 5623 amalo,
606 5554 635 5608 et
649 5550 694 5608 iac
707 5551 829 5608 bonum.
844 5550 919 5608 Sub·
973 5546 1109 5604 bumana
1125 5547 1229 5616 atatis,
1245 5563 1298 5604 nec
1313 5563 1371 5604 non
1386 5544 1584 5604 conversionis
1593 5561 1724 5619 persone
1733 5547 1800 5621 apte

95 5631 172 5696 ditus
199 5639 265 5697 esto
288 5635 425 5711 Domino,
450 5641 481 5699 at
494 5655 637 5701 oraeum.
654 5638 720 5700 Noli
741 5638 873 5700 emulari
887 5639 918 5700 in
974 5634 1158 5697 conueniunt.
