3892 6096
108 306 189 373 ssl3
737 310 931 374 auratas.
948 344 986 357 -
1003 312 1068 375 ΑΝ.
1092 311 1181 378 teri.
1735 315 1815 382 titt

108 443 212 499 aderat
226 441 359 512 linceius,
375 444 497 502 aderant
510 451 539 502 et
559 445 662 502 fratres
685 445 931 515 constantienses,
948 448 974 514 Α
989 461 1063 517 quos
1075 463 1134 515 rex,
1146 452 1289 520 quantum
1301 447 1381 506 salva
1391 447 1567 505 verecundia
1577 453 1701 521 poterat,
1714 449 1814 505 dedita

106 547 249 606 magnam
264 534 291 590 ei
307 535 415 591 iuolem
432 535 588 592 eriminum
617 535 806 607 objectantes.
828 538 932 591 Contra
986 551 1074 607 opera
1089 536 1244 609 nitebatur,
1260 542 1289 593 et
1304 539 1390 598 modo
1401 538 1519 609 objecta
1535 554 1669 611 purgare,
1685 539 1814 594 modom

218 678 255 734 ad
288 677 616 746 conciliuminvitatur;
633 677 1055 750 quorumalii,utcportebat,
1072 677 1524 746 sinediliitioneaffuerunt,alii
1554 696 1631 751 varo,
1660 680 1710 753 qui
1735 685 1815 740 certa

221 751 257 875 dle
290 749 495 805 causaadeaas
509 765 566 805 non
581 753 728 822 poteraut,
744 749 882 805 canonice
897 750 1026 806 excusati
1047 767 1203 822 supparem
1229 751 1414 825 prasentiaru
1443 750 1551 807 vicaria
1577 750 1722 825 legatione
1742 752 1813 809 sub·

250 826 380 875 everunt.

218 837 351 947 pPrimo
379 891 469 962 igitur
490 891 605 948 concilii
639 892 685 947 die
701 892 780 963 (Aac,
797 893 852 961 15),
868 908 954 963 quem
972 897 1078 948 sancte
1090 891 1186 947 Mariae
1197 893 1333 949 dormitio
1344 893 1647 950 tuncceleberrimum
1658 893 1814 951 exhibebat

219 978 286 1019 cuin
320 962 481 1033 spiritualis
496 965 584 1018 curia
599 969 747 1019 senatores
764 964 963 1033 patrocinante
979 963 1087 1036 Spiritu
1103 969 1204 1021 sancto
1218 964 1296 1021 intra
1309 966 1420 1037 regiam
1451 965 1572 1035 majoris
1600 965 1728 1022 acclesiae
1750 971 1817 1022 ante

221 1034 365 1090 cancellos
398 1035 499 1090 altaris
512 1035 747 1107 prothomartiris
757 1034 990 1107 Stephani,quod
1002 1037 1031 1091 iii
1044 1035 1176 1091 orientali
1187 1037 1289 1093 abside
1298 1041 1499 1093 consecratum
1510 1037 1771 1098 ost,convenissent
1784 1039 1815 1093 in

220 1123 312 1162 unum
325 1122 331 1160 ι
365 1105 469 1231 primo,
480 1111 519 1161 ¹ut
530 1123 586 1213 par
599 1112 671 1175 erat,
687 1110 794 1161 sauctae
806 1111 834 1162 et
848 1105 1004 1162 individuae
1015 1106 1151 1163 Trinitati
1161 1108 1272 1163 debitas
1284 1109 1414 1164 referunt
1424 1107 1585 1179 gratiarum
1600 1108 1634 1145 ⁷⁸⁷
1645 1108 1776 1164 actiones
1788 1113 1817 1165 et

219 1194 272 1251 pro
301 1176 366 1232 inco
379 1177 530 1232 omiutev
551 1176 783 1234 tociuseoolesia
796 1183 873 1234 statu
890 1177 1037 1250 supplices
1054 1183 1109 1235 [teo
1124 1179 1251 1235 offerunt
1266 1195 1385 1250 preces;
1410 1179 1514 1235 deinde
1529 1182 1597 1251 pest
1612 1183 1745 1234 mutuam
1761 1179 1818 1235 fra·

219 1253 298 1303 trum
314 1247 519 1305 salutationem
548 1255 576 1304 et
608 1249 866 1305 debltamsedium
890 1266 955 1305 ceco
978 1249 1117 1306 nltiouem
1137 1253 1222 1321 ¹iurata
1247 1251 1429 1306 autenticum
1457 1250 1819 1325 paternatraditionissy·

222 1321 343 1386 nodum,
357 1322 512 1376 conferunt
543 1321 578 1375 ad
594 1321 719 1376 invicem
733 1321 769 1376 de
784 1322 906 1377 veritate
920 1327 966 1376 cat
988 1322 1067 1377 elica
1091 1323 1169 1385 fidei,
1195 1324 1390 1395 dampnantes
1413 1327 1568 1394 symonem
1593 1326 1627 1376 ut
1640 1338 1743 1378 omnes
1766 1321 1818 1378 hc·

222 1390 385 1449 remanebas
403 1408 470 1448 cum
490 1393 527 1449 do
549 1391 748 1449 matibussuis
757 1397 786 1448 et
795 1409 826 1448 se
849 1392 1040 1449 uacibussuis
1050 1411 1057 1460 ;
1068 1409 1161 1465 pauca
1173 1411 1224 1465 pro
1235 1400 1365 1466 tempore
1376 1399 1502 1450 tractant
1511 1394 1547 1450 de
1557 1392 1696 1464 qualitate
1707 1393 1819 1449 instan-

221 1462 259 1519 tis
293 1462 403 1544 negocii
418 1481 425 1531 ;
439 1480 472 1519 ac
488 1462 513 1545 si
528 1408 647 1546 leuium
658 1462 840 1547 proptercele
864 1465 1051 1521 randatantae
1062 1463 1288 1536 sollempnitatis
1298 1465 1393 1522 officia
1403 1464 1520 1522 solvunt
1530 1464 1698 1533 concilium,
1713 1465 1817 1522 crasti-

221 1550 259 1590 no
275 1538 419 1589 inaturius
441 1535 562 1590 redituri
574 1552 604 1590 iu
617 1534 646 1589 id
659 1551 768 1607 ipsum.

257 1605 376 1661 Postera
390 1622 456 1661 vero
469 1606 516 1662 die
526 1611 602 1661 certa
613 1606 728 1662 concilii
740 1606 812 1662 bora
843 1621 910 1662 cum
925 1606 1031 1662 iterum
1047 1606 1199 1679 apostolici
1214 1608 1379 1664 saccrdotes
1392 1607 1422 1662 iu
1439 1623 1531 1663 unum
1548 1607 1763 1674 convenissent,
1791 1612 1820 1662 ct

222 1676 382 1749 praemissis
406 1676 464 1732 Deo
475 1675 613 1733 laudibus
627 1683 657 1732 et
673 1677 807 1750 precibus
832 1682 860 1733 et
875 1677 1008 1746 salutari,
1020 1679 1222 1734 consedissent
1244 1680 1321 1750 qnod
1335 1680 1440 1750 cuique
1451 1679 1595 1734 sacerdoti
1605 1679 1635 1732 in
1647 1678 1820 1734 snadiocesi

222 1748 341 1804 venitin
354 1748 488 1815 dubium,
503 1748 670 1804 rationabili
682 1748 838 1820 disciplina
847 1749 999 1804 deducunt
1007 1749 1044 1805 sd
1064 1749 1206 1817 medium,
1218 1755 1340 1821 etprout
1350 1768 1397 1806 res
1408 1749 1821 1822 postulabat,unumquodqne

222 1823 380 1875 tractatum
391 1824 442 1875 aut
449 1820 640 1875 terminatum
651 1823 696 1876 est
706 1818 838 1901 synodali
846 1819 969 1892 judicio,
991 1825 1041 1876 aut
1049 1824 1082 1876 ut
1094 1820 1199 1876 melius
1209 1822 1244 1877 de
1254 1837 1288 1877 eo
1300 1820 1630 1877 consulereturdilatum
1642 1826 1684 1876 est
1696 1821 1821 1893 sapienti

223 1888 354 1947 consilio.
371 1889 444 1946 lllud
479 1906 546 1946 vero
561 1892 638 1962 quod
656 1907 781 1946 maxime
795 1890 824 1945 in
841 1907 931 1946 eausa
945 1890 1012 1960 fuit,
1029 1892 1064 1946 de
1077 1892 1291 1948 Constantiensi
1310 1891 1452 1965 apposito,
1468 1892 1545 1947 inter
1569 1892 1673 1948 fratres
1689 1891 1821 1948 studiose

222 1961 380 2017 ventilatur
394 1979 401 2028 3
415 1962 466 2017 sed
477 1962 595 2029 iterum,
625 1962 837 2018 interveniente
847 1962 989 2044 principia
1005 1964 1154 2029 mandato,
1170 1964 1199 2019 iii
1215 1970 1385 2036 sequentem
1395 1963 1472 2019 diem
1486 1963 1821 2036 procrastinatur,agcn-

222 2034 303 2089 tibus
317 2033 520 2102 internunciis,
554 2038 588 2088 ut
596 2034 763 2089 sacerdotes
776 2033 892 2089 Domini
903 2035 1100 2093 aconstantia
1114 2052 1174 2090 suta
1185 2035 1281 2106 rigore
1291 2036 1327 2091 ad
1338 2036 1448 2108 regiam
1459 2051 1490 2091 se
1500 2035 1683 2090 inflecterent
1691 2034 1823 2091 voluuta-

222 2109 294 2170 tem,
324 2104 391 2160 aliis
406 2120 473 2161 vero
488 2105 680 2170 instantibus,
697 2109 728 2160 ut
742 2105 914 2176 designatus
929 2105 978 2161 ille
993 2106 1069 2162 male
1085 2111 1260 2179 usurpatum
1276 2113 1380 2178 sponte
1395 2106 1556 2162 dimitteret
1570 2106 1721 2162 honorem.

262 2176 359 2233 Tertia
372 2192 439 2232 vero
468 2176 516 2232 dis
530 2177 564 2216 ⁷⁸⁹
574 2175 681 2232 Christi
693 2176 859 2232 sacerdotes
871 2176 960 2246 hujus
974 2177 1086 2250 negocii
1102 2176 1189 2249 longa
1204 2179 1418 2248 exspectatione
1432 2177 1580 2249 suspensi,
1595 2183 1624 2233 et
1639 2177 1732 2232 libera
1745 2177 1824 2248 qua?

224 2245 292 2302 dam
303 2247 514 2319 indignatione,
532 2246 1397 2321 immczclcjusticiaeaccensi,sacerdoteliconstantiaprinci
1420 2248 1822 2319 emsuumudecnt,eumque
1935 2249 1939 2252 ’

224 2317 960 2397 desaluteanimaesuae,depaeeeccleslarunideque
975 2324 1054 2376 statu
1071 2266 1825 2392 regnispiritualidisciplinaconveniuntproponen·

230 2390 307 2446 tesei
317 2390 1053 2462 descripturisetgrstisveterisacnovitest.airienti
1066 2389 1634 2463 congruadoetriucsalutariaenempla,
1651 2389 1829 2461 quibusani·

226 2477 293 2517 mus
304 2462 369 2532 ejus
378 2462 475 2518 adbuc
488 2466 627 2518 carsuset
637 2461 773 2518 indocilis
783 2461 923 2534 [fidocilis
932 2463 1024 2546 Enim,
1035 2462 1388 2535 Panaonlformareturad
1396 2461 1648 2526 similia,dicentas
1656 2463 1828 2518 ctdocentes

227 2533 334 2589 solium
351 2533 432 2604 regni
443 2534 507 2603 ejus
518 2532 685 2588 nullatenus
712 2549 799 2606 posse
813 2533 949 2601 stabiliri,
965 2534 1023 2591 nisi
1036 2534 1171 2590 firmatur
1183 2536 1219 2570 ³⁸⁰
1229 2535 1351 2604 justicia
1366 2541 1394 2590 et
1408 2533 1608 2590 obversatione
1619 2533 1825 2588 mandatorum

227 2603 289 2660 Dei.
311 2603 421 2660 Sumus
431 2609 528 2660 autem
541 2603 589 2659 ille
601 2605 788 2660 dominorum
799 2603 1006 2676 Dominus‚qui
1018 2606 1096 2661 omui
1109 2607 1270 2677 potentatui
1282 2605 1504 2672 dominatur‚ita
1515 2602 1824 2675 temperavitanimum

227 2674 380 2748 principis,
407 2676 448 2730 ita
474 2675 620 2802 mitigavit
646 2692 713 2731 euni
725 2676 759 2731 ad
767 2675 854 2732 rerba
865 2680 971 2731 sancte
979 2675 1199 2742 exhortationis,
1217 2676 1466 2748 utnullajuveuili
1482 2679 1646 2732 moveretur
1666 2674 1825 2731 acerbitate

226 2752 255 2801 et
280 2748 358 2817 quod
369 2746 398 2802 in
409 2748 547 2818 potestati
571 2746 799 2813 csdifllcilesst,
813 2747 894 2803 nulla
904 2749 1070 2804 sacerdotes
1081 2747 1217 2804 insolenti
1229 2749 1347 2805 laederet
1365 2747 1564 2821 responsione,
1584 2747 1710 2802 multum
1726 2750 1824 2802 tamen

227 2834 423 2886 seracusam,
448 2817 477 2874 in
489 2818 546 2875 boc
556 2835 616 2874 sue
627 2819 780 2900 potestatis
789 2819 866 2875 dono
877 2817 989 2875 nullam
1000 2836 1033 2877 ae
1046 2820 1210 2876 exercuisse
1224 2821 1420 2892 venalitatem,
1430 2818 1541 2875 nullam
1551 2835 1640 2890 super
1650 2818 1705 2874 liae
1715 2833 1746 2873 re
1758 2833 1824 2872 curu

224 2890 327 2945 eodem
362 2889 465 2945 llerolo
477 2890 509 2928 ⁷⁵¹
528 2906 559 2945 se
576 2890 721 2972 pepigisse
735 2889 956 2946 conventionem
970 2909 977 2959 ;
993 2890 1017 2947 si
1034 2891 1104 2961 quid
1116 2896 1215 2947 autem
1231 2909 1298 2947 cum
1318 2891 1486 2947 domesticis
1506 2895 1534 2945 et
1552 2889 1747 2946 familiaribus
1763 2890 1825 2944 suis

224 2964 343 3043 propter
372 2976 456 3033 opem
468 2960 689 3017 intercessionis
699 2961 764 3034 ipso
775 2960 930 3033 ignorante
940 2962 1092 3035 pepigerit,
1104 2980 1191 3019 suum
1204 2978 1260 3019 non
1270 2980 1334 3019 esse
1344 2963 1378 2997 ²⁶²
1392 2978 1529 3020 accusare
1543 2961 1587 3017 vel
1602 2977 1751 3025 excusare,
1769 2959 1826 3015 boc

224 3046 287 3105 ipse
320 3032 443 3099 viderit;
461 3032 497 3087 de
512 3033 631 3088 dextera
645 3048 712 3089 vero
723 3049 786 3100 sua,
801 3032 916 3104 quailli
931 3039 1048 3116 propter
1063 3034 1215 3106 antiquam
1231 3034 1260 3089 in
1276 3033 1470 3107 prepositura
1483 3031 1711 3088 benivolentiam
1725 3032 1827 3104 gratia

224 3120 282 3160 suae
294 3103 404 3159 donum
439 3103 576 3176 porrexit,
588 3120 705 3159 omnem
718 3103 948 3160 avaritialabem
963 3104 1037 3160 dixit
1051 3121 1081 3160 ss
1096 3110 1240 3172 excutere,
1256 3113 1285 3161 et
1300 3106 1377 3178 quod
1393 3105 1456 3177 ipss
1470 3104 1643 3175 simpliciter
1657 3102 1761 3172 lecit,si
1779 3103 1829 3158 ille

223 3190 333 3231 veneno
361 3174 489 3246 alicujus
505 3175 624 3230 malitiae
639 3174 812 3243 corruperit,
828 3190 860 3230 aa
875 3176 911 3231 ob
927 3175 957 3230 id
973 3174 1077 3231 divinas
1088 3176 1216 3246 justicias
1231 3175 1307 3232 nolle
1327 3178 1479 3232 contraire.
1504 3179 1564 3231 Hac
1590 3180 1689 3232 autem
1714 3173 1827 3230 salubri

224 3245 470 3303 sermocinatione
502 3263 570 3302 cum
586 3246 787 3303 sacerdotibus
799 3246 911 3311 habita,
927 3263 996 3302 cum
1011 3247 1054 3302 eis
1069 3246 1192 3302 venitin
1208 3247 1376 3316 concilium,
1393 3252 1422 3303 et
1437 3246 1485 3302 ille
1500 3245 1733 3303 constantiensis
1751 3245 1830 3300 desi·

224 3323 332 3389 gnatus
348 3317 554 3373 intromittitur
587 3319 623 3373 ad
639 3318 830 3373 audiendum.
845 3317 1060 3373 Adsuntetiam
1072 3335 1129 3389 pra
1139 3319 1174 3354 ⁷⁶³
1188 3318 1299 3374 loribus
1309 3317 1548 3374 constantienses
1559 3314 1823 3388 clerici,pcstulau-

225 3393 268 3445 tes
284 3406 335 3461 per
350 3387 473 3462 legatos,
507 3392 540 3444 ut
555 3393 584 3445 et
597 3388 655 3460 ipsi
668 3394 850 3445 mererentur
860 3388 989 3445 admitti.
1002 3389 1158 3445 'luncvsrc
1169 3390 1271 3445 videns
1284 3389 1598 3446 ⁷⁸⁸1atissimasanote
1609 3385 1737 3443 ecelesia
1750 3401 1821 3458 gau·

225 3461 273 3516 dia
286 3464 315 3516 et
327 3459 505 3515 veramundi
517 3460 687 3517 convenisse
700 3459 867 3525 luminaria,
888 3460 1006 3533 quando
1021 3460 1265 3534 circumfulgebat
1275 3460 1381 3517 nobilis
1392 3477 1498 3517 corona
1508 3473 1659 3515 sacrorum
1669 3458 1820 3520 ordinum,

224 3531 299 3587 vivis
312 3537 460 3602 gemmata
474 3530 622 3602 lapidibus
637 3531 864 3588 christianorum
888 3531 1084 3602 sacerdotum,
1099 3531 1179 3588 velut
1198 3532 1362 3605 fulgoribus
1379 3531 1552 3587 micantium
1568 3534 1714 3587 astrorum
1732 3533 1822 3596 ;tunc

225 3601 287 3659 caeli
299 3603 474 3659 enarrabant
479 3601 604 3674 gloriam
620 3605 679 3669 Dei,
696 3608 724 3659 at
737 3604 858 3659 verbum
873 3603 1045 3660 eructuabat
1059 3603 1110 3660 des
1123 3604 1178 3660 diei
1205 3604 1323 3676 quando
1338 3604 1475 3660 sacerdos
1490 3601 1634 3660 sacerdoti
1647 3599 1826 3658 sententiam

222 3673 349 3746 justicie
360 3674 532 3745 exponebat,
548 3679 577 3730 et
592 3679 726 3730 sanctam
742 3673 895 3731 ecclesiam
908 3673 1046 3730 salutaris
1059 3691 1158 3731 eorum
1171 3649 1303 3732 lociana
1313 3675 1479 3732 instruebat
1491 3693 1497 3743 ;
1512 3677 1582 3730 tunc
1592 3690 1663 3729 vasa
1674 3671 1832 3753 electionis

226 3744 474 3818 supereffluebant
489 3745 671 3801 ambrosium
688 3744 831 3816 liquorem
847 3745 973 3816 Spiritus
988 3746 1094 3816 sancti,
1109 3751 1138 3804 et
1154 3746 1224 3802 ’usti
1235 3745 1387 3820 fulgebant
1399 3747 1476 3804 sicut
1487 3744 1625 3817 splendor
1635 3745 1832 3810 flrmamenti,

247 3817 343 3872 cando
359 3817 526 3873 sacerdotes
541 3816 657 3873 Domini
672 3817 757 3873 verba
775 3833 806 3873 sa
828 3816 922 3872 lentie
932 3815 1014 3873 velut
1024 3818 1116 3872 nubes
1128 3835 1146 3890 p
1160 3819 1279 3885 nebant,
1290 3819 1416 3874 etcorda
1426 3817 1610 3874 audientium
1625 3813 1705 3872 velut
1719 3821 1829 3870 terram

226 3834 406 3944 lmctiferam
422 3890 457 3944 ad
473 3888 699 3959 germinandum
717 3835 920 3944 infunilebant.
937 3888 989 3945 His
1000 3905 1069 3958 ergo
1084 3890 1125 3945 ita
1137 3889 1289 3959 dispositis
1301 3889 1430 3961 etdigito
1441 3888 1493 3945 Dei
1505 3887 1660 3944 ordinante
1669 3886 1829 3954 distinctis,

226 3959 343 4030 utrique
357 3960 556 4015 admittuntur
569 3959 605 4014 ad
619 3959 971 4032 audientiampra’dictus
981 3959 1092 4016 seilicet
1102 3960 1227 4017 llarolus
1246 3962 1279 3996 ⁷⁸⁵
1289 3961 1414 4033 ethiqui
1424 3957 1832 4030 acciisatienibuspiilsabant

232 4047 400 4102 personam.
417 4031 516 4086 Prima
531 4037 628 4087 autem
646 4032 759 4087 actione
774 4029 917 4103 regularis
933 4028 1071 4103 praelatus
1096 4031 1129 4067 ⁷⁸⁶
1158 4032 1389 4088 constantiensis
1417 4031 1544 4088 ecclesias
1564 4029 1686 4102 protulit
1698 4028 1832 4084 libellum

231 4102 437 4170 accusationis,
455 4103 485 4158 in
501 4119 560 4172 quo
576 4101 800 4159 continebantur
814 4103 1028 4175 causaquibus
1051 4103 1190 4176 indignus
1212 4103 1370 4160 haberetur
1391 4107 1421 4160 st
1442 4103 1626 4175 judicaretur
1649 4104 1832 4158 sacramento

229 4169 621 4245 apostolica'bsnedictionis
631 4199 639 4242 t
651 4190 776 4245 quarum
787 4174 884 4246 prima
892 4174 1056 4230 etmexima
1068 4181 1141 4242 erat,
1157 4175 1234 4259 quod
1251 4174 1384 4248 exemplo
1399 4172 1532 4248 magistri
1543 4173 1588 4229 sui
1599 4172 1734 4246 symonis
1744 4171 1832 4242 pesti·

230 4245 283 4302 feri
296 4260 349 4317 per
359 4244 681 4316 pecuniaminvaeisset
695 4245 814 4312 sedem3
831 4251 926 4301 cetera
941 4247 1051 4316 omnia,
1078 4263 1141 4317 quas
1164 4246 1204 4302 ibi
1228 4246 1410 4319 legebantur,
1438 4245 1658 4319 proclamabant
1676 4243 1832 4300 violentam

233 4317 366 4387 ejusdem
375 4316 754 4373 ecclesiaidevastationem.
775 4314 825 4371 llte
837 4317 912 4371 idem
925 4316 1102 4386 praelatusm
1116 4323 1145 4374 st
1154 4317 1327 4388 fratresejus
1336 4319 1386 4388 qui
1395 4315 1834 4379 aderantitemollaruntsucte-

225 4388 410 4444 stillcationis
424 4386 549 4452 libellos,
565 4386 595 4441 in
609 4386 717 4459 quibus
727 4385 847 4457 singuli,
858 4403 963 4442 nomen
972 4391 1000 4444 st
1013 4387 1143 4444 officium
1152 4406 1239 4444 suum
1252 4389 1452 4461 designantes,
1463 4387 1603 4460 quicquid
1615 4384 1832 4443 accusandovel

226 4459 411 4517 testificando
426 4463 650 4530 proposuerant.
666 4462 804 4514 asserunt
819 4474 849 4513 se
866 4474 1007 4516 canonica
1017 4459 1204 4531 probaturos.
1217 4460 1340 4516 liarolus
1351 4464 1472 4516 econtra
1482 4457 1758 4539 nititurimprobare
1768 4473 1832 4527 per-

226 4547 324 4596 sonas,
341 4531 442 4586 dicens
458 4531 535 4601 quod
550 4531 616 4601 ejus
631 4529 759 4585 infamia
777 4533 958 4586 notsessent
973 4530 1110 4601 respersi,
1126 4532 1204 4602 quod
1222 4547 1273 4587 nee
1290 4547 1321 4586 se
1336 4547 1389 4587 nee
1404 4545 1581 4601 quemquam
1604 4527 1695 4584 alium
1711 4530 1831 4598 possent

109 4604 122 4623 ⁰
227 4603 366 4658 canonice
381 4618 539 4668 accusare;
557 4601 691 4673 adjungit
707 4616 824 4672 quoque
838 4617 869 4657 se
884 4600 984 4657 omnia
998 4601 1113 4672 objecta
1127 4600 1258 4674 synodali
1273 4601 1383 4667 judicio
1395 4605 1600 4673 purgaturum,
1610 4604 1638 4654 st
1650 4598 1679 4652 in
1692 4596 1830 4653 omnibus

227 4674 416 4744 quibuscum
432 4674 623 4744 impetebant,
635 4689 666 4728 se
677 4688 742 4728 esse
753 4672 918 4728 innoxium.
933 4672 1034 4744 Longa
1048 4672 1138 4743 igitur
1153 4672 1340 4728 altercatione
1355 4671 1502 4727 hincinde
1515 4671 1709 4741 disceptatum
1720 4673 1774 4737 est,
1790 4673 1828 4738 et,

227 4743 330 4801 multis
344 4749 406 4801 tota
419 4743 466 4800 dia
482 4746 510 4799 iii
522 4745 677 4801 adversum
689 4743 864 4807 nitentibus,
877 4743 1014 4814 usquein
1027 4742 1203 4816 profundam
1217 4749 1330 4799 uectem
1342 4741 1498 4799 concilium
1509 4744 1688 4815 protractum
1700 4741 1829 4809 est,dum

226 4815 303 4872 inter
319 4814 427 4870 multos
442 4814 603 4888 ambigitur
618 4815 654 4870 de
671 4831 793 4870 numero
809 4820 1013 4871 accusatorum
1030 4815 1268 4881 attestium,dum
1283 4813 1588 4887 longndeliberations
1601 4811 1742 4884 quaritur
1749 4811 1829 4882 judi·
1878 4826 1885 4833 ·

227 4904 307 4957 cuin,
323 4891 422 4942 utrum
438 4885 488 4942 isti
504 4886 590 4943 liceat
598 4903 629 4942 se
639 4902 778 4942 excusare
790 4887 932 4943 adversus
942 4886 1158 4945 accusationem
1170 4886 1305 4942 istorum.
1318 4887 1389 4942 itum
1406 4902 1453 4941 res
1463 4886 1651 4941 interfiatres
1663 4883 1829 4939 diutissime

228 4957 395 5025 disseritur,
412 4956 568 5013 concilium
581 4962 698 5031 propter
712 4959 918 5030 intempestam
937 4961 1052 5014 noctem
1064 4957 1160 5013 adbuc
1175 4958 1239 5014 sine
1253 4974 1346 5030 operas
1383 4957 1455 5014 retio
1471 4957 1631 5012 dirimitur.
1642 4954 1717 5021 Ouid
1728 4958 1827 5011 autem

226 5029 468 5102 ipsellaroliisill
478 5028 641 5085 secumilla
658 5034 741 5085 nocte
755 5029 857 5102 egerit,
874 5029 984 5111 quibus
997 5030 1236 5087 retractationum
1253 4975 1422 5086 verberilius
1437 5044 1516 5085 ream
1542 5026 1753 5084 conscientiam
1775 5025 1828 5080 ffa-

227 5099 391 5174 gellaverit,
408 5115 536 5172 sequens
551 5101 652 5172 utique
666 5100 730 5159 dies
745 5100 903 5157 declaravit
930 5100 1016 5168 Nam,
1032 5104 1065 5157 ut
1079 5117 1114 5157 ex
1130 5100 1193 5172 ipso
1205 5100 1308 5158 effectu
1334 5105 1421 5173 gestis
1446 5100 1488 5155 rei
1511 5098 1627 5171 probari
1644 5102 1749 5169 potest,
1764 5112 1830 5152 vere

225 5172 373 5228 credimus
388 5173 465 5241 quod
483 5171 571 5242 Deus,
588 5171 772 5228 conscientie
784 5173 876 5241 judex
889 5175 918 5227 et
931 5171 1030 5240 testis,
1046 5172 1077 5229 iu
1103 5171 1190 5229 corde
1211 5188 1264 5228 suo
1288 5172 1398 5228 sedarit
1423 5188 1474 5243 pro
1499 5168 1640 5227 tribunali
1669 5174 1778 5225 etcum
1795 5182 1829 5224 eo

228 5243 391 5299 exercuerit
406 5259 561 5299 censuram
571 5243 676 5314 judicii
689 5244 746 5313 sui,
763 5243 820 5297 nisi
830 5243 977 5314 peccatrix
991 5242 1169 5298 conscientia
1183 5243 1392 5314 cogitationum
1405 5241 1605 5298 accusantium
1622 5256 1830 5297 ncnexcusan·

228 5316 302 5370 tium
318 5313 497 5382 testimonio,
513 5330 548 5369 ne
564 5313 678 5369 veritati
693 5318 721 5368 et
733 5314 863 5385 equitati
876 5315 1251 5399 resisteretdampnotaest
1261 5320 1289 5369 et
1299 5315 1501 5371 constrictam
1516 5312 1678 5368 crastinum
1690 5328 1828 5384 namque,

231 5386 351 5457 qnando
367 5387 572 5458 sperabamus,
588 5386 666 5457 qnod
678 5385 763 5456 juxta
775 5385 953 5457 promissum
966 5401 1053 5441 suum
1066 5385 1182 5455 obiecta
1192 5390 1371 5458 purgarst,et
1380 5386 1598 5441 consecratione
1609 5383 1830 5457 dignum,inno·

230 5457 357 5515 centiam
369 5474 455 5515 suam
467 5457 705 5528 monstrandam
715 5457 863 5528 probaret,
874 5456 923 5512 ille
931 5458 993 5528 jam
1003 5461 1103 5513 mente
1113 5457 1265 5525 conftisus,
1278 5475 1335 5515 non
1346 5457 1424 5514 ultra
1433 5458 1529 5512 ferens
1540 5460 1691 5529 aspectum
1702 5455 1829 5524 concilii,

796 5570 928 5633 VARLAE
948 5571 1156 5637 tectiorem.

157 5661 194 5704 '⁸⁸
209 5660 344 5719 modo-
372 5678 499 5737 purgare
526 5660 624 5718 detaut
653 5661 680 5717 li.
718 5661 751 5696 ⁷⁸⁷
779 5678 794 5719 c
820 5677 835 5716 c
919 5661 953 5697 ⁷⁸⁸
983 5661 1145 5729 incolomi?
1181 5663 1216 5699 io
1243 5661 1289 5719 dei
1318 5664 1344 5721 2.
1383 5661 1417 5699 ⁷⁶⁰
1447 5659 1603 5721 firmatur?
1643 5661 1678 5701 π·
1703 5657 1777 5719 dccet
1800 5657 1827 5712 2.

115 5734 155 5774 ’δ’
171 5749 236 5792 esse
251 5751 309 5794 non
323 5735 351 5790 2.
389 5734 485 5809 ilipro
500 5736 528 5804 2,
564 5730 757 5792 titiieeiest
790 5733 824 5770 ⁷³⁸
866 5733 970 5793 mode.
1008 5734 1291 5808 minarumque
1306 5733 1522 5807 procuratore.
