3892 6096
131 346 174 413 rt
638 350 808 415 orfltoul
832 349 1010 414 ttttnluffl
1033 349 1067 413 S.
1090 348 1337 414 subuenitur
1805 354 1846 417 te

136 487 315 562 supradictis
328 487 423 555 libris,
440 502 513 558 quos
529 485 559 542 in
575 502 668 542 unum
684 501 858 557 componere
868 485 957 542 volui.
974 484 1082 560 Alogo
1097 484 1262 553 intimatur,
1279 485 1383 558 scripsi
1409 490 1567 558 antequam
1592 486 1793 558 proficiscerer
1808 488 1844 543 ad

138 575 877 649 11000011οη1110010001000000000000101000101
890 575 962 633 alios
1019 575 1230 631 monasterium
1245 574 1399 631 Fuldense.
1419 575 1518 631 Sedet
1537 576 1634 631 Vitam
1652 576 1744 632 sancti
1761 576 1845 632 Alto·

139 668 254 725 libellos
276 668 412 724 scribere.
1020 665 1076 732 nis,
1093 682 1153 720 000
1168 681 1234 720 0010
1250 665 1427 736 quibusdam
1455 665 1635 721 carminibus
1656 666 1692 721 ad
1708 667 1847 722 eumdem

177 758 251 815 Cum
266 757 356 831 igitur
378 757 607 829 persecutionem
633 775 721 829 quarn
745 758 774 812 in
790 757 965 814 monasterio
1021 759 1157 810 sanetum
1169 753 1393 826 pertinentibus.
1406 754 1563 825 Postquam
1576 770 1643 809 vero
1654 755 1738 821 redii,
1752 754 1846 810 Vitam

144 851 244 905 nostro
259 851 303 916 (01
318 848 520 920 supradictum
535 852 591 916 est)
613 864 719 919 passus
743 864 833 914 eram,
851 847 966 919 fugiens
1021 844 1115 900 sancti
1131 843 1228 915 Magni
1252 843 1365 915 scripsi,
1390 842 1562 915 compulsus
1579 844 1703 898 fratrum
1718 844 1848 900 duorum

144 937 181 992 ad
196 936 340 993 fuldense
353 938 564 993 monasterium
578 936 718 1008 venirem,
734 937 834 1008 ibique
849 954 900 1009 per
914 953 965 992 an·
1022 934 1158 1006 precibus
1173 931 1287 988 intimis
1302 937 1331 987 et
1352 931 1491 1000 assiduis,
1516 931 1669 987 Wilbelmi
1684 932 1798 988 scilicet
1813 949 1849 988 ex

144 1040 200 1082 000
214 1030 340 1097 quatuor
349 1042 416 1082 cum
427 1025 639 1097 tranquillitate
651 1042 757 1097 magua
766 1030 965 1082 commoratus
1022 1023 1246 1096 congregatione
1256 1025 1366 1089 nostra,
1378 1026 1408 1078 et
1417 1021 1537 1077 alterius
1549 1021 1643 1091 quiad
1654 1039 1706 1077 nos
1715 1021 1848 1077 discendi

144 1113 259 1171 viderer
269 1139 276 1181 ς
288 1114 629 1185 dictandisoribendique
640 1115 771 1170 studium
783 1115 968 1186 frequentare
1023 1129 1112 1168 causa
1132 1129 1166 1168 ex
1182 1111 1360 1167 monasterio
1375 1112 1467 1167 sancti
1485 1111 1580 1182 Magni
1604 1111 1692 1182 veuit,
1706 1111 1849 1166 Adalbam

146 1202 344 1276 postulabara
355 1205 533 1275 quibusdam
546 1204 678 1274 ejusdem
690 1204 859 1259 monasterii
870 1203 966 1259 fratri·
1023 1201 1130 1269 dictus,
1147 1202 1256 1273 quique
1273 1217 1351 1255 nunc
1367 1200 1517 1256 10100010
1530 1200 1601 1255 dirue
1613 1200 1743 1256 coenobio
1756 1201 1850 1256 abbas

145 1291 212 1362 bus,
229 1295 261 1348 ut
273 1292 366 1349 sancti
377 1292 517 1349 Bonifacii
530 1293 625 1348 Vitam
638 1293 749 1348 difficili
761 1292 835 1364 stylo
847 1293 967 1360 editam,
1024 1295 1068 1346 est
1083 1291 1272 1346 constitutus.
1591 1292 1599 1304 ’

146 1380 258 1453 aliquid
274 1380 387 1438 facilius
399 1382 524 1437 ederem.
536 1381 628 1444 Quam
640 1381 819 1452 petitionem,
829 1381 897 1436 licet
915 1382 966 1438 diu
1060 1380 1127 1436 Post
1138 1379 1199 1434 baec
1215 1383 1313 1434 autern
1329 1395 1394 1434 cum
1408 1379 1540 1434 viderum
1559 1378 1647 1435 simul
1673 1384 1701 1435 et
1720 1379 1852 1435 audirem

146 1470 332 1543 denegarem,
345 1476 492 1542 postremo
503 1476 600 1526 tamen
612 1470 782 1542 compulsus
792 1471 969 1543 importunis
1025 1468 1156 1541 undique
1167 1467 1494 1540 Christianerettgionis
1504 1469 1746 1538 destructionem,
1760 1474 1854 1524 recto·

146 1559 293 1631 precibus,
306 1564 339 1614 01
350 1560 440 1630 potui,
453 1559 530 1631 quod
544 1560 652 1632 petitus
662 1576 741 1616 eram
756 1560 969 1632 1001001100-
1024 1574 1088 1614 rum
1100 1562 1128 1613 et
1137 1557 1302 1630 principum
1315 1557 1522 1630 negligentiam
1536 1557 1566 1612 iu
1586 1557 1731 1624 subditos,
1744 1562 1804 1613 tarn
1821 1558 1850 1614 id

148 1647 968 1722 seergotalilibrumsanctiBonifaoiipromptusscripsi:
1025 1647 1171 1721 spirituali
1187 1663 1276 1719 00010
1292 1646 1423 1702 saeculari
1443 1646 1501 1701 vito
1525 1647 1646 1718 positos,
1663 1646 1854 1719 doleremque

150 1735 240 1792 alium
256 1752 372 1808 quoque
386 1735 518 1792 libellum
534 1753 621 1809 quem
637 1736 779 1809 appellavi
794 1737 968 1806 Manualem,
1021 1737 1133 1810 jugiter
1143 1754 1194 1809 pro
1204 1736 1323 1804 talibus,
1337 1735 1462 1808 cogitare
1471 1737 1555 1808 coepi,
1566 1736 1854 1809 utquianullusdig·

149 1841 202 1897 pro
217 1825 416 1882 admonitione
431 1825 603 1881 elericorum
625 1829 654 1881 et
669 1825 811 1882 laicorum
828 1826 969 1899 seriptum
985 1860 1010 1927 B
1025 1826 1461 1882 nareturmeaudirecommuni
1471 1825 1853 1898 sermoneloquentcm,pro

149 1913 259 1970 ibidem
275 1914 388 1986 positus
401 1913 489 1970 edidi.
505 1915 577 1969 ltem
601 1914 734 1971 libellum
749 1915 970 1973 Proverbiorum
1026 1915 1204 1988 miseriaque
1220 1919 1301 1971 tanta
1316 1914 1533 1982 condolentem,
1559 1913 1603 1971 vel
1629 1916 1783 1971 scribendo
1799 1915 1853 1970 ali·

149 2001 295 2059 incudem
312 2005 489 2061 monasterio
511 2003 624 2075 positus
648 2005 774 2061 scribere
798 2006 883 2077 ooepi.
897 2005 970 2064 Cum
1026 2020 1085 2077 000
1104 2020 1192 2060 00000
1202 2004 1357 2076 Scriptura
1368 2003 1454 2059 verba
1464 2002 1634 2075 proferrem,
1647 2006 1725 2060 unde
1738 2004 1853 2076 aliquos

149 2096 247 2148 autem
257 2092 384 2148 assiduis
392 2094 581 2166 epistolisper
591 2094 759 2149 monasterii
768 2094 972 2152 nostrifratres
1026 2093 1168 2149 adificare
1185 2109 1310 2165 possem.
1328 2092 1385 2148 lfao
1401 2092 1492 2166 igitur
1512 2109 1602 2148 causa
1624 2094 1728 2165 scripsi
1746 2093 1854 2150 librum

149 2180 293 2253 quosdam
308 2187 459 2239 revocatus
481 2184 517 2240 ad
534 2183 657 2256 patriam
675 2182 781 2240 nollem
797 2184 853 2240 cito
869 2185 971 2241 reverti
1027 2181 1084 2238 mei
1099 2199 1217 2255 quoque
1231 2181 1327 2254 operis
1343 2181 1549 2248 novissimum,
1566 2182 1612 2238 eui
1626 2182 1746 2237 titulum
1758 2183 1855 2255 impo-

72 2331 73 2335 ,
149 2273 270 2343 propter
282 2269 398 2328 illorum
414 2272 972 2344 fratrum,interquastuuoeommors·
1027 2271 1093 2328 sui:
1112 2276 1153 2326 De
1179 2287 1263 2327 corso
1290 2272 1443 2343 spirituali.
1476 2273 1506 2326 ln
1539 2288 1596 2343 000
1626 2272 1759 2329 videlicet
1780 2273 1856 2329 libro

150 2358 214 2426 bar,
229 2359 399 2431 petitionem
411 2361 600 2430 (omnimodis
614 2361 691 2417 enim
707 2362 843 2432 precibus
858 2367 891 2418 01
905 2362 973 2419 illos
1028 2364 1170 2432 quantum
1200 2376 1252 2431 per
1278 2377 1366 2415 sacrae
1393 2358 1558 2432 Scripturas,
1589 2361 1774 2434 maximeque
1802 2379 1855 2433 per

151 2464 210 2504 non
225 2448 389 2505 desererem
404 2450 625 2523 efflagitabant),
647 2449 695 2507 vix
718 2452 837 2507 tandem
864 2451 973 2508 abillis
1028 2448 1161 2505 Psalterii
1175 2453 1204 2503 et
1218 2447 1364 2521 llvangelii
1381 2465 1519 2521 campum
1541 2466 1657 2505 currere
1674 2451 1767 2522 potui,
1786 2451 1857 2506 scri·

150 2537 301 2592 remeandi
313 2535 461 2594 licentiam
477 2538 600 2595 obtinui.
1030 2538 1124 2594 bendo
1140 2536 1257 2608 protuli.
1276 2539 1353 2593 lnter
1365 2538 1426 2593 hac
1439 2544 1468 2594 et
1481 2554 1633 2595 sermones
1645 2541 1791 2612 quosdam
1803 2555 1856 2596 nec

187 2624 396 2682 Verumtamen
407 2628 443 2683 ad
452 2628 663 2685 monasterium
675 2633 807 2685 nostrum
821 2629 903 2701 prius
915 2645 976 2701 pen
1030 2643 1089 2684 000
1099 2625 1239 2698 epistolas
1250 2643 1302 2699 pro
1312 2627 1462 2683 communi
1474 2626 1600 2684 utilitate
1612 2627 1715 2700 scripsi
1729 2645 1819 2700 :quas
1833 2630 1858 2685 si

153 2713 252 2770 venire
264 2713 355 2782 00101,
372 2732 460 2788 quam
482 2717 599 2773 indiciis
623 2717 772 2789 aliquibus
795 2719 975 2790 explorarem
1030 2715 1098 2789 quis
1113 2717 1186 2771 forte
1200 2715 1295 2788 legare
1316 2714 1451 2787 voluerit,
1483 2718 1560 2788 apud
1586 2734 1640 2774 000
1663 2717 1793 2774 invenire
1808 2735 1858 2791 po-

157 2803 283 2875 qualiter
296 2805 396 2861 omnia
408 2810 563 2878 agerentur
577 2806 695 2862 ibidem.
707 2806 769 2870 Oua
783 2807 818 2863 de
830 2824 861 2864 re
871 2807 907 2863 ad
917 2822 978 2863 mo·
1031 2805 1108 2862 terit.
1121 2805 1230 2877 Scripsi
1246 2805 1334 2861 etiam
1360 2809 1427 2862 unte
1450 2805 1549 2877 plures
1577 2823 1670 2864 annos
1696 2807 1803 2863 librum
1819 2809 1859 2863 lle

155 2892 318 2948 nestorium
331 2893 480 2950 1100νὸ001
498 2893 609 2951 dictum
635 2895 758 2967 perrexi,
782 2895 904 2968 cupiens
920 2893 977 2951 illic
1032 2894 1203 2967 consessione
1216 2903 1328 2950 0010010
1352 2911 1486 2964 meorum,
1511 2900 1544 2951 01
1567 2897 1591 2951 01
1618 2912 1677 2967 000
1700 2896 1858 2952 iufirmitas

155 2985 323 3051 exspectare
337 2998 492 3055 quousque
514 2987 612 3038 certus
633 2983 734 3040 fierem
758 2985 794 3040 de
809 2984 978 3041 monasterii
1032 2981 1077 3039 vel
1103 2982 1257 3039 subitanea
1280 2993 1360 3040 mors
1384 3000 1432 3039 mc
1455 2984 1485 3039 in
1509 2984 1647 3041 extremis
1670 2986 1859 3056 impedireta

158 3069 250 3126 nostri
265 3070 416 3141 qualitate.
437 3071 569 3144 Cumque
592 3073 627 3127 ad
652 3073 784 3143 ejusdem
810 3072 980 3129 monasterii
1035 3072 1133 3129 debita
1164 3071 1357 3144 confessione,
1384 3073 1488 3129 saltem
1516 3089 1568 3147 per
1596 3074 1705 3148 scripta
1720 3075 1862 3147 pateface-

159 3157 263 3214 abbate
271 3164 425 3231 susceptus
435 3160 514 3216 omni
527 3160 708 3217 humanitate
718 3165 746 3217 et
756 3161 864 3233 pietate
874 3162 979 3218 retine·
1036 3176 1097 3216 rem
1110 3157 1222 3232 quises
1236 3160 1420 3233 memetipso,
1434 3163 1501 3234 quis
1523 3177 1559 3218 ex
1578 3163 1629 3219 Dei
1647 3162 1741 3236 gratia
1753 3180 1860 3219 essem.

70 3280 78 3295 ·
159 3263 214 3314 rer,
227 3248 394 3304 etdesacrae
405 3231 1017 3322 ScripturasquestionibusmultiainterG
1071 3248 1175 3305 Adbuc
1189 3249 1318 3321 proferre
1331 3249 1405 3306 libet
1419 3252 1544 3307 duarum
1568 3253 1733 3308 orationum
1760 3253 1858 3309 verba.

157 3338 978 3413 nossermoassiduusagerstur,placuissetquseisaepis·
1033 3338 1194 3394 Attendens
1209 3338 1288 3393 enim
1313 3339 1429 3412 sapius,
1453 3340 1523 3412 quia
1548 3340 1691 3412 plurimos
1716 3341 1858 3414 exemplis

107 3486 110 3491 Δ
155 3425 229 3494 sime
240 3425 391 3499 responsio
403 3443 477 3494 mea,
489 3427 594 3483 accidit
605 3431 637 3483 01
646 3429 734 3498 juxta
744 3429 893 3500 paschalia
903 3430 977 3486 festa
1032 3426 1131 3498 pravis
1153 3426 1266 3498 seduxi,
1278 3426 1349 3483 talia
1359 3427 1500 3484 orationis
1515 3430 1603 3485 verba
1614 3430 1741 3486 scribere
1750 3430 1862 3500 studui,

154 3514 275 3571 dixisset
295 3516 333 3570 ad
357 3532 404 3571 me
416 3533 424 3570 :
436 3516 550 3573 Credite
569 3515 642 3571 mibi
655 3515 731 3587 quod
745 3517 769 3572 si
780 3517 861 3572 vobis
877 3519 977 3589 praeci-
1036 3513 1188 3587 inquibus
1201 3512 1405 3587 unusquisque
1418 3517 1490 3572 satis
1501 3517 1598 3574 doceri
1609 3524 1704 3590 potest
1718 3519 1864 3591 quomodo

153 3618 221 3674 pere
231 3602 342 3674 aliquid
357 3619 485 3674 possem,
501 3604 613 3674 absque
633 3603 723 3660 dubio
743 3605 929 3676 praeciperem
945 3611 978 3663 ut
1032 3619 1084 3675 pro
1096 3602 1307 3676 seetproaliis
1326 3620 1409 3660 orare
1433 3604 1556 3662 debeat:
1581 3623 1644 3678 000
1665 3607 1777 3663 00111001
1791 3624 1858 3663 ora-

153 3689 184 3745 in
195 3689 250 3746 bac
259 3690 444 3747 solemnitate
455 3693 587 3763 proxima
606 3707 770 3747 sermonem
789 3693 924 3751 faceretis
939 3696 976 3751 ad
1031 3691 1127 3747 110000
1136 3707 1203 3747 cum
1218 3710 1236 3747 a
1248 3692 1497 3765 quibusdamjam
1507 3694 1712 3762 habeantur,in
1723 3695 1777 3751 hoo
1788 3711 1861 3767 opu-

155 3778 307 3851 populum.
319 3783 370 3835 Cui
381 3796 434 3852 ego
445 3780 581 3852 respondi
593 3780 693 3836 dicens
706 3799 712 3837 :
724 3780 782 3838 Cur
798 3781 870 3838 talis
879 3783 977 3840 dicitis
1032 3779 1113 3837 00010
1129 3781 1292 3838 describere
1307 3780 1398 3852 nolui.
1410 3786 1459 3838 110
1477 3788 1574 3844 autem
1586 3786 1732 3840 orationes
1744 3785 1861 3858 aliaque

155 3869 192 3924 ad
204 3883 260 3935 me,
277 3868 327 3940 001
343 3868 416 3924 nihil
432 3868 522 3940 hujus
537 3868 577 3924 roi
593 3868 663 3936 scio,
679 3868 729 3940 qui
742 3886 893 3941 nunquam
908 3888 976 3928 con·
1032 3870 1167 3942 superius
1184 3871 1220 3926 de
1234 3870 1364 3927 dictandi
1375 3871 1451 3928 dono
1461 3872 1584 3943 prolata,
1597 3878 1677 3930 10010
1694 3874 1789 3946 magis
1800 3875 1860 3947 pie·

155 3955 237 4013 suevi
253 3955 394 4029 populum
410 3956 519 4029 alloqui
533 3958 564 4013 in
579 3957 718 4028 publioo‘l
732 3957 784 4016 lllo
798 3976 864 4017 vero
874 3961 976 4018 eadam
1032 3958 1087 4014 tati
1103 3958 1206 4014 divine
1222 3963 1358 4016 coustant
1372 3961 1533 4028 referenda,
1551 3967 1662 4034 quanto
1673 3963 1801 4036 amplius
1815 3981 1863 4019 no-

155 4048 313 4116 repetente,
325 4045 396 4117 coepi
412 4062 479 4102 mox
489 4045 616 4119 cogitare
626 4047 703 4102 intra
713 4049 867 4106 mediceris
881 4067 888 4106 :
901 4049 975 4114 Ouid
1031 4048 1095 4102 tum
1110 4052 1156 4104 est
1169 4064 1217 4104 me
1230 4048 1309 4104 vitiis
1323 4047 1460 4120 plurimis
1483 4051 1631 4121 quondam
1642 4052 1774 4108 deditum
1785 4051 1857 4107 nibil

154 4131 291 4202 facerem,
305 4131 330 4190 si
341 4133 458 4206 aliquis,
471 4136 555 4207 cujus
564 4138 650 4207 jussa
659 4137 824 4209 transgredi
833 4153 891 4194 non
904 4156 976 4212 pra·
1009 4158 1013 4163 ·
1031 4134 1137 4192 horum
1152 4137 1306 4194 meruisse.
1321 4137 1388 4193 1100
1401 4142 1501 4193 autem
1516 4138 1576 4194 hoec
1591 4140 1709 4213 protuli,
1734 4145 1767 4195 ut
1777 4142 1863 4212 juxta

154 4237 313 4289 sumerem,
329 4222 400 4279 talia
416 4223 489 4285 mihi
505 4225 694 4298 preciperet?
708 4226 790 4283 Unde
805 4225 976 4299 1010010011
1033 4223 1089 4282 hoc
1104 4226 1181 4298 quod
1199 4226 1263 4298 ipse
1278 4225 1420 4282 Dominus
1449 4225 1479 4281 in
1502 4227 1657 4300 Evangelio
1671 4229 1788 4285 cuidam
1804 4229 1862 4285 dsc-

150 4325 226 4382 opus
243 4313 455 4369 assumendum
471 4318 516 4371 001
531 4314 603 4370 mibi
618 4319 732 4388 sponte,
752 4315 924 4388 priusquam
939 4319 976 4374 ab
1032 4314 1166 4371 moniaoo
1181 4332 1199 4370 0
1214 4330 1245 4371 00
1259 4312 1381 4371 liberato
1396 4316 1533 4387 precepit
1547 4317 1648 4374 dicens
1660 4335 1667 4373 ε
1681 4317 1751 4374 Vade
1766 4320 1797 4373 in
1818 4317 1862 4374 do

151 4397 250 4472 aliquo
264 4399 423 4473 compellar
432 4405 560 4473 potente,
572 4407 605 4458 01
617 4407 659 4461 010
670 4403 872 4477 probemquid
884 4405 977 4462 factu·
1031 4419 1110 4460 mnm
1126 4411 1210 4474 tuom,
1227 4411 1254 4458 et
1275 4419 1365 4459 norro
1389 4407 1494 4475 quanto
1515 4405 1613 4475 fecerit
1636 4407 1688 4461 tibi
1712 4407 1792 4473 Deos,
1809 4421 1862 4477 ego

152 4505 204 4545 rus
218 4505 325 4546 essem.
336 4489 538 4563 Continuoque
549 4490 622 4564 stylo
636 4496 754 4565 accepto
764 4492 892 4550 scribere
902 4495 974 4569 capi
1032 4507 1148 4566 quoque
1159 4508 1308 4548 narrarem
1324 4494 1435 4563 000010
1445 4492 1518 4548 mihi
1529 4493 1670 4551 beneficia
1682 4495 1761 4551 Deus
1775 4494 1856 4551 exhi-

154 4576 315 4635 inmodum
322 4580 477 4646 sermonis,
485 4581 806 4639 sumensexordiumde
817 4582 977 4641 Psalmistn
992 4599 1016 4666 p
1031 4580 1137 4638 buerit.

127 4728 130 4733 ,
154 4666 269 4725 dicitis:
286 4668 420 4726 Dominus
431 4669 539 4726 decocto
552 4671 685 4743 prospicit
700 4669 871 4743 0000111100
885 4671 977 4729 Mmt-
1069 4669 1149 4726 Unde
1160 4667 1335 4726 adbuclibet
1344 4686 1490 4741 enarrare,
1501 4675 1613 4744 quanta
1627 4672 1856 4745 scientiaquan-

152 4772 222 4814 nom
235 4775 241 4813 :
254 4772 318 4828 qua
329 4757 471 4815 nimirum
481 4759 570 4830 dicta,
582 4763 725 4832 quantum
736 4761 830 4832 potui,
841 4760 979 4819 similitu·
1033 4762 1121 4830 taque
1131 4757 1256 4815 facultas
1265 4758 1412 4814 scribendi
1422 4758 1494 4814 mibi
1513 4760 1581 4817 data
1599 4761 1717 4818 fuerita
1732 4762 1858 4820 Domino

155 4846 259 4903 dirum
270 4847 978 4923 argumentisroboravi,credensperbaeealiquos
1037 4845 1068 4901 in
1083 4846 1223 4918 primeva
1237 4847 1330 4901 etate.
1345 4845 1418 4901 Cum
1433 4845 1525 4919 igitur
1547 4864 1655 4920 parvos
1676 4849 1803 4906 scholari
1818 4850 1862 4905 di-

156 4934 313 4993 edificari:
341 4935 385 4990 001
415 4934 549 4994 videlicet
577 4937 657 5009 operi
683 4936 804 4996 titulum
832 4939 979 5012 imposui:
1037 4934 1864 5009 0010110010111001010000111000000000100110οᾶ111-

77 5041 82 5053 ·
158 5022 295 5094 Quomodo
310 5023 460 5094 tenendum
472 5027 509 5082 sit
524 5027 554 5081 r’n
568 5027 649 5083 rebus
660 5028 823 5085 risibilitas.
839 5029 913 5086 Cum
928 5046 980 5085 au·
1037 5023 1154 5092 cissem,
1176 5024 1249 5098 coepi
1268 5023 1357 5080 etiam
1374 5023 1540 5097 longeante
1553 5026 1673 5084 solitum
1686 5031 1803 5100 tempus
1819 5028 1864 5083 di-

156 5119 216 5170 tem
231 5112 261 5168 10
277 5114 378 5169 eodem
394 5112 458 5169 loco
472 5130 565 5171 unum
586 5131 658 5187 pene
682 5133 792 5174 annum
819 5133 980 5187 manerem,
1037 5114 1148 5185 scendi,
1160 5113 1319 5184 sinejussu
1326 5112 1472 5185 magistri,
1482 5115 1697 5173 artemdiscere
1705 5116 1861 5173 scribendi.

155 5206 299 5261 venerunt
312 5201 410 5258 nuntii
425 5218 458 5259 ex
478 5205 656 5262 monasterio
680 5209 780 5263 nostro
802 5206 898 5276 missi,
913 5222 981 5264 cum
1038 5200 1865 5272 10000000100000000000,0000000000000010

158 5293 265 5368 quibus
280 5291 383 5348 exinde
395 5292 432 5348 ad
448 5291 572 5364 patriam
588 5310 723 5353 reversus
738 5311 815 5352 sum.
1037 5291 1121 5348 nisus
1135 5308 1202 5348 sum
1217 5291 1350 5347 eamdem
1366 5294 1459 5348 artam
1469 5293 1615 5352 scribendi
1629 5294 1858 5368 apprehendere.

194 5381 245 5437 llis
259 5380 348 5454 igitur
361 5380 458 5449 dictis,
474 5382 570 5438 dicam
585 5400 704 5456 quoque
714 5385 816 5456 quade
827 5400 917 5442 00000
927 5400 982 5442 cre·
1037 5380 1149 5446 00010
1164 5397 1194 5437 00
1208 5380 1330 5453 contigit
1350 5383 1382 5436 01
1402 5397 1531 5451 pennam
1556 5386 1593 5441 ad
1613 5385 1801 5442 scribendum
1816 5383 1860 5439 in-

163 5475 242 5527 teros
257 5469 425 5542 scripserim
439 5470 609 5529 libellosllx
624 5473 764 5546 petitione
777 5489 904 5544 namque
919 5475 980 5531 lra·
1037 5474 1116 5527 recto
1126 5486 1184 5527 000
1195 5469 1317 5526 retinere
1328 5485 1560 5541 consuescerem,
1577 5488 1630 5531 000
1640 5475 1787 5550 posteaab
1800 5472 1860 5530 ullo

159 5564 237 5618 trum
249 5559 634 5631 nostrorum,Vitamsancti
643 5559 754 5618 Nicolsi
763 5576 880 5619 necnon
888 5563 983 5620 sancti
1037 5558 1159 5617 docente
1169 5576 1258 5634 super
1268 5559 1323 5616 boc
1333 5559 1439 5633 corrigi
1451 5562 1588 5619 valerem.
1599 5563 1715 5620 Nimius
1730 5580 1861 5636 namque

158 5645 327 5723 wolfgangi
342 5649 512 5719 emendans,
528 5649 605 5708 sicut
618 5649 648 5708 iu
668 5649 822 5723 uniusque
835 5650 899 5709 vita
914 5668 983 5724 pro-
1037 5664 1111 5710 nsus
1124 5648 1274 5722 probibuit
1289 5666 1336 5706 ms
1351 5651 1517 5711 emendare.
1539 5653 1624 5722 Quod
1644 5670 1712 5712 cum
1727 5654 1860 5712 viderent
