3892 6096
124 280 188 344 269

121 414 161 471 Iit
173 411 272 470 nullus
301 425 367 468 rere
382 410 488 484 poterit
502 427 557 467 sua
571 411 669 468 debita
685 413 762 480 llere,

122 502 160 559 Ni
174 501 257 574 prius
273 517 309 558 ex
323 498 388 557 aliis
401 498 482 556 illata
496 499 590 556 libens
605 500 743 573 patiatur.

120 590 169 648 Nil
185 588 547 664 quoniampatimurquod
557 590 946 662 nonaliquandomeremur.

118 683 158 737 At
171 680 198 737 si
213 680 280 754 quis
294 678 406 752 patitur
419 679 498 751 quod
515 694 546 735 se
561 680 694 751 nonjure
709 679 828 749 letetur,

117 771 180 828 Hoc
194 769 319 827 dicendo
335 766 416 824 netas
436 767 593 825 Dominum
609 771 735 825 testetur
750 768 897 841 iniquum,

117 859 174 925 Qui
188 862 305 916 constat
319 855 399 913 solus
411 856 504 928 judex
518 873 607 930 super
620 857 720 914 omnia
729 858 831 929 justus

118 948 252 1021 Denique
266 944 306 1002 nil
315 945 501 1019 justum‚nisi
517 947 594 1018 quod
606 946 776 1020 perhibetur
787 948 823 1003 ad
837 947 946 1020 ipsum.

403 1034 610 1092 CAPITULUM
627 1035 660 1091 X.

391 1126 430 1181 lle
443 1126 578 1182 cretionis
593 1124 673 1182 modo

119 1219 167 1277 Sis
181 1215 252 1290 vigil
268 1217 296 1272 in
313 1214 448 1289 precibus
464 1218 492 1271 et
507 1215 543 1271 ad
556 1214 610 1271 has
620 1231 736 1287 semper
748 1213 908 1272 studiosus.

117 1305 278 1366 Namnulli
293 1306 356 1363 sola
367 1304 509 1378 poscendi
527 1303 637 1360 sufficit
654 1305 735 1374 hera,
836 1321 842 1335 ·

117 1397 175 1453 Sed
195 1395 292 1468 magis
303 1394 452 1450 incassum
469 1391 557 1447 luerit
569 1393 666 1447 motus
681 1390 839 1461 labiorum,

117 1485 153 1541 Ni
169 1500 287 1558 quoque
301 1499 371 1539 curo
384 1481 479 1554 precis
496 1481 630 1535 lirmetur
644 1479 777 1538 moribus
792 1481 880 1554 aptis.

117 1574 222 1631 Omnis
236 1573 315 1629 enim
329 1587 452 1645 poscens
467 1587 521 1643 par
535 1573 635 1638 estut,
651 1570 675 1625 si
704 1571 766 1642 ipse
780 1572 907 1643 petatur,

116 1664 267 1728 Quantum
281 1660 325 1717 vis
340 1662 469 1732 praestat,
484 1657 533 1714 alii
549 1658 704 1714 tribuendo
720 1659 869 1730 rependat.

114 1751 227 1824 Hisque
241 1749 339 1807 modis
353 1753 450 1805 certus
466 1746 560 1821 possit
570 1763 686 1820 sperare
701 1748 835 1819 petenda.

114 1840 176 1898 lion
191 1839 294 1914 ignota
308 1836 564 1910 loquor‚quoniam
578 1835 688 1891 morale
700 1839 827 1903 tenetur,

114 1929 149 1986 ut
163 1945 254 2002 quem
270 1926 393 2001 quisque
405 1926 554 1998 petit,ejus
565 1941 684 1998 quoque
707 1928 775 1981 vota
800 1928 942 1997 sequatur

112 2019 184 2075 Ecce
199 2017 269 2090 quis
280 2017 395 2090 ignorat
409 2015 478 2087 quie
492 2019 665 2070 cunctorum
681 2014 859 2083 moderator,

112 2107 232 2164 Arbiter
241 2109 449 2173 aternnsmnm
462 2102 500 2159 sit
514 2101 626 2159 nullius
638 2118 758 2176 egenus,

113 2194 288 2269 omnigenis
302 2191 438 2267 precibus
452 2192 632 2248 incessanter
647 2195 730 2264 rogat
744 2208 859 2262 omnes,

113 2284 149 2342 ut
161 2283 244 2343 vitiis
258 2281 366 2357 spretis
376 2283 440 2353 Jam
454 2283 659 2338 convertamur
672 2280 707 2336 ad
718 2280 833 2353 ipsum.

112 2375 166 2431 Sed
183 2372 322 2448 precibus
334 2371 423 2429 tantis
438 2370 463 2427 si
478 2387 536 2427 non
550 2370 732 2426 intendimus
747 2386 838 2442 ecque,

113 2462 267 2530 Quomodo
280 2477 342 2535 qna
357 2459 484 2533 petimus
500 2475 630 2532 unquam
644 2475 761 2531 sperare
784 2458 941 2515 valemus?

111 2553 139 2608 si
152 2566 269 2625 pauper
280 2551 371 2619 socio,
385 2549 411 2605 si
425 2550 550 2622 quisquc
566 2548 709 2622 probatus
724 2547 829 2615 amico,

111 2640 256 2697 exhibitis
272 2639 371 2712 rebus,
387 2643 492 2694 curant
507 2638 678 2710 impendere
693 2637 799 2705 foedus,

111 2729 145 2786 llt
162 2729 230 2786 vice
243 2731 381 2785 votorum
399 2727 469 2783 certi
484 2726 544 2783 sint
558 2727 595 2784 ad
611 2726 798 2799 rogitandum

110 2819 208 2875 Gordia
224 2816 434 2885 scrutator,cui
451 2815 579 2872 materia
595 2813 752 2882 similatur,

112 2907 145 2963 lit
158 2907 238 2963 Deus
249 2905 500 2976 immensus‚quid
515 2920 602 2978 posse
616 2903 660 2960 vel
675 2920 739 2961 csse
754 2907 886 2976 putatur,

113 2995 205 3068 Quod,
221 2992 304 3051 velut
312 2997 450 3067 exceptus
463 2993 586 3050 rationis
602 2993 637 3050 ab
655 2994 757 3050 ordine
772 2991 865 3061 solus,

114 3084 238 3141 Ostensa
256 3083 385 3157 quodam
400 3085 552 3156 reputatur
567 3083 621 3139 rite
635 3081 754 3156 rogari?

717 280 767 341 nn
790 279 986 343 uectatus
1010 280 1245 345 SPllllTUAhl.

1775 295 1835 355 270

963 415 991 483 Α
1007 414 1117 470 Sectari
1132 415 1265 488 negligit,
1277 418 1372 489 precis
1386 420 1450 490 ejus
1466 436 1533 494 spes
1545 428 1697 480 vacuatur.

1004 503 1077 576 Ergo
1092 504 1139 560 hic
1155 504 1208 561 rite
1224 505 1297 576 pctit
1309 507 1359 579 qui
1376 508 1463 565 dictis
1479 516 1543 568 orat
1558 516 1585 568 et
1604 513 1687 570 actis.

1003 591 1049 646 Sic
1065 597 1093 647 et
1108 592 1258 665 apostolici
1274 596 1439 669 completur
1449 599 1547 671 jussio
1561 601 1653 670 vcrbi,

1003 682 1065 745 Qua
1080 682 1216 753 precibus
1231 683 1323 741 sacris
1339 703 1491 759 nunquam
1507 706 1623 748 cessare
1635 692 1783 752 docemur.

1277 791 1485 851 capitutum
1507 796 1552 853 ill.

1040 878 1075 933 oe
1094 878 1172 935 core
1199 880 1357 1008 pmiilsaml
1371 884 1492 1010 υἷ’ζαηᾴἱε
1520 893 1545 942 et
1569 887 1604 944 de
1630 890 1826 951 dedicauerat

1357 968 1386 1009 ec
1398 970 1478 1011 sono.

1002 1035 1103 1093 Libros
1118 1038 1218 1096 devita
1232 1041 1283 1113 qui
1300 1042 1372 1098 dant
1386 1043 1515 1101 carnalia
1526 1046 1610 1114 scita,

1002 1123 1037 1180 Ut
1051 1125 1159 1183 sentire
1175 1144 1249 1199 quas
1263 1128 1405 1186 librorum
1421 1132 1499 1188 dicta
1514 1149 1685 1193 sacrorum:

999 1212 1073 1269 Nam
1089 1213 1178 1270 simul
1192 1215 1356 1275 hishaerens
1372 1222 1467 1277 nescis
1483 1221 1606 1282 meliora
1621 1226 1757 1299 probare.

1001 1301 1105 1376 Utpote
1120 1306 1278 1378 depressus
1293 1309 1420 1366 carnalis
1435 1311 1562 1383 pondere
1576 1330 1693 1374 sensus.

1000 1393 1081 1458 Quod
1096 1394 1142 1449 vix
1157 1412 1283 1468 nemque
1299 1398 1389 1470 sapis,
1404 1399 1427 1455 si
1443 1403 1523 1456 totus
1537 1402 1567 1458 in
1583 1403 1638 1460 hoc
1664 1407 1826 1480 adhiberis,

1000 1481 1150 1546 Quomodo
1166 1484 1317 1557 dispersus
1333 1486 1404 1542 illud
1420 1490 1528 1547 sentire
1543 1491 1680 1550 valebis?

999 1569 1137 1642 Nunquid
1152 1576 1212 1628 tam
1223 1573 1289 1630 vilis
1304 1575 1365 1631 lore
1383 1576 1468 1634 lectio
1487 1586 1589 1637 sancta
1605 1583 1745 1656 probetur

999 1659 1035 1714 Ut
1051 1661 1154 1716 merito
1173 1661 1257 1718 libris
1272 1664 1520 1738 sitpostponenda
1535 1671 1690 1742 prolenis?

997 1749 1055 1804 Aut
1070 1754 1113 1805 est
1128 1754 1187 1806 tam
1203 1751 1297 1808 facilis
1312 1770 1371 1825 quo
1387 1771 1439 1810 nec
1449 1755 1487 1812 sit
1501 1756 1591 1830 digna
1606 1757 1716 1829 labore,

995 1840 1076 1893 Hanc
1091 1838 1169 1910 quia,
1187 1838 1364 1914 philosophi,
1377 1843 1476 1899 studio
1491 1847 1669 1919 postponitis
1682 1850 1790 1907 omni‘l

996 1926 1127 1999 Denique
1142 1928 1166 1984 si
1184 1927 1345 1997 lucilis‚our
1357 1930 1438 1988 illam
1453 1933 1631 2007 despicietis,

996 2016 1238 2088 Quandoquidem
1251 2017 1337 2092 lenge
1353 2020 1392 2076 sit
1403 2021 1508 2091 iudicii
1523 2024 1666 2096 gravioris

995 2106 1137 2176 spernere
1147 2105 1310 2162 doctrinam
1326 2107 1429 2163 divinas
1445 2109 1517 2181 legis
1532 2115 1686 2184 apertam?

994 2194 1031 2248 Al
1044 2193 1068 2248 si
1084 2193 1232 2250 difficilem
1249 2198 1350 2252 contra
1364 2197 1525 2269 perhibetis
1541 2203 1685 2275 eamdem,

995 2281 1029 2336 Et
1045 2282 1144 2338 minus
1156 2283 1265 2341 idcirco
1275 2289 1376 2341 vestra
1392 2291 1471 2358 patet
1486 2289 1637 2361 agnitioni,

995 2369 1053 2426 Cur
1067 2372 1103 2426 ad
1119 2371 1292 2429 discendum
1307 2375 1470 2447 reprobatis
1486 2377 1564 2433 dicta
1579 2378 1713 2455 piorum,

994 2460 1067 2514 Cum
1084 2459 1265 2518 dimittentes
1275 2462 1400 2534 patriam
1417 2463 1585 2538 pariterque
1608 2474 1755 2541 parentes,

994 2550 1034 2604 Ac
1049 2548 1121 2606 satis
1135 2549 1252 2624 impigri
1263 2550 1326 2608 lece
1340 2568 1392 2625 per
1408 2552 1524 2611 diversa
1537 2561 1677 2630 ragentes

993 2636 1113 2694 Nisihus
1128 2638 1306 2696 omnimodis
1321 2642 1424 2697 mundi
1439 2643 1577 2717 perplexa
1589 2647 1719 2719 petatis?

995 2727 1036 2783 lln
1056 2727 1091 2783 cd
1108 2732 1265 2800 utrumque
1276 2729 1349 2785 nihil
1364 2733 1522 2790 excusandi
1539 2734 1681 2793 retinetis.

994 2816 1053 2873 lloc
1065 2823 1199 2890 superest
1213 2818 1320 2887 solum,
1332 2820 1477 2893 deponere
1491 2827 1577 2880 sueta
1593 2824 1750 2893 malorum,

993 2905 1029 2960 lit
1042 2921 1093 2976 pro
1109 2906 1276 2963 commissis
1292 2908 1406 2965 veniam
1421 2909 1576 2983 deposcere
1592 2929 1721 2986 semper.

993 2995 1034 3049 ld
1050 2995 1127 3065 quod
1143 2997 1221 3051 enim
1236 2996 1419 3069 fertur,quod
1433 2998 1518 3056 lectio
1533 3006 1636 3059 sancta
1649 3003 1782 3076 profatur

994 3082 1157 3140 Psalmista
1175 3085 1271 3142 verbis
1288 3103 1341 3143 nos
1357 3086 1407 3142 tali
1423 3105 1492 3145 voce
1507 3092 1676 3150 monentis:

113 3172 154 3229 hh
170 3172 270 3247 qualis
285 3171 377 3229 ratio!
394 3172 466 3245 prob
478 3188 566 3245 quam
583 3174 776 3244 praeposterus
791 3171 874 3239 ordo,
954 3154 976 3223 G
995 3172 1017 3228 Ο
1036 3173 1398 3247 vos‚terrigena‚studiosa
1412 3181 1510 3232 mente
1524 3184 1637 3245 vacate,

115 3263 237 3328 Quando
252 3265 390 3319 creatura
406 3261 548 3318 Dominus
558 3261 745 3333 postponitur
759 3260 857 3317 emnil

115 3352 239 3408 Tractus
254 3350 334 3407 hunc
348 3355 424 3407 certe
439 3349 517 3406 velut
529 3354 682 3422 exceptum
695 3349 807 3405 ratione

114 3440 262 3513 Quodque
274 3440 353 3496 netas
367 3440 513 3508 dictu,ceu
528 3443 710 3512 postremum
727 3437 799 3495 colis
814 3443 890 3504 actu,

115 3528 186 3586 (tum
199 3544 329 3602 poscens
341 3528 488 3585 hominem
501 3529 595 3602 precis
610 3529 752 3600 impendis
763 3527 818 3584 sibi
834 3526 939 3601 legem,

114 3620 207 3684 Quam
223 3617 327 3675 minus
340 3617 470 3691 impendi
485 3617 645 3675 decreveris
660 3617 857 3690 Omnipotenti

113 3707 182 3779 lijus
192 3705 310 3779 judicio
324 3706 394 3779 quid
409 3707 442 3761 lit
453 3706 630 3780 quandoque
645 3722 745 3764 severo

114 3798 184 3852 Cum
197 3796 289 3853 modo
304 3795 427 3852 convicti
443 3796 554 3852 ratione
569 3796 628 3852 oris
643 3811 760 3869 quoque
775 3795 867 3852 nestri

113 3883 179 3942 Plus
194 3884 385 3942 simulatores
395 3884 549 3941 videamur
563 3900 652 3956 quam
667 3884 867 3957 deprecantes,

113 3974 140 4028 si
153 3971 229 4030 nihil
244 3973 277 4028 in
292 3973 381 4030 rebus
396 3973 552 4029 Dominum
569 3971 693 4043 rogitare
706 3972 841 4043 velimus,

116 4060 146 4116 lit
161 4062 241 4135 quod
252 4061 356 4135 lingua
371 4066 465 4129 senat,
483 4060 567 4118 aliter
580 4078 635 4117 vox
647 4060 752 4118 intima
766 4064 905 4134 promat?

116 4147 193 4207 Unde
209 4154 297 4224 putat
315 4166 402 4208 nemo
417 4151 576 4207 Dominum
592 4150 895 4224 poscens,simulando

118 4243 172 4295 ant
182 4239 329 4307 exaudiri,
342 4239 387 4297 vel
398 4238 562 4313 quidquam
578 4255 664 4312 posse
680 4240 795 4296 mereri.

120 4326 217 4385 donne
233 4328 307 4385 satis
322 4328 444 4401 dignum
459 4327 571 4385 cunctis
586 4327 760 4384 mortalibus
774 4331 869 4385 exstat

123 4417 198 4481 Quod
213 4420 321 4491 praeter
336 4417 535 4491 legis,necnou
551 4416 696 4490 preconia
710 4421 822 4486 vatum,

994 3263 1087 3333 Atque
1096 3262 1190 3318 videte
1199 3263 1451 3335 ipsum,quoniam
1462 3264 1539 3320 Deus
1550 3266 1737 3339 omnipotens
1748 3284 1816 3324 sum

994 3349 1134 3406 Gentibus
1147 3353 1175 3405 ct
1187 3350 1272 3406 terris
1286 3351 1375 3406 nimis
1391 3351 1534 3407 exaltatus
1564 3353 1683 3427 ubique.

994 3441 1056 3506 Quo
1071 3454 1140 3511 ergo
1156 3442 1232 3493 Deus
1242 3437 1334 3508 jussit
1348 3438 1499 3494 credentes
1514 3455 1631 3496 cernere
1642 3440 1713 3513 quid
1729 3441 1780 3513 sit,

994 3526 1054 3583 Sub
1070 3526 1209 3601 qualique
1219 3526 1319 3582 schola
1334 3525 1409 3583 valet
1424 3543 1488 3584 esse
1502 3528 1614 3584 vacatio
1628 3530 1739 3585 tanta‘l

995 3616 1128 3673 Forsitan
1143 3632 1177 3672 ex
1187 3614 1286 3688 aliquo
1302 3615 1459 3686 quaerenda
1471 3614 1535 3671 haec
1553 3632 1656 3672 norma
1684 3617 1816 3689 profano,

993 3705 1031 3762 Ut
1045 3708 1130 3762 sunt:
1145 3703 1293 3772 Horatius,
1308 3703 1460 3760 Terentius
1474 3707 1504 3759 et
1517 3703 1679 3761 luvenalis.

994 3800 1034 3850 Ac
1050 3794 1149 3867 plures
1163 3791 1213 3848 alii
1226 3808 1300 3864 quos
1315 3795 1444 3849 sectatur
1458 3792 1558 3848 schola
1572 3793 1688 3865 mundi,

993 3884 1047 3940 Pro
1061 3883 1158 3939 studio
1173 3881 1269 3939 caruis
1283 3880 1412 3937 carnalia
1426 3881 1504 3937 dicta
1516 3882 1653 3954 serentes,

993 3973 1031 4029 Ut
1045 3989 1096 4045 per
1110 3989 1160 4028 ecs
1175 3970 1260 4028 nobis
1276 3971 1424 4045 pandatur
1437 3968 1483 4026 lex
1498 3970 1627 4044 pietatis,

994 4060 1138 4117 lustinotu
1152 4060 1266 4116 Satanae
1282 4060 1332 4131 qui
1347 4063 1486 4132 premunt
1500 4060 1630 4132 pessima
1644 4062 1791 4134 quaqus‘l

993 4149 1058 4205 llec
1074 4149 1114 4205 ita
1129 4147 1262 4204 nonnulli
1278 4163 1415 4220 perverso
1432 4164 1513 4205 more
1528 4149 1668 4206 latentur.

993 4241 1048 4292 Ast
1062 4237 1199 4310 equidem
1214 4237 1472 4308 dico‚cogncscens
1486 4237 1678 4309 exprimento,

993 4326 1091 4383 Hostis
1106 4326 1142 4381 ab
1157 4324 1270 4398 antiqui
1286 4324 1417 4381 stimulis
1433 4324 1487 4382 hos
1502 4326 1654 4398 exagitari,

994 4413 1048 4480 Qui
1063 4413 1162 4471 studio
1177 4429 1284 4470 vanam
1300 4411 1462 4470 recolentes
1477 4412 1698 4486 philosophiam

125 4503 172 4561 Per
184 4506 339 4580 proprium
352 4504 459 4563 Natum
475 4507 613 4579 dignutus
627 4506 721 4563 visere
735 4507 902 4573 mumdum,
955 4523 979 4587 Ι)
994 4507 1138 4560 Avertunt
1152 4519 1273 4559 sensum
1289 4502 1326 4558 de
1341 4502 1424 4559 libris
1440 4501 1663 4568 catholicorum,

125 4590 191 4651 llum
206 4596 353 4669 quosdam
369 4594 477 4663 docuit,
493 4594 558 4652 aliis
572 4594 706 4667 exempla
719 4594 861 4668 reliquit?

127 4679 219 4740 Nonne
232 4700 285 4756 per
299 4683 359 4741 bac
372 4700 488 4757 semper
500 4683 674 4740 velutorans
684 4684 822 4740 admonet
837 4700 939 4741 omues

129 4765 216 4828 level
232 4772 329 4830 adhuc
344 4774 446 4831 miseri
464 4772 612 4846 fugiamus
626 4772 713 4828 noxia
727 4773 831 4829 mundi

129 4861 163 4913 sc
176 4859 210 4915 de
224 4861 379 4934 preteritis
393 4861 508 4918 veniam
525 4861 560 4917 de
575 4860 662 4917 corde
677 4878 814 4934 rogemus
829 4861 843 4915 ‘l

130 4944 199 5009 Quod
214 4950 260 5006 vix
275 4950 484 5023 speratur‚{hoc
499 4949 593 5022 poscit
603 4954 637 5005 ut
652 4949 699 5006 ille
715 4954 839 5023 petatur,

133 5032 227 5095 utnon
242 5040 479 5112 cessetur,donec
494 5055 562 5113 spes
578 5043 656 5096 certa
672 5039 820 5111 probetur.

132 5119 194 5182 Nam
207 5128 276 5200 quia
291 5127 332 5184 nil
342 5127 418 5201 justi
432 5127 551 5202 propria
564 5128 591 5183 vi
605 5128 679 5184 ferre
694 5145 847 5200 queamus,

993 4592 1108 4648 Scilicet
1123 4596 1157 4648 ut
1172 4608 1267 4647 mores
1281 4607 1315 4647 ex
1325 4591 1472 4648 illecebris
1485 4590 1645 4657 venientes,

994 4681 1071 4746 Quos
1083 4680 1172 4736 nimis
1186 4678 1304 4752 oblique
1318 4679 1440 4752 gentilia
1455 4677 1543 4735 verba
1558 4680 1703 4749 retexunt,

996 4771 1090 4827 Tanto
1106 4768 1208 4841 majori
1223 4765 1308 4823 libitu
1323 4767 1354 4824 in
1369 4785 1399 4824 se
1409 4772 1648 4824 commoveantur

996 4858 1108 4923 Quanto
1125 4856 1192 4930 plus
1202 4857 1282 4913 dictu
1297 4856 1342 4913 vel
1357 4857 1394 4913 ab
1410 4857 1513 4914 auditu
1530 4860 1710 4931 repetantur,

996 4947 1031 5004 llt
1046 4946 1087 5004 sic
1103 4945 1252 5002 constricti
1267 4950 1436 5003 contemnat
1450 4947 1589 5020 dogmata
1603 4944 1723 5014 Christi,

995 5038 1053 5093 Aut
1068 5036 1146 5092 velut
1160 5035 1255 5108 ignari
1271 5051 1390 5109 peccare
1402 5034 1501 5093 minus
1515 5036 1680 5103 videantur,

997 5125 1027 5183 Si
1043 5126 1218 5182 documenta
1232 5124 1283 5181 Ilei
1299 5142 1397 5183 coram
1412 5143 1443 5183 se
1459 5141 1524 5183 raro
1538 5124 1684 5198 legantur,

134 5208 182 5270 llcc
196 5232 313 5290 quoque
325 5216 454 5274 declarat
469 5217 546 5290 quod
562 5233 614 5273 nec
631 5216 715 5274 nobis
730 5218 806 5274 bona
821 5234 889 5291 spes
898 5221 944 5275 est
998 5215 1097 5272 Hostis
1110 5230 1198 5270 enum
1214 5218 1314 5270 noster
1328 5215 1454 5271 nimium
1469 5218 1605 5271 versutus
1621 5212 1651 5268 in
1667 5225 1770 5267 omnes

131 5298 159 5356 sl
171 5306 306 5377 precibus
322 5306 431 5364 nostris
445 5305 522 5363 hanc
536 5304 643 5362 Christi
659 5307 754 5380 gratia
768 5307 875 5364 mittat.

129 5390 160 5446 tt
172 5408 237 5451 cum
252 5411 322 5468 spes
331 5396 397 5465 erit,
415 5410 499 5453 mens
513 5393 578 5468 ipsa
588 5395 692 5467 probat
706 5395 869 5452 dubitantis
882 5414 889 5463 ;

128 5476 190 5540 Nam
206 5486 256 5557 qui
271 5488 339 5542 vota
351 5483 415 5554 Dei,
426 5501 491 5558 que
506 5488 576 5541 sunt
589 5482 740 5556 implenda
752 5483 874 5556 petenti,

126 5566 182 5651 ileo
195 5572 309 5653 fragilis
325 5574 383 5635 rita
396 5577 542 5653 quantum
552 5572 704 5648 permittat
718 5572 841 5649 agenda.

998 5304 1075 5360 Dum
1091 5319 1143 5376 per
1156 5303 1263 5376 dogma
1273 5302 1324 5358 Dei
1340 5303 1443 5361 metuit
1459 5303 1603 5376 quosdam
1620 5299 1760 5368 revocari,

998 5393 1106 5465 Ingerit
1119 5391 1167 5448 his
1178 5391 1309 5461 taedium,
1325 5410 1361 5449 ne
1376 5391 1548 5465 velcupiant
1560 5389 1656 5464 legere
1672 5388 1771 5462 ipsum

998 5482 1071 5539 ilinc
1082 5496 1199 5554 quoquc
1213 5481 1291 5553 quod
1308 5482 1393 5539 multi
1403 5481 1501 5538 divino
1516 5480 1652 5554 dogmate
1667 5475 1738 5540 culti

998 5573 1094 5633 Causa
1107 5570 1248 5631 doctrinae
1265 5569 1390 5631 caleatis
1410 5585 1610 5647 composuere.
