3892 6096
147 274 150 279 ¹
196 284 237 349 35
699 274 870 345 orntum
892 278 1070 342 lthNACHI
1093 279 1127 341 S.
1150 272 1395 340 uMMuaalltss
1861 272 1902 346 36

198 414 424 490 daspersolrere
434 413 777 487 votumlllogastietiam
788 413 842 468 tibi
854 411 942 468 talem
952 429 1022 484 pra·
1036 415 1064 480 Α
1079 411 1185 466 mentis
1200 410 1348 483 gravibus,
1365 412 1417 464 aut
1431 407 1587 464 inhonesta
1599 407 1799 467 membrorum
1813 413 1902 472 amis·

199 507 269 562 stari
285 505 393 573 locum,
404 503 434 559 in
450 519 507 576 quo
522 503 636 575 copiam
648 501 771 559 haberes
785 500 937 557 librorum.
950 501 1022 557 Ecce
1078 499 1161 556 sione
1170 499 1397 571 vixpreseutem
1406 497 1496 552 vitam
1506 495 1649 553 redimere
1660 505 1841 571 meruerunt,
1850 520 1904 561 seu

198 594 315 651 auditus
340 609 381 663 es,
407 607 473 649 ecco
496 591 587 647 libros
612 591 719 646 retines
743 589 890 645 diversum
915 589 1022 661 dogma
1077 585 1902 664 etiam(quodmiserabiliusestleutgladiisautbestiis,

197 682 332 749 ferentes,
359 681 388 736 in
419 680 528 754 quibus
551 684 689 736 sternam
716 679 823 750 poteris
848 693 1021 751 cognoscere
1076 682 1127 733 aut
1142 678 1219 750 igne,
1231 678 1291 734 sive
1307 676 1392 747 aquis
1404 676 1570 747 consumpti
1583 679 1706 731 mortem
1715 680 1902 750 repentinam

195 772 295 826 vitam.
313 769 370 825 Cur
384 770 473 826 rebus
486 766 575 824 variis
587 773 713 825 mentem
730 784 781 840 per
792 766 892 823 inania
905 766 1020 840 spargis
1076 767 1240 823 subierunt.
1253 768 1320 831 Quae
1335 763 1435 821 omnia
1446 764 1516 820 licet
1525 763 1628 820 multis
1640 764 1816 825 criminibus
1825 787 1903 846 sape

195 863 224 917 et
250 860 349 916 minus
374 861 506 930 optatum
530 857 652 914 lestines
678 872 794 912 sumere
816 855 961 912 domum‘l
976 854 1019 910 Ad
1075 856 1244 923 meruisses,
1258 871 1314 910 non
1331 854 1426 911 solum
1442 851 1548 926 pietate
1559 852 1658 909 divina
1672 860 1820 927 protectus
1834 877 1902 918 eva·

195 948 255 1004 bae
284 948 373 1004 etiam
400 962 501 1020 rogare
526 946 676 1017 studuisti,
693 950 726 1001 ut
748 945 818 1018 quia
837 950 865 1002 te
888 947 924 1000 ad
947 945 1019 1002 tole·
1075 943 1380 1013 sisti;verumetiam
1397 942 1710 1014 ingentiadona,qua
1724 948 1900 1007 mortalibus

194 1038 287 1093 randa
313 1038 433 1093 adversa
455 1039 651 1108 praeparatum
677 1039 706 1090 et
732 1039 901 1108 promptum
917 1034 1019 1090 eristi·
1074 1033 1210 1105 plurimis
1226 1037 1296 1089 sunt
1309 1036 1423 1104 negata,
1434 1035 1467 1086 tu
1482 1031 1561 1087 velut
1572 1047 1607 1087 ex
1621 1033 1734 1090 meritis
1749 1034 1901 1109 aliquibus

194 1126 293 1197 masii,
310 1126 440 1198 aliquam
466 1128 595 1196 superte
617 1123 819 1196 permitterem
843 1123 940 1178 venire
956 1139 1018 1180 mo·
1073 1122 1226 1194 acquisita,
1238 1122 1275 1176 ab
1286 1120 1371 1176 anais
1381 1119 1683 1193 puerilibususquein
1690 1137 1819 1194 presens
1827 1131 1900 1183 tem·

191 1215 308 1272 lesliam
333 1214 513 1282 tentationis,
530 1229 582 1285 per
604 1229 693 1285 quarn
720 1212 880 1268 meruisses
904 1211 1016 1284 aliqua·
1072 1226 1128 1282 pus
1141 1226 1257 1282 semper
1270 1208 1400 1265 tenuisti.
1416 1208 1518 1264 Nonne
1544 1223 1612 1280 ergo
1628 1208 1689 1264 hae
1705 1215 1786 1267 tanta
1800 1228 1899 1270 recor-

191 1309 278 1360 tenus
293 1303 448 1375 expurgari
463 1319 480 1357 a
504 1301 641 1374 peccatis.
658 1301 728 1357 doce
753 1304 782 1355 et
796 1301 850 1356 hoc
874 1300 915 1355 ita
929 1316 1016 1356 exau·
1071 1299 1188 1356 datione
1202 1302 1273 1355 sunt
1284 1296 1396 1370 digna?
1411 1296 1543 1369 nunquid
1558 1297 1650 1353 ullam
1661 1298 1691 1354 in
1702 1299 1795 1356 Deum
1806 1300 1898 1360 habes

191 1394 260 1463 divi,
276 1397 307 1449 ut
323 1409 379 1448 non
396 1392 559 1448 secundum
579 1389 755 1462 nequissimi
770 1388 925 1445 tentatoris
939 1395 1015 1457 vota,
1067 1388 1155 1459 justae
1166 1386 1354 1459 querimoniae
1366 1402 1485 1443 causam
1498 1387 1511 1442 ‘l
1526 1385 1591 1442 Scio
1604 1388 1708 1459 utique
1720 1392 1748 1444 tc
1758 1404 1793 1446 eo
1804 1392 1897 1462 majo·

190 1482 241 1538 sed
265 1482 362 1554 polius
381 1482 467 1552 juxta
493 1480 568 1535 vires
583 1479 637 1534 tibi
664 1493 818 1534 concessas
840 1479 876 1533 ab
891 1494 924 1533 eo
947 1479 1015 1533 lati·
1070 1492 1131 1532 rem
1147 1493 1199 1548 pro
1214 1475 1404 1532 tribulatione
1429 1490 1604 1547 quacunque
1624 1476 1731 1533 recenti
1747 1479 1894 1550 querimo-

189 1571 298 1643 garetis
316 1587 322 1626 :
339 1573 368 1625 et
382 1574 559 1625 tamencum
575 1566 611 1622 ab
627 1565 798 1638 hujusmodi
814 1582 1015 1639 compugnan·
1070 1564 1149 1619 niam
1166 1564 1283 1631 babere,
1296 1579 1353 1635 quo
1364 1562 1463 1618 minus
1477 1563 1508 1617 in
1518 1568 1649 1636 tempore
1659 1566 1832 1637 precedenti
1844 1570 1895 1625 ad·

189 1659 230 1714 tia
259 1657 422 1731 attingeris,
452 1673 519 1711 mox
560 1653 637 1710 velut
664 1652 785 1727 ignarus
821 1652 864 1711 vel
893 1654 1014 1710 inermis
1068 1652 1828 1725 versasolituserasullasustinere.ldeoqueeontra
1840 1657 1895 1714 Do-

187 1749 282 1803 victus
293 1746 410 1803 abibis?
420 1745 539 1801 Constat
548 1742 665 1814 ineptus
677 1742 829 1814 bomo,qui
841 1759 872 1799 se
883 1744 938 1799 scit
946 1745 1014 1799 sub·
1069 1740 1142 1797 mini
1150 1740 1264 1813 llagella
1271 1741 1396 1812 peccatis
1407 1740 1466 1797 tuis
1476 1740 1895 1803 abolendisnimisnecessaria

188 1837 256 1892 dere
271 1840 386 1905 neutro,
397 1849 451 1889 neo
467 1832 529 1904 paci
545 1830 678 1887 videlicet
693 1846 745 1887 nec
761 1831 847 1887 bello.
864 1831 930 1887 Paci
946 1833 1011 1905 qui·
1027 1791 1147 1887 Branto
1165 1830 1547 1903 magismodomurmurare
1567 1830 1654 1902 soles,
1665 1836 1894 1907 quantomajore

188 1924 266 1990 dem,
278 1923 348 1995 quia
363 1937 430 1978 cum
446 1919 528 1975 nulla
542 1919 636 1974 aderit
647 1936 755 1991 pugna,
765 1936 796 1975 se
810 1924 952 1991 tanquam
965 1939 1011 1978 ve·
1065 1917 1220 1974 clementia
1230 1918 1429 1991 patientiaque
1437 1918 1486 1974 ille
1495 1919 1637 1976 hactenus
1647 1920 1892 1993 iniquitatestuas

187 2012 281 2067 lidum
296 2016 324 2069 et
340 2013 508 2084 promptum
532 2012 635 2081 sponte
659 2008 742 2065 ollert
756 2010 791 2064 ad
807 2011 1009 2082 pugnandum,
1065 2007 1395 2064 sustinuitomnes.Sed
1406 2007 1890 2080 hecastinjustissimahomlnum

185 2099 261 2157 bello
277 2105 385 2168 autem,
396 2099 466 2171 quia
476 2113 565 2169 quam
576 2097 706 2172 primum
717 2097 880 2154 insonuerit
891 2099 1011 2172 clangor
1065 2098 1294 2171 recompensatio
1307 2102 1341 2152 ut
1350 2112 1446 2152 cuma
1461 2097 1586 2169 pueritia
1596 2115 1690 2171 usque
1700 2099 1736 2154 ad
1752 2106 1891 2158 senectu-

186 2205 301 2262 pugnie,
318 2206 384 2244 mox
399 2186 540 2258 depositis
555 2185 646 2241 armis
658 2186 733 2259 sugit
748 2187 783 2240 ad
800 2186 903 2243 solatia
917 2189 1008 2259 pacis.
1064 2192 1122 2242 tem
1138 2186 1302 2258 omnigenis
1317 2191 1504 2258 peccatorum
1524 2186 1661 2243 sordibus
1676 2186 1799 2244 involuti
1813 2190 1890 2249 mira

184 2279 275 2343 Quem
286 2294 354 2351 ergo
365 2280 533 2334 sanatorum
545 2275 660 2331 Patrum
677 2275 707 2330 in
717 2274 814 2332 Veteri
825 2280 876 2331 aut
886 2275 916 2331 in
929 2277 1008 2333 Novo
1063 2274 1114 2330 Dei
1128 2275 1233 2346 pietate
1242 2275 1490 2342 sustineantur‚et
1500 2280 1602 2346 postea
1615 2291 1652 2331 ne
1669 2276 1785 2333 aeternis
1797 2278 1888 2351 depu-

184 2364 555 2438 'l'estamentodegentium
580 2369 640 2419 tam
656 2368 773 2436 gratum
800 2365 872 2419 mibi
888 2371 1008 2437 tamquo
1062 2366 1162 2419 lentur
1176 2362 1339 2435 suppliciis,
1355 2379 1406 2434 pro
1422 2365 1593 2419 eorumdem
1605 2369 1790 2435 peccatorum
1805 2366 1889 2424 ablu·

183 2454 344 2527 pretiosum
360 2470 425 2511 esse
439 2469 571 2525 unquam
586 2452 695 2525 legisti,
712 2459 745 2509 ut
759 2469 826 2509 eum
840 2454 870 2508 in
884 2455 1008 2511 tribula·
1061 2452 1141 2507 tione
1155 2450 1340 2523 aliquatenus
1355 2452 1544 2525 affligentem
1561 2451 1657 2509 nullas
1668 2453 1693 2509 ei
1708 2458 1807 2527 grates
1822 2461 1887 2513 stu·

185 2543 272 2600 tionis
280 2540 694 2615 alicujuslornaoenoluissem
704 2542 837 2614 probari?
846 2544 1007 2615 lnquibus·
1062 2540 1149 2596 deant
1160 2541 1335 2612 impendere,
1345 2545 1396 2596 aut
1404 2557 1455 2614 pro
1467 2540 1598 2598 exhibita
1606 2543 1818 2615 compassione,
1832 2551 1884 2602 aut

183 2649 298 2705 cunque
312 2633 402 2705 igitur
416 2631 499 2687 libris
522 2630 626 2686 divine
642 2629 715 2702 legis
729 2631 843 2702 placeat
859 2631 913 2687 boc
928 2633 1004 2703 quod
1061 2645 1113 2701 pro
1124 2629 1336 2684 emendatione.
1349 2628 1411 2685 Noli
1424 2645 1492 2701 ergo
1504 2629 1615 2699 mirari,
1625 2632 1696 2702 quia
1706 2632 1778 2688 mihi
1788 2633 1884 2705 placet

178 2722 242 2792 jam
258 2722 317 2777 dixi
332 2720 494 2792 exquirere,
511 2726 540 2776 et
556 2718 686 2775 invenies
712 2720 812 2791 procul
828 2720 916 2776 dubio
933 2721 1005 2778 mibi
1060 2734 1162 2774 omnes
1171 2718 1379 2789 probarimam
1392 2734 1444 2774 nec
1455 2718 1577 2784 albineo
1587 2718 1653 2775 aliis
1662 2721 1882 2795 cognitilorent,

182 2826 239 2866 non
255 2811 284 2866 in
300 2827 354 2866 sua
369 2809 518 2866 voluntate
528 2808 678 2875 delicatos,
688 2809 738 2863 sed
755 2809 860 2879 tnagis,
870 2810 899 2865 in
914 2811 1005 2866 tribu·
1059 2806 1880 2881 nisieostentamentaaliquaoertosaeprobatoslaeerent.

180 2898 288 2956 lailone
303 2916 336 2955 ao
352 2898 553 2971 persecutione
574 2898 713 2969 probatos
728 2913 844 2969 semper
858 2898 1004 2971 placuisse
1058 2895 1128 2959 Quis
1143 2896 1221 2951 enim
1236 2895 1318 2951 miles
1329 2895 1443 2952 nullum
1459 2896 1549 2968 prelii
1562 2898 1722 2964 periculum
1733 2905 1881 2971 expertus,

180 2986 261 3043 Unde
276 2988 305 3042 in
321 2985 474 3060 Evangelio
489 2986 596 3042 dicitur
612 3002 618 3040 :
635 2987 714 3041 Beati
727 2987 777 3056 qui
788 2988 1004 3057 persecutionem
1057 2982 1208 3056 preliandi
1219 2984 1316 3061 socius
1327 2984 1506 3041 eritcertus‘l
1517 2985 1641 3059 ideoque
1652 2987 1774 3043 multiin
1785 2989 1883 3046 otioct

175 3077 325 3148 potiuntur
336 3086 446 3149 propter
459 3076 608 3148 justitiam,
625 3076 756 3147 quoniam
770 3077 892 3146 ipsorum
905 3085 946 3131 est
958 3093 1001 3133 re·
1056 3073 1086 3127 in
1101 3088 1172 3144 paee
1186 3073 1284 3128 inutili
1309 3073 1422 3141 nutriti,
1438 3075 1573 3145 quamvis
1589 3076 1679 3132 sortes
1694 3092 1725 3132 sa
1740 3092 1804 3133 esse
1819 3094 1881 3134 cre·

178 3181 264 3234 putem
278 3165 415 3221 culorum.
433 3165 463 3219 ld
477 3164 545 3220 ilem
560 3162 726 3235 evangelica
738 3163 826 3219 verba
840 3167 999 3221 testantur:
1016 3162 1038 3229 G
1057 3162 1139 3230 dant,
1157 3163 1273 3233 quando
1297 3162 1428 3221 venerint
1443 3162 1479 3217 ad
1502 3163 1624 3231 bellum,
1639 3165 1777 3222 continno
1803 3167 1879 3240 luga

178 3254 300 3324 Regnum
327 3254 457 3309 celorum
479 3254 536 3307 vim
557 3253 674 3324 patitur,
700 3259 726 3307 et
754 3252 867 3307 violenti
889 3254 1002 3324 rapiunt
1055 3256 1191 3322 quarunt
1198 3249 1529 3321 praesidiumsicetiam
1538 3257 1570 3307 tu
1579 3252 1777 3310 arbitratuses
1786 3259 1879 3311 temet

177 3341 258 3397 illud.
275 3343 346 3398 ltem
362 3342 558 3413 scriptumest
572 3342 601 3395 in
618 3340 769 3411 Evangelio
786 3357 792 3395 :
810 3341 938 3398 deducet
951 3360 1001 3397 on·
1055 3345 1123 3394 ante
1140 3339 1307 3395 tentationis
1316 3346 1434 3411 tempus
1446 3340 1575 3396 validum
1586 3343 1623 3398 ad
1633 3343 1732 3400 omnia
1747 3360 1754 3400 :
1771 3347 1877 3401 etecoa

178 3432 364 3502 gurloestviu
378 3444 441 3502 quae
454 3429 528 3485 ducit
543 3429 578 3484 ed
592 3428 772 3484 etiamtunc
787 3430 875 3486 etiam
891 3431 1000 3487 Paulus
1055 3444 1144 3499 quam
1171 3428 1307 3484 infirmus
1329 3429 1370 3482 sis
1395 3445 1430 3484 ex
1458 3431 1616 3488 tentatione
1640 3436 1761 3506 apparet
1782 3432 1874 3489 illata.

179 3519 329 3592 apostolus
343 3519 415 3574 dicit
430 3533 437 3572 ε
453 3519 535 3574 Nemo
549 3519 724 3574 coronabitur
740 3520 798 3572 nisi
811 3521 859 3588 qui
880 3520 1000 3590 lepilime
1054 3516 1193 3588 Nunquid
1203 3518 1299 3572 adbuc
1309 3517 1404 3573 nescis
1414 3519 1732 3588 quantumsitnosoere
1743 3522 1875 3595 quidsis.

177 3609 331 3664 certauerit.
341 3610 411 3662 Cum
426 3622 493 3680 ergo
504 3607 600 3661 haecet
615 3604 778 3662 bissimilia
787 3606 879 3662 multa
891 3609 920 3663 in
929 3608 1000 3664 Scri·
1054 3604 1135 3662 Certe
1146 3606 1171 3661 si
1185 3607 1309 3661 necdum
1318 3606 1438 3662 tentatio
1446 3606 1545 3679 aliqua
1559 3607 1765 3679 fortiorem,tui
1776 3615 1875 3667 tamen

177 3696 271 3769 pluris
287 3695 378 3752 sacris
391 3695 450 3751 scis
465 3710 529 3750 esse
540 3692 658 3764 scripta,
670 3709 761 3765 quare
772 3697 815 3759 tu,
829 3694 854 3749 si
869 3695 998 3768 aliquam
1052 3696 1082 3749 te
1096 3694 1163 3750 lecit
1185 3695 1349 3761 certiorem,
1365 3694 1435 3767 quia
1459 3697 1541 3768 prius
1563 3700 1592 3752 te
1613 3699 1703 3769 (quod
1719 3714 1777 3754 non
1794 3700 1874 3772 erae)

175 3785 241 3841 vitre
252 3782 584 3858 paronniacoronamvis
594 3782 998 3854 percipera,niltribulationis
1052 3783 1191 3839 credebas
1204 3784 1354 3853 validum;
1373 3800 1451 3840 nunc
1465 3785 1615 3841 veritatem
1629 3786 1743 3858 proprie
1759 3787 1872 3860 fragili·

176 3878 228 3929 aut
236 3873 375 3930 molestie
385 3889 438 3944 pro
446 3869 620 3928 criminibus
630 3869 997 3945 saltemoommissiscupis
1052 3872 1122 3928 tatis
1137 3879 1283 3944 expertus,
1296 3874 1430 3947 agnoscis
1441 3879 1469 3930 te
1479 3873 1641 3930 infirmum.
1654 3874 1719 3931 Hac
1733 3881 1777 3933 est
1790 3893 1875 3935 nam·

175 3961 477 4019 sustineretAttende
490 3960 589 4031 itaque
600 3957 755 4031 diligenter
767 3960 803 4015 ad
814 3977 848 4016 ea
862 3978 925 4033 qus
933 3964 997 4034 jam
1052 3977 1109 4033 que
1136 3962 1216 4018 illius
1237 3964 1346 4035 agnitio
1371 3963 1552 4020 infirmitatis
1577 3964 1613 4019 de
1636 3980 1694 4036 qua
1716 3966 1875 4037 Apostolus

174 4051 269 4108 dicere
289 4050 364 4118 volo,
380 4049 519 4122 quoniam
538 4047 634 4121 legisti
655 4047 725 4104 talia
749 4049 860 4106 crebro.
878 4049 995 4107 l’lurimi
1052 4050 1148 4106 dieit:
1176 4052 1267 4108 Virtus
1292 4055 1323 4108 in
1346 4054 1509 4124 infirmitate
1530 4053 1682 4126 perficitur.
1700 4054 1793 4127 lgitur
1816 4061 1873 4114 Deo

174 4156 301 4212 namque
320 4144 489 4195 sanctorum
514 4153 573 4192 non
588 4140 703 4193 tantum
720 4154 771 4209 pro
794 4140 997 4197 emendatione
1050 4140 1159 4212 gratias
1175 4157 1238 4214 age,
1250 4141 1328 4213 quia,
1340 4141 1660 4214 quamvisinvitum‚te
1672 4142 1809 4214 leoitjsm
1819 4145 1872 4202 tibi

173 4245 224 4284 seu
240 4229 418 4285 correctione
432 4230 628 4299 peccatorum,
642 4232 785 4298 quantum
801 4233 919 4301 propter
933 4246 997 4301 pro
1050 4234 1153 4285 uotum
1167 4230 1321 4303 etproprie
1335 4229 1503 4302 fragilitatis
1516 4232 1669 4288 conscium
1687 4249 1694 4287 :
1709 4231 1872 4290 considera·

72 4330 77 4336 ·
172 4315 320 4372 hattonem
336 4321 387 4371 aut
400 4318 546 4388 perpetue
566 4314 712 4371 felicitatis
727 4316 995 4388 compensatiouem
1050 4333 1107 4389 que
1130 4318 1230 4385 simul,
1250 4318 1320 4390 quia
1343 4324 1424 4375 tanto
1449 4320 1560 4388 maiore
1583 4320 1734 4378 deuotione
1758 4336 1793 4377 ae
1815 4321 1872 4379 ilde

172 4409 320 4460 tormenta
334 4405 364 4460 in
388 4403 442 4460 boc
466 4403 577 4459 mundo
602 4403 796 4477 pertulerunt,
812 4404 888 4461 sieut
900 4409 994 4465 saneti
1049 4407 1185 4479 regimini
1201 4407 1297 4463 divino
1313 4408 1401 4464 debes
1416 4408 1520 4464 amodo
1534 4410 1745 4482 obtemperare,
1761 4413 1871 4482 quanto

169 4492 236 4562 lob,
264 4491 373 4560 Daniel,
390 4492 493 4563 lsaias,
505 4492 649 4547 ieremias
672 4492 702 4546 in
729 4493 821 4549 Veteri
837 4511 845 4562 ;
861 4496 892 4550 in
915 4500 993 4554 Novo
1048 4494 1185 4568 pluribus
1205 4497 1411 4570 experimentis
1422 4501 1485 4570 jam
1510 4499 1640 4571 probasti
1655 4499 1755 4556 omnia
1768 4499 1799 4554 in
1812 4497 1872 4556 beo

170 4586 269 4638 autem
280 4583 465 4638 'testamento
477 4596 580 4637 omnes
589 4596 663 4652 pene
679 4586 839 4653 martyrum
855 4583 935 4641 chori
953 4585 992 4643 le·
1047 4589 1111 4641 tuta
1133 4601 1208 4642 esse.
1233 4586 1372 4643 Sufficere
1398 4603 1526 4660 namque
1544 4587 1598 4644 tibi
1622 4605 1673 4661 pro
1696 4588 1754 4645 llde
1777 4591 1807 4644 et
1820 4602 1873 4661 sps

170 4676 280 4743 guntur
293 4670 358 4727 ideo
369 4668 464 4743 magis
476 4669 567 4742 passi,
579 4672 613 4724 ut
625 4667 704 4725 velut
716 4685 821 4726 aarum
832 4671 862 4727 in
877 4673 994 4732 fornace
1049 4675 1202 4731 retinenda
1216 4675 1343 4748 deberet,
1355 4676 1434 4749 quod
1448 4693 1524 4750 sepe
1538 4677 1569 4733 in
1584 4676 1739 4734 Psalmista
1753 4676 1828 4751 legis
1842 4681 1873 4733 et

169 4758 326 4830 probatum
336 4758 469 4830 puriores
479 4757 582 4823 allecti,
594 4762 701 4814 eterna
713 4759 932 4830 perfruerentur
945 4780 992 4820 re-
1047 4763 1133 4819 audis
1148 4782 1157 4818 .·
1172 4764 1312 4832 Qumnodo
1335 4767 1480 4823 miseretur
1491 4774 1570 4838 pater
1593 4767 1726 4838 fitiorum,
1740 4767 1873 4822 misertus

169 4847 248 4919 quie,
258 4863 347 4920 quam
359 4851 391 4902 ut
406 4863 458 4918 pro
474 4845 739 4919 sceleribuspuniri
754 4853 867 4905 reatum
884 4853 992 4923 persol·
1045 4859 1085 4908 est
1099 4852 1231 4911 Dominus
1245 4855 1403 4911 timentibus
1417 4870 1456 4924 rc,
1469 4857 1601 4926 ‘quoniam
1615 4857 1673 4928 ipre
1684 4855 1806 4926 mpnooti
1820 4854 1872 4927 ltp-

168 4941 269 4993 verent
283 4935 364 4992 illata
375 4935 573 4992 tribulatione.
585 4936 627 4992 Tu
642 4952 708 4993 vero
724 4936 797 4993 nihil
810 4938 915 4996 borum
931 4957 991 4999 me·
1045 4944 1168 4997 menime
1190 4951 1325 5000 nocuum.
1348 4949 1382 5000 ut
1405 4945 1537 5001 iterum:
1561 4943 1664 5001 Fidelis
1686 4945 1818 5002 Dominus
1840 4945 1872 4999 in

169 5024 224 5082 rito
239 5024 292 5081 tibi
308 5024 455 5081 vindicare
470 5029 562 5098 potes,
579 5029 612 5080 ut
636 5025 747 5082 scilieet
764 5029 857 5101 magis
873 5030 909 5085 ad
924 5046 991 5102 pro·
1046 5032 1171 5087 omnibus
1193 5033 1282 5088 uerbis
1303 5035 1370 5107 suis,
1385 5038 1414 5090 et
1427 5039 1538 5090 sanctus
1561 5035 1592 5090 ia
1605 5035 1732 5090 omnibus
1745 5033 1873 5107 operibus

166 5114 314 5171 batianem
325 5115 457 5187 quemad
468 5114 877 5188 peccatorumabsolutionem
886 5121 991 5176 amodo
1045 5123 1114 5176 ruis.
1141 5121 1296 5194 Itemque:
1314 5123 1435 5180 Custodit
1460 5125 1594 5180 Dominus
1614 5139 1706 5180 omnes
1726 5123 1870 5195 ditipenus

166 5202 328 5276 al'lligaris;
345 5202 396 5260 sed
407 5204 443 5259 ad
458 5202 513 5259 hoo
526 5202 729 5260 tribulationes
741 5206 926 5264 omnimodas
937 5208 990 5264 tibi
1044 5224 1082 5275 ee,
1098 5209 1250 5282 multaque
1262 5210 1309 5268 bis
1323 5212 1432 5269 similia
1442 5219 1470 5269 et
1485 5214 1515 5269 in
1526 5213 1648 5286 psalmis
1659 5217 1688 5269 et
1703 5213 1732 5269 in
1747 5213 1814 5269 aliis
1824 5228 1871 5269 co·

164 5308 239 5364 opus
263 5297 308 5348 est
331 5292 465 5364 tolerare,
490 5308 526 5348 ne
552 5308 604 5364 pro
628 5293 758 5350 reatibus
784 5296 843 5353 tuis
867 5301 990 5355 eternas
1045 5298 1159 5354 dicibus
1174 5300 1363 5357 inveniuntur
1379 5303 1499 5376 scripta,
1516 5307 1548 5359 ut
1562 5303 1592 5359 in
1616 5302 1693 5359 lsaia
1716 5302 1868 5375 propheta,

164 5396 266 5453 poenas
283 5381 397 5454 cogaris
413 5381 522 5438 subire.
538 5385 597 5438 Hoc
610 5398 726 5455 quoque
741 5390 854 5455 oportet
869 5390 902 5442 ut
912 5387 990 5461 jugi-
1043 5388 1095 5459 qui
1109 5404 1143 5444 ex
1162 5388 1280 5446 Domini
1304 5407 1428 5463 persona
1443 5393 1513 5449 dicit
1530 5411 1536 5451 :
1555 5394 1753 5449 convertimini
1766 5391 1802 5448 od
1815 5407 1870 5458 mc,

165 5473 209 5526 ter
224 5471 398 5540 recorderis,
412 5471 481 5544 quia
496 5471 614 5544 plurimi
631 5487 683 5545 pro
699 5475 825 5545 peccatis
841 5475 933 5533 multo
947 5478 988 5534 le·
1042 5482 1068 5533 et
1082 5478 1170 5534 seteis
1194 5480 1284 5552 eritis,
1301 5496 1393 5538 omnes
1414 5482 1484 5553 fines
1498 5488 1590 5541 terrae.
1607 5482 1642 5538 bt
1668 5481 1775 5538 iterum
1789 5481 1869 5537 idam

160 5556 291 5625 rioribus
312 5564 468 5637 quamtus
493 5560 562 5636 sint,
574 5560 657 5641 justo
671 5560 722 5619 Dei
734 5562 848 5637 judicio
862 5570 914 5624 aut
929 5571 988 5626 tor·
1042 5566 1185 5643 pmpheta
1205 5570 1277 5631 dicit
1294 5589 1300 5631 ι
1317 5574 1497 5651 Deretinqaot
1520 5575 1625 5649 impius
1649 5573 1724 5630 oium
1738 5588 1829 5649 suum,
1843 5575 1871 5633 et
