3892 6096
159 303 226 370 raa
672 299 846 365 ornnorn
868 297 1044 364 annnam
1066 298 1099 362 a.
1122 256 1371 364 abacorum
1812 294 1873 361 ιιι

204 437 255 497 list
264 440 293 495 ct
304 433 396 494 altera
405 431 556 492 eharitatis
568 432 672 492 diviua
686 432 814 492 ceassiu
824 432 991 491 diversitate
1005 438 1033 505 Α
1047 432 1092 491 nia
1108 432 1195 505 primi
1210 431 1477 506 prevaricationem
1491 429 1522 487 in
1533 446 1586 486 noa
1597 429 1708 486 iactum
1722 428 1870 499 innuunt3

168 525 313 585 bonarum
327 521 532 596 malarumque
541 540 638 581 raram
654 523 743 581 nimis
757 524 994 597 peassuds.0aia
1047 539 1134 580 canas
1148 539 1214 579 vero
1228 526 1258 580 et
1272 539 1350 592 oves,
1365 526 1526 593 caeteraque
1549 519 1688 577 animalia
1700 519 1872 578 hominibus

170 615 249 674 enim
264 612 378 672 bomini
392 613 518 670 liberum
538 613 693 671 arbitrium
708 612 802 687 gratia
816 613 914 673 divina
924 629 993 670 con·
1047 612 1083 669 ad
1098 612 1264 670 subsidium
1279 626 1427 682 concessa,
1436 611 1637 683 virtutumque
1647 610 1781 667 amnium
1797 626 1872 684 quas

170 704 248 775 tulit,
269 707 303 759 ut
324 702 530 777 unusquisque
552 705 726 777 probaretur
740 706 839 760 utrum
855 702 940 759 banis
955 720 991 759 aa
1046 701 1207 775 accipimus
1233 702 1319 775 dona,
1345 700 1504 758 inffabilem
1533 701 1637 756 divine
1660 699 1800 783 pietatis,
1815 717 1872 758 nos

168 791 255 850 malis
270 791 359 850 rebus
373 795 467 850 semet
480 791 632 865 implicare
641 790 737 861 vellet,
754 808 872 849 neeesse
887 796 949 849 erat
960 795 992 848 ut
1041 792 1154 865 jugiter
1168 792 1352 864 procurantis
1365 790 1613 864 dispensationem
1626 791 1796 847 ostendunt.
1812 790 1874 848 Sio-

165 881 284 941 albona
298 886 328 939 st
350 880 428 938 mala
452 897 549 939 coram
574 897 608 938 so
622 885 810 954 ponerentur,
830 881 860 937 in
882 881 991 954 quibus
1047 897 1104 954 que
1117 881 1151 936 lit
1164 885 1198 937 ut
1208 881 1282 936 nibil
1295 881 1347 937 liat
1357 881 1386 936 in
1397 885 1474 937 terra
1488 881 1566 952 quod
1577 896 1635 936 non
1648 880 1762 937 eveniat
1773 884 1825 937 aut
1835 896 1873 937 ex

165 970 341 1046 sibimetipsi
351 974 439 1030 notas
450 971 533 1028 derel
543 970 990 1044 experimentumqueqaalitatis
1046 970 1148 1044 prims
1172 970 1418 1043 prevaricationis
1446 986 1530 1043 poena
1554 971 1604 1026 aut
1626 968 1730 1027 divinae
1752 969 1873 1042 pietatis

164 1076 225 1118 aaa
256 1076 369 1135 capere,
397 1063 425 1118 et
450 1064 484 1118 ut
507 1060 729 1133 querimoniam
754 1059 868 1117 nuliam
889 1063 991 1117 eontra
1046 1058 1873 1132 causa.Quorumquidsmananeamtimere3alteram

163 1153 256 1209 Deum
270 1149 376 1208 habere
391 1153 492 1224 posset
505 1149 536 1206 in
556 1149 612 1207 boa
635 1150 713 1222 qaod
729 1150 803 1207 bene
826 1149 931 1223 agendi
947 1148 990 1205 ia·
1046 1165 1195 1207 varocum
1211 1165 1309 1206 amare
1324 1165 1378 1205 nos
1394 1151 1488 1205 docet.
1513 1148 1568 1213 Qui
1582 1146 1651 1205 velit
1665 1164 1733 1221 ergo
1748 1148 1872 1206 evadere

164 1238 260 1298 cultas
274 1239 331 1297 sibi
346 1239 415 1297 data
429 1255 488 1297 non
503 1237 616 1296 luisset.
633 1239 726 1296 'lanta
741 1254 809 1314 ergo
824 1238 952 1295 ebaritas
962 1241 991 1294 et
1044 1255 1160 1311 poenam
1176 1241 1324 1311 aternam,
1336 1237 1429 1311 fugiat
1445 1254 1524 1295 nanc
1538 1238 1575 1295 ad
1589 1237 1641 1295 Dei
1656 1236 1794 1312 gratiam,
1810 1236 1872 1295 dis·

167 1328 312 1404 sapientia
325 1328 377 1388 Dei
392 1344 509 1403 semper
536 1331 581 1386 est
607 1328 795 1396 attendenda,
815 1343 932 1400 semper
946 1342 991 1384 ve·
1044 1344 1112 1385 cens
1127 1328 1158 1385 in
1173 1327 1277 1401 primis
1292 1343 1359 1384 eum
1373 1327 1487 1397 timere,
1504 1326 1609 1384 deinde
1623 1343 1691 1386 vero
1705 1343 1815 1385 amaro.

163 1419 337 1478 serenaret
351 1417 728 1491 dilgenda,miraudumqac
740 1433 856 1489 semper
870 1418 948 1490 qaod
959 1416 988 1472 in
1078 1417 1145 1474 Hac
1158 1416 1249 1489 igitar
1260 1418 1359 1475 omnia
1373 1416 1530 1474 Psalmista
1540 1416 1728 1474 considerans
1739 1433 1808 1474 oum
1819 1417 1871 1475 ad-

164 1507 245 1566 omui
260 1511 393 1566 creatura
407 1506 450 1565 nil
464 1506 570 1564 existat
579 1506 642 1564 sine
652 1523 751 1564 eausa.
766 1513 823 1563 Aut
833 1506 912 1564 enim
924 1505 989 1562 ideo
1042 1506 1199 1563 miratione
1214 1506 1288 1562 dixit
1300 1525 1307 1563 :
1321 1508 1410 1576 Quam
1432 1506 1609 1579 magnificata
1633 1514 1697 1563 sant
1711 1523 1796 1581 opere
1808 1514 1871 1581 tua,

166 1595 320 1655 diversitas
332 1600 377 1654 est
390 1596 421 1653 in
432 1595 988 1668 creaturis,at,sioatJ'amdixi,invieem
1042 1595 1112 1652 bino
1126 1596 1231 1652 iterum
1261 1595 1333 1651 alias
1362 1594 1433 1652 dicit
1449 1612 1455 1651 :
1472 1595 1617 1652 Mirabilia
1637 1601 1801 1669 operatua,
1817 1597 1872 1654 da·

163 1686 308 1761 oppositis
323 1685 429 1744 melias
443 1690 635 1759 agnoscentes
649 1686 736 1751 bona,
748 1701 801 1758 pro
816 1685 862 1742 bis
878 1685 988 1758 gratias
1042 1686 1122 1742 mine
1136 1690 1165 1742 et
1178 1684 1277 1742 anima
1292 1702 1364 1742 mea
1378 1685 1627 1760 cognoscitnimis
1642 1687 1869 1758 (Psalcxxxvm,

162 1779 219 1833 Deo
235 1791 400 1849 ageremus,
421 1773 566 1846 nobisque
580 1773 616 1830 ab
632 1790 665 1831 eo
681 1774 748 1831 data
764 1773 881 1847 penitus
896 1790 986 1846 agno·
1042 1775 1311 1831 Dominelomntaia
1327 1777 1463 1848 sapientia
1484 1774 1577 1848 secati
1600 1776 1869 1849 (Psalmrxxnnll).

162 1879 332 1934 sceremas;
348 1866 400 1920 aut
414 1862 480 1920 ideo
495 1866 529 1918 ut
542 1862 573 1918 in
597 1863 717 1920 arbitrio
741 1864 830 1937 positi
855 1865 929 1920 bene
943 1862 987 1920 vel
1002 1828 1027 1895 Β
1043 1869 1110 1921 Haec
1124 1865 1214 1921 etiam
1230 1864 1379 1923 mirabilia
1393 1881 1481 1939 opera
1494 1868 1608 1937 oportet
1622 1866 1868 1939 nosjugitercon·

163 1951 241 2010 male
255 1952 362 2028 agendi
375 1950 489 2024 copiam
505 1950 691 2009 haberemus.
1043 1954 1183 2023 siderare,
1211 1953 1360 2027 simulque
1381 1953 1446 2010 aliis
1471 1954 1580 2026 quibus
1595 1971 1669 2028 opus
1688 1958 1743 2023 est,
1760 1954 1870 2028 quique

199 2039 351 2099 listellam
365 2041 462 2098 adbuc
477 2041 572 2098 latens
589 2040 692 2100 divine
712 2040 860 2114 sapientis
876 2046 904 2098 et
918 2042 989 2099 oha-
1045 2044 1212 2117 dignantur,
1234 2044 1346 2111 audire,
1371 2044 1513 2101 debemus
1529 2043 1675 2101 intimare.
1692 2043 1869 2102 Charitatsm

163 2129 259 2189 ritulis
274 2129 525 2205 eausajugitcrin
540 2131 692 2200 creaturis,
709 2133 857 2205 rebusque
867 2131 989 2190 diversis
1044 2133 1162 2206 quippe,
1174 2149 1263 2205 qaam
1280 2138 1355 2190 Dens
1372 2133 1456 2190 nobis
1472 2132 1602 2189 exhibuit
1617 2133 1707 2190 corda
1722 2137 1823 2191 nostra
1838 2134 1870 2190 il·

162 2220 324 2295 pensanda,
335 2236 399 2294 qua
414 2221 500 2279 liceat
512 2219 697 2294 aliquatenus
712 2221 748 2278 ad
764 2222 988 2295 supradictarc·
1044 2219 1316 2290 lustrando,mundi
1332 2226 1532 2294 contemptum
1548 2222 1787 2295 inspirando,nos
1797 2240 1869 2299 qao-

162 2309 277 2384 spiciat,
294 2308 419 2383 speciale
434 2312 533 2367 tamen
549 2310 693 2382 quiddam
708 2312 739 2367 ia
754 2327 785 2368 se
799 2315 902 2385 gestat.
918 2310 988 2368 Dico
1044 2327 1100 2383 qus
1115 2310 1180 2368 aliis
1207 2310 1342 2368 exhibere
1361 2312 1512 2382 debemus,
1538 2312 1722 2369 admonendo
1748 2328 1811 2382 eoa,
1827 2317 1869 2384 ut,

163 2397 481 2472 namqassspientiam
497 2403 526 2455 el
547 2399 720 2457 charitatem
739 2401 897 2457 maximam
913 2416 987 2472 esse,
1044 2404 1244 2474 comtempas
1260 2399 1417 2457 miserendi
1433 2400 1481 2469 sit,
1511 2401 1657 2473 sagiuata
1683 2406 1807 2460 ventura
1827 2402 1871 2460 ira

165 2487 989 2563 qaodDeusetjadiciumjastamquobaminemprobans
1044 2495 1176 2564 qnaerant
1199 2491 1369 2561 Dominam,
1387 2492 1458 2548 dum
1473 2491 1598 2548 inveniri
1613 2495 1716 2565 potest,
1732 2492 1873 2550 invocent

163 2575 299 2652 permisit
313 2575 427 2645 cadara,
443 2577 617 2650 etgraliam,
627 2594 685 2649 qua
699 2578 834 2651 dignatas
849 2584 894 2635 est
904 2577 988 2636 illam
1045 2582 1136 2638 Deum
1152 2582 1222 2636 dam
1238 2597 1329 2654 prope
1351 2587 1396 2637 est
1411 2582 1473 2653 (lsa.
1490 2598 1534 2649 nv,
1549 2582 1589 2653 6).
1610 2581 1683 2638 Nam
1698 2581 1785 2638 modo
1800 2597 1871 2638 cum

165 2681 310 2740 reparare,
326 2669 488 2740 utrumque
508 2665 538 2722 in
554 2667 696 2723 creaturis
711 2668 855 2741 rebusque
871 2667 989 2726 sibimet
1044 2670 1871 2743 promittiturveniaconversis,propeestllominasomni·

163 2755 307 2831 oppositis
319 2754 384 2813 ideo
399 2755 529 2829 quotidie
544 2756 615 2830 agit,
631 2756 821 2831 quotidieque
835 2758 989 2831 pandit,ut
1042 2759 1099 2815 bus
1116 2758 1320 2815 invocantibus
1339 2775 1407 2815 eum
1422 2759 1452 2814 in
1467 2759 1588 2815 veritate
1600 2759 1687 2831 (Paul.
1703 2775 1796 2831 cxmv,
1813 2761 1870 2833 18).

164 2844 261 2902 omnis
276 2843 375 2917 bomo,
386 2860 549 2918 agnoscens
558 2845 704 2917 judicium
716 2847 794 2917 quod
812 2847 988 2920 meretur,ad
1043 2849 1124 2904 'lunc
1137 2864 1203 2905 vero
1215 2864 1283 2904 cam
1290 2848 1382 2920 judex
1396 2848 1548 2905 districtus
1561 2848 1740 2922 apparuerit,
1751 2849 1868 2924 longea

154 2921 294 2991 'oblatam
305 2933 361 2991 sibi
371 2933 497 3008 gratiam
507 2934 601 3007 lagiat
610 2938 639 2991 et
648 2951 665 2991 a
675 2934 760 2992 malis
770 2935 908 3009 operibus
918 2952 988 2992 oon·
1043 2936 1246 3010 peccatoribus
1260 2936 1367 3005 existit,
1385 2937 1455 3009 quia
1468 2938 1629 3010 peccatoris
1642 2937 1753 2997 nullius
1767 2955 1871 3013 preces

162 3025 303 3082 vertatur.
314 3023 406 3096 Cujus
420 3023 461 3081 rei
476 3023 642 3098 explanada
651 3024 746 3098 gratia
754 3024 882 3082 dicimus
892 3042 989 3083 exem·
1042 3027 1170 3083 exaudit.

165 3109 225 3184 pla.
241 3110 343 3169 Omnis
358 3129 487 3185 namque
501 3117 709 3186 creaturaque
719 3113 804 3171 uobis
819 3115 989 3172 adversatur
1076 3116 1224 3173 iudicium
1241 3119 1355 3174 mnium
1368 3117 1482 3174 eunetis
1496 3121 1541 3176 est
1553 3134 1632 3174 nunc
1647 3117 1832 3193 fugiendum,

166 3201 201 3255 ut
214 3199 270 3271 lea,
281 3199 370 3273 lupas
385 3204 415 3257 et
427 3217 536 3271 mures,
547 3200 702 3276 vilitasque
712 3202 809 3261 omnis
819 3219 878 3276 qua
892 3204 1027 3272 carna-C
1081 3205 1155 3263 Cum
1170 3210 1289 3278 tempus
1303 3207 1392 3263 venia
1413 3222 1585 3264 concessum
1600 3207 1730 3264 creditur
1742 3222 1819 3265 esse.

163 3285 233 3346 liter
257 3286 487 3360 circumdamur,
503 3306 555 3347 uec
569 3308 629 3348 non
643 3291 714 3350 vitia
729 3308 792 3366 que
806 3293 891 3350 nobis
907 3293 992 3366 spiri·
1082 3299 1148 3353 fleo
1163 3311 1216 3368 ego
1232 3294 1370 3353 mortales
1385 3297 1534 3354 attendere
1552 3298 1691 3371 deprecor
1705 3312 1819 3354 omnes.

163 3374 611 3453 lualiterdomiuauturjastum
621 3380 992 3457 Deliudiciumperhomi·
1390 3384 1525 3458 Explicit.

160 3559 1873 3596 mnu-affl

510 3744 1087 3853 ἿΕΝΕΙΔΒΙΗΒ
1136 3749 1527 3856 θἸΕΙιΟΝΙ

762 3956 939 4023 uodacffll
958 3962 1274 4024 abbandunensis

282 4075 285 4079 ’
372 4135 627 4265 araas
667 4141 776 4266 oa
821 4141 1098 4270 conso
1146 4145 1655 4274 SPIRITUALI.

222 4357 255 4412 le
268 4355 356 4415 lacem
370 4357 461 4417 editas
474 4373 512 4418 ex
525 4361 583 4420 cod.
598 4378 652 4420 ms.
672 4364 826 4438 imperiales
839 4367 1005 4423 monasterie
1018 4370 1370 4426 sanct-Emmerammensis
1385 4370 1524 4428 listulas.
1541 4372 1571 4427 li.
1589 4372 1620 4427 l).
1638 4375 1669 4429 Ρ.
1686 4369 1807 4445 casparo

755 4436 910 4495 Altlecliaer
922 4437 1099 4497 benedictino
1114 4440 1272 4498 bellicensi.

385 4575 482 4648 (Apud
496 4575 529 4634 lt.
545 4576 579 4635 B.
595 4577 776 4637 Barnardam
791 4580 919 4655 Peaiam,
936 4581 1068 4640 laesuri
1080 4583 1278 4643 Anecdotorem
1288 4586 1432 4643 novissimi
1448 4585 1497 4653 ΙΙΙ,
1513 4602 1545 4656 ιι,
1559 4585 1635 4657 257.)

644 4872 963 4967 PROLOGUS
994 4878 1142 4968 LIBRI
1170 4880 1376 4971 HUJUS.

192 5055 323 5116 Audiens
333 5059 462 5120 simulet
473 5063 983 5142 videnslongelateqaedetineriilla
997 5077 1020 5143 Ι)
1035 5074 1183 5148 principes
1193 5075 1587 5148 rectoresquebujusmundi
1597 5076 1870 5152 viderellaeisutcs)

157 5144 267 5205 erroris
282 5153 312 5207 et
333 5149 503 5210 aliliolionis
528 5154 689 5228 signaque
712 5157 742 5212 in
763 5159 917 5235 Evangelio
932 5179 986 5220 neo
1040 5163 1167 5237 cogitare
1182 5163 1255 5235 coepi
1277 5163 1347 5235 quid
1364 5166 1400 5221 nd
1428 5165 1489 5222 bac
1512 5167 1606 5225 lacere
1635 5181 1763 5239 possem.
1780 5165 1871 5224 Dolor

154 5248 214 5293 aon
230 5235 260 5294 ln
272 5236 338 5296 aliis
347 5239 430 5299 libris
439 5243 575 5315 predicta
584 5249 654 5302 sunt
666 5244 702 5302 de
712 5246 882 5307 novissimis
893 5251 984 5324 buJas
1039 5251 1231 5325 namque,qui
1243 5268 1295 5325 pro
1310 5254 1489 5328 negligentia
1500 5260 1583 5312 tanta
1597 5255 1671 5312 mibi
1686 5254 1872 5322 ineratnun·

153 5321 251 5426 wouli
266 5328 459 5401 temporibus,
475 5332 527 5389 sed
542 5348 616 5405 pene
632 5333 706 5391 nulli
721 5335 820 5394 valens
844 5341 984 5411 prodesse
1038 5358 1127 5415 quam
1143 5357 1191 5398 me
1206 5341 1269 5397 sins
1284 5358 1354 5399 cura
1370 5345 1553 5415 permiserat.
1579 5345 1614 5400 Et
1635 5344 1784 5416 quomodo
1800 5360 1870 5417 pos·

155 5410 278 5472 aonsrlio
301 5416 348 5474 val
369 5420 501 5496 exemplo
525 5423 743 5496 (unusquisque
770 5426 859 5497 enim,
893 5447 982 5503 quem
1038 5429 1162 5498 samael
1175 5429 1370 5488 einecuravel
1382 5433 1445 5490 sine
1455 5433 1584 5490 maxima
1595 5432 1791 5489 admiratione
1803 5448 1872 5491 esse

154 5498 314 5563 admouere
328 5512 513 5587 presumpsi,
533 5512 649 5570 dicebat
663 5528 695 5571 se
716 5517 881 5575 neeessaria
896 5519 981 5591 sequi
1036 5518 1307 5592 cumperitissimos
1317 5520 1591 5594 quosdamclerioos
1603 5521 1737 5579 audirem
1752 5522 1870 5596 optima

154 5587 281 5677 pilorum
302 5600 396 5677 gesta,
421 5618 474 5662 aeo
497 5601 578 5663 aliud
601 5616 688 5678 posse
711 5603 805 5665 lacere
828 5606 886 5667 nisi
901 5610 979 5689 quod
1035 5623 1158 5689 quaque
1172 5607 1238 5668 aliis
1252 5610 1475 5689 predicare,ssd
1483 5627 1551 5670 mox
1564 5615 1632 5693 post
1645 5610 1868 5695 predicationis
