<?xml version="1.0" encoding="UTF-8"?>
<!DOCTYPE html PUBLIC "-//W3C//DTD XHTML 1.0 Transitional//EN"
    "http://www.w3.org/TR/xhtml1/DTD/xhtml1-transitional.dtd">
<html xmlns="http://www.w3.org/1999/xhtml" xml:lang="en" lang="en">
 <head>
  <title>
</title>
<meta http-equiv="Content-Type" content="text/html;charset=utf-8" />
  <meta name='ocr-system' content='tesseract 3.04.00' />
  <meta name='ocr-capabilities' content='ocr_page ocr_carea ocr_par ocr_line ocrx_word'/>
</head>
<body>
  <div class='ocr_page' id='page_1' title='image "./patrologiaecurs01unkngoog_0473.png"; bbox 0 0 3892 6096; ppageno 0'>
   <div class='ocr_carea' id='block_1_1' title="bbox 786 290 1695 364">
    <p class='ocr_par' dir='ltr' id='par_1_1' title="bbox 786 290 1695 364">
     <span class='ocr_line' id='line_1_1' title="bbox 786 290 1695 364; baseline -0.007 -14"><span class='ocrx_word' id='word_1_1' title='bbox 786 290 900 350; x_wconf 75' lang='lat' dir='ltr'>ACTA.</span> <span class='ocrx_word' id='word_1_2' title='bbox 1635 301 1695 364; x_wconf 74' lang='lat'>938</span> 
     </span>
    </p>
   </div>
   <div class='ocr_carea' id='block_1_2' title="bbox 92 421 1707 5389">
    <p class='ocr_par' dir='ltr' id='par_1_2' title="bbox 92 421 1707 5389">
     <span class='ocr_line' id='line_1_2' title="bbox 95 421 1692 497; baseline 0.008 -21"><span class='ocrx_word' id='word_1_3' title='bbox 95 464 103 491; x_wconf 94' lang='lat'>,</span> <span class='ocrx_word' id='word_1_4' title='bbox 117 437 163 477; x_wconf 90' lang='lat' dir='ltr'>me</span> <span class='ocrx_word' id='word_1_5' title='bbox 177 422 240 489; x_wconf 92' lang='lat' dir='ltr'>tibi,</span> <span class='ocrx_word' id='word_1_6' title='bbox 253 428 404 497; x_wconf 88' lang='lat' dir='ltr'>totamque</span> <span class='ocrx_word' id='word_1_7' title='bbox 419 439 514 479; x_wconf 85' lang='lat' dir='ltr'>meam</span> <span class='ocrx_word' id='word_1_8' title='bbox 539 423 711 478; x_wconf 88' lang='lat' dir='ltr'>commendo</span> <span class='ocrx_word' id='word_1_9' title='bbox 728 421 813 476; x_wconf 87' lang='lat' dir='ltr'>fami·</span> <span class='ocrx_word' id='word_1_10' title='bbox 828 423 856 489; x_wconf 77' lang='grc' dir='ltr'><strong>Α</strong></span> <span class='ocrx_word' id='word_1_11' title='bbox 870 421 1007 494; x_wconf 87' lang='lat' dir='ltr'>vicosque</span> <span class='ocrx_word' id='word_1_12' title='bbox 1021 440 1123 479; x_wconf 81' lang='lat' dir='ltr'>omnes</span> <span class='ocrx_word' id='word_1_13' title='bbox 1133 425 1283 496; x_wconf 88' lang='lat' dir='ltr'>implebat,</span> <span class='ocrx_word' id='word_1_14' title='bbox 1297 434 1404 485; x_wconf 90' lang='lat' dir='ltr'>matres</span> <span class='ocrx_word' id='word_1_15' title='bbox 1417 434 1446 485; x_wconf 89' lang='lat' dir='ltr'>et</span> <span class='ocrx_word' id='word_1_16' title='bbox 1456 429 1531 486; x_wconf 81' lang='lat' dir='ltr'>filias</span> <span class='ocrx_word' id='word_1_17' title='bbox 1544 432 1579 486; x_wconf 91' lang='lat' dir='ltr'>ad</span> <span class='ocrx_word' id='word_1_18' title='bbox 1592 432 1692 489; x_wconf 82' lang='lat' dir='ltr'>flatum</span> 
     </span>
     <span class='ocr_line' id='line_1_3' title="bbox 93 510 1693 591; baseline 0.008 -25"><span class='ocrx_word' id='word_1_19' title='bbox 93 510 196 568; x_wconf 88' lang='lat' dir='ltr'>saltem</span> <span class='ocrx_word' id='word_1_20' title='bbox 207 512 254 568; x_wconf 91' lang='lat' dir='ltr'>his</span> <span class='ocrx_word' id='word_1_21' title='bbox 265 512 294 567; x_wconf 92' lang='lat' dir='ltr'>in</span> <span class='ocrx_word' id='word_1_22' title='bbox 305 512 454 585; x_wconf 87' lang='lat' dir='ltr'>periculis,</span> <span class='ocrx_word' id='word_1_23' title='bbox 464 528 610 591; x_wconf 76' lang='lat' dir='ltr'>nusquam</span> <span class='ocrx_word' id='word_1_24' title='bbox 622 513 755 583; x_wconf 89' lang='lat' dir='ltr'>gentium</span> <span class='ocrx_word' id='word_1_25' title='bbox 766 528 814 566; x_wconf 91' lang='lat' dir='ltr'>au·</span> <span class='ocrx_word' id='word_1_26' title='bbox 870 511 1071 583; x_wconf 72' lang='lat' dir='ltr'>gemitumque</span> <span class='ocrx_word' id='word_1_27' title='bbox 1086 513 1235 570; x_wconf 87' lang='lat' dir='ltr'>invitabat.</span> <span class='ocrx_word' id='word_1_28' title='bbox 1260 515 1368 572; x_wconf 90' lang='lat' dir='ltr'>Verum</span> <span class='ocrx_word' id='word_1_29' title='bbox 1392 516 1448 574; x_wconf 91' lang='lat' dir='ltr'>hoc</span> <span class='ocrx_word' id='word_1_30' title='bbox 1463 520 1619 576; x_wconf 88' lang='lat' dir='ltr'>tacendum</span> <span class='ocrx_word' id='word_1_31' title='bbox 1635 538 1693 578; x_wconf 90' lang='lat' dir='ltr'>non</span> 
     </span>
     <span class='ocr_line' id='line_1_4' title="bbox 93 599 1694 679; baseline 0.007 -23"><span class='ocrx_word' id='word_1_32' title='bbox 93 600 187 656; x_wconf 85' lang='lat' dir='ltr'>mima</span> <span class='ocrx_word' id='word_1_33' title='bbox 203 618 239 656; x_wconf 90' lang='lat' dir='ltr'>ne</span> <span class='ocrx_word' id='word_1_34' title='bbox 255 607 374 674; x_wconf 89' lang='lat' dir='ltr'>pereant</span> <span class='ocrx_word' id='word_1_35' title='bbox 397 605 514 672; x_wconf 73' lang='lat' dir='ltr'>nostrie,</span> <span class='ocrx_word' id='word_1_36' title='bbox 535 605 586 656; x_wconf 91' lang='lat' dir='ltr'>tua</span> <span class='ocrx_word' id='word_1_37' title='bbox 608 599 694 656; x_wconf 86' lang='lat' dir='ltr'>solita</span> <span class='ocrx_word' id='word_1_38' title='bbox 707 601 815 673; x_wconf 85' lang='lat' dir='ltr'>pietate</span> <span class='ocrx_word' id='word_1_39' title='bbox 869 599 954 665; x_wconf 88' lang='lat' dir='ltr'>duco,</span> <span class='ocrx_word' id='word_1_40' title='bbox 972 601 1025 671; x_wconf 90' lang='lat' dir='ltr'>uti,</span> <span class='ocrx_word' id='word_1_41' title='bbox 1041 602 1111 657; x_wconf 92' lang='lat' dir='ltr'>dum</span> <span class='ocrx_word' id='word_1_42' title='bbox 1128 603 1241 659; x_wconf 81' lang='lat' dir='ltr'>damon</span> <span class='ocrx_word' id='word_1_43' title='bbox 1256 604 1493 679; x_wconf 89' lang='lat' dir='ltr'>eam,Virginem</span> <span class='ocrx_word' id='word_1_44' title='bbox 1507 607 1630 667; x_wconf 87' lang='lat' dir='ltr'>Mariam</span> <span class='ocrx_word' id='word_1_45' title='bbox 1644 611 1694 668; x_wconf 89' lang='lat' dir='ltr'>in·</span> 
     </span>
     <span class='ocr_line' id='line_1_5' title="bbox 93 689 1696 766; baseline 0.007 -22"><span class='ocrx_word' id='word_1_46' title='bbox 93 705 133 745; x_wconf 88' lang='lat' dir='ltr'>s:</span> <span class='ocrx_word' id='word_1_47' title='bbox 151 706 219 745; x_wconf 91' lang='lat' dir='ltr'>nam</span> <span class='ocrx_word' id='word_1_48' title='bbox 235 691 319 746; x_wconf 87' lang='lat' dir='ltr'>nobis</span> <span class='ocrx_word' id='word_1_49' title='bbox 331 707 387 746; x_wconf 93' lang='lat' dir='ltr'>non</span> <span class='ocrx_word' id='word_1_50' title='bbox 404 707 471 746; x_wconf 92' lang='lat' dir='ltr'>cum</span> <span class='ocrx_word' id='word_1_51' title='bbox 488 689 671 760; x_wconf 75' lang='lat' dir='ltr'><strong>mortalibus,</strong></span> <span class='ocrx_word' id='word_1_52' title='bbox 682 691 733 746; x_wconf 87' lang='lat' dir='ltr'>sed</span> <span class='ocrx_word' id='word_1_53' title='bbox 746 706 814 746; x_wconf 90' lang='lat' dir='ltr'>cum</span> <span class='ocrx_word' id='word_1_54' title='bbox 869 693 1031 759; x_wconf 82' lang='lat' dir='ltr'>vocantem,</span> <span class='ocrx_word' id='word_1_55' title='bbox 1047 706 1099 762; x_wconf 88' lang='lat' dir='ltr'>per</span> <span class='ocrx_word' id='word_1_56' title='bbox 1113 691 1259 750; x_wconf 89' lang='lat' dir='ltr'>scalarum</span> <span class='ocrx_word' id='word_1_57' title='bbox 1275 694 1385 766; x_wconf 88' lang='lat' dir='ltr'>gradus</span> <span class='ocrx_word' id='word_1_58' title='bbox 1400 694 1459 751; x_wconf 90' lang='lat' dir='ltr'>ulla</span> <span class='ocrx_word' id='word_1_59' title='bbox 1478 696 1504 751; x_wconf 90' lang='lat' dir='ltr'>vi</span> <span class='ocrx_word' id='word_1_60' title='bbox 1522 699 1696 756; x_wconf 87' lang='lat' dir='ltr'>contrudere</span> 
     </span>
     <span class='ocr_line' id='line_1_6' title="bbox 93 777 1697 861; baseline 0.007 -27"><span class='ocrx_word' id='word_1_61' title='bbox 93 795 102 835; x_wconf 75' lang='lat' dir='ltr'>v</span> <span class='ocrx_word' id='word_1_62' title='bbox 119 795 165 834; x_wconf 89' lang='lat' dir='ltr'>res</span> <span class='ocrx_word' id='word_1_63' title='bbox 180 784 234 850; x_wconf 90' lang='lat' dir='ltr'>est,</span> <span class='ocrx_word' id='word_1_64' title='bbox 251 780 296 834; x_wconf 90' lang='lat' dir='ltr'>cui</span> <span class='ocrx_word' id='word_1_65' title='bbox 312 778 431 835; x_wconf 90' lang='lat' dir='ltr'>nomina</span> <span class='ocrx_word' id='word_1_66' title='bbox 443 777 533 849; x_wconf 89' lang='lat' dir='ltr'>mille,</span> <span class='ocrx_word' id='word_1_67' title='bbox 546 778 626 835; x_wconf 92' lang='lat' dir='ltr'>mille</span> <span class='ocrx_word' id='word_1_68' title='bbox 639 779 760 836; x_wconf 89' lang='lat' dir='ltr'>nocendi</span> <span class='ocrx_word' id='word_1_69' title='bbox 773 796 816 834; x_wconf 72' lang='lat' dir='ltr'>ar</span> <span class='ocrx_word' id='word_1_70' title='bbox 870 777 1054 850; x_wconf 83' lang='lat' dir='ltr'>convaleret,</span> <span class='ocrx_word' id='word_1_71' title='bbox 1067 779 1422 839; x_wconf 87' lang='lat' dir='ltr'>iratusetaocensusaam</span> <span class='ocrx_word' id='word_1_72' title='bbox 1433 785 1560 843; x_wconf 91' lang='lat' dir='ltr'>mediam</span> <span class='ocrx_word' id='word_1_73' title='bbox 1571 786 1697 861; x_wconf 82' lang='lat' dir='ltr'>comple</span> 
     </span>
     <span class='ocr_line' id='line_1_7' title="bbox 93 867 1697 944; baseline 0.007 -22"><span class='ocrx_word' id='word_1_74' title='bbox 93 884 214 940; x_wconf 89' lang='lat' dir='ltr'>quorum</span> <span class='ocrx_word' id='word_1_75' title='bbox 225 867 307 923; x_wconf 91' lang='lat' dir='ltr'>nulla</span> <span class='ocrx_word' id='word_1_76' title='bbox 317 883 385 940; x_wconf 88' lang='lat' dir='ltr'>spes</span> <span class='ocrx_word' id='word_1_77' title='bbox 396 868 484 924; x_wconf 90' lang='lat' dir='ltr'>datur</span> <span class='ocrx_word' id='word_1_78' title='bbox 495 867 657 924; x_wconf 88' lang='lat' dir='ltr'>consolum</span> <span class='ocrx_word' id='word_1_79' title='bbox 669 868 813 936; x_wconf 86' lang='lat' dir='ltr'>vincendi,</span> <span class='ocrx_word' id='word_1_80' title='bbox 870 870 963 936; x_wconf 89' lang='lat' dir='ltr'>ctens,</span> <span class='ocrx_word' id='word_1_81' title='bbox 975 867 1075 941; x_wconf 89' lang='lat' dir='ltr'>sicque</span> <span class='ocrx_word' id='word_1_82' title='bbox 1089 887 1140 942; x_wconf 91' lang='lat' dir='ltr'>per</span> <span class='ocrx_word' id='word_1_83' title='bbox 1149 887 1246 927; x_wconf 90' lang='lat' dir='ltr'>acrem</span> <span class='ocrx_word' id='word_1_84' title='bbox 1262 873 1431 944; x_wconf 89' lang='lat' dir='ltr'>deportans,</span> <span class='ocrx_word' id='word_1_85' title='bbox 1442 873 1554 931; x_wconf 88' lang='lat' dir='ltr'>aiebat:</span> <span class='ocrx_word' id='word_1_86' title='bbox 1567 875 1697 935; x_wconf 85' lang='lat' dir='ltr'>Pessima</span> 
     </span>
     <span class='ocr_line' id='line_1_8' title="bbox 104 956 1695 1033; baseline 0.007 -21"><span class='ocrx_word' id='word_1_87' title='bbox 104 972 156 1012; x_wconf 93' lang='lat' dir='ltr'>nec</span> <span class='ocrx_word' id='word_1_88' title='bbox 171 956 312 1012; x_wconf 89' lang='lat' dir='ltr'>evadendi</span> <span class='ocrx_word' id='word_1_89' title='bbox 328 957 457 1028; x_wconf 89' lang='lat' dir='ltr'>quidem.</span> <span class='ocrx_word' id='word_1_90' title='bbox 869 972 947 1012; x_wconf 92' lang='lat' dir='ltr'>nunc</span> <span class='ocrx_word' id='word_1_91' title='bbox 962 957 1081 1029; x_wconf 90' lang='lat' dir='ltr'>peribis,</span> <span class='ocrx_word' id='word_1_92' title='bbox 1094 959 1218 1033; x_wconf 88' lang='lat' dir='ltr'>jamque</span> <span class='ocrx_word' id='word_1_93' title='bbox 1232 960 1398 1033; x_wconf 84' lang='lat' dir='ltr'>exemplum</span> <span class='ocrx_word' id='word_1_94' title='bbox 1414 967 1442 1018; x_wconf 90' lang='lat' dir='ltr'>te</span> <span class='ocrx_word' id='word_1_95' title='bbox 1458 964 1595 1021; x_wconf 91' lang='lat' dir='ltr'>omnibus</span> <span class='ocrx_word' id='word_1_96' title='bbox 1608 966 1695 1023; x_wconf 85' lang='lat' dir='ltr'>dabo.</span> 
     </span>
     <span class='ocr_line' id='line_1_9' title="bbox 100 1043 1697 1123; baseline 0.006 -22"><span class='ocrx_word' id='word_1_97' title='bbox 100 1043 153 1101; x_wconf 84' lang='lat' dir='ltr'>His</span> <span class='ocrx_word' id='word_1_98' title='bbox 167 1044 264 1114; x_wconf 89' lang='lat' dir='ltr'>dictis,</span> <span class='ocrx_word' id='word_1_99' title='bbox 281 1061 369 1116; x_wconf 92' lang='lat' dir='ltr'>quem</span> <span class='ocrx_word' id='word_1_100' title='bbox 386 1045 495 1102; x_wconf 80' lang='lat' dir='ltr'>exitum</span> <span class='ocrx_word' id='word_1_101' title='bbox 513 1061 560 1101; x_wconf 90' lang='lat' dir='ltr'>res</span> <span class='ocrx_word' id='word_1_102' title='bbox 575 1046 712 1103; x_wconf 90' lang='lat' dir='ltr'>habitura</span> <span class='ocrx_word' id='word_1_103' title='bbox 726 1051 812 1113; x_wconf 91' lang='lat' dir='ltr'>esset,</span> <span class='ocrx_word' id='word_1_104' title='bbox 868 1044 942 1108; x_wconf 87' lang='lat' dir='ltr'>Ouid</span> <span class='ocrx_word' id='word_1_105' title='bbox 958 1044 1055 1118; x_wconf 89' lang='lat' dir='ltr'>puella</span> <span class='ocrx_word' id='word_1_106' title='bbox 1068 1047 1160 1119; x_wconf 88' lang='lat' dir='ltr'>virgo,</span> <span class='ocrx_word' id='word_1_107' title='bbox 1172 1053 1270 1105; x_wconf 88' lang='lat' dir='ltr'>tamon</span> <span class='ocrx_word' id='word_1_108' title='bbox 1286 1049 1327 1105; x_wconf 88' lang='lat' dir='ltr'>ita</span> <span class='ocrx_word' id='word_1_109' title='bbox 1338 1051 1489 1123; x_wconf 90' lang='lat' dir='ltr'>acerrime,</span> <span class='ocrx_word' id='word_1_110' title='bbox 1505 1069 1539 1109; x_wconf 90' lang='lat' dir='ltr'>ao</span> <span class='ocrx_word' id='word_1_111' title='bbox 1554 1053 1579 1109; x_wconf 92' lang='lat' dir='ltr'>si</span> <span class='ocrx_word' id='word_1_112' title='bbox 1594 1053 1639 1109; x_wconf 90' lang='lat' dir='ltr'>vir</span> <span class='ocrx_word' id='word_1_113' title='bbox 1651 1070 1697 1111; x_wconf 89' lang='lat' dir='ltr'>es·</span> 
     </span>
     <span class='ocr_line' id='line_1_10' title="bbox 95 1132 1697 1214; baseline 0.005 -24"><span class='ocrx_word' id='word_1_114' title='bbox 95 1132 293 1206; x_wconf 73' lang='lat' dir='ltr'><strong>expectabam,</strong></span> <span class='ocrx_word' id='word_1_115' title='bbox 309 1149 377 1189; x_wconf 90' lang='lat' dir='ltr'>cum</span> <span class='ocrx_word' id='word_1_116' title='bbox 393 1139 511 1206; x_wconf 88' lang='lat' dir='ltr'>repente</span> <span class='ocrx_word' id='word_1_117' title='bbox 526 1134 602 1190; x_wconf 91' lang='lat' dir='ltr'>hanc</span> <span class='ocrx_word' id='word_1_118' title='bbox 617 1151 712 1191; x_wconf 91' lang='lat' dir='ltr'>meam</span> <span class='ocrx_word' id='word_1_119' title='bbox 722 1134 813 1190; x_wconf 90' lang='lat' dir='ltr'>filiam</span> <span class='ocrx_word' id='word_1_120' title='bbox 868 1149 926 1202; x_wconf 88' lang='lat' dir='ltr'>ses,</span> <span class='ocrx_word' id='word_1_121' title='bbox 949 1135 1087 1192; x_wconf 78' lang='lat' dir='ltr'>resistis?</span> <span class='ocrx_word' id='word_1_122' title='bbox 1111 1136 1180 1193; x_wconf 88' lang='lat' dir='ltr'>Mihi</span> <span class='ocrx_word' id='word_1_123' title='bbox 1208 1139 1302 1203; x_wconf 85' lang='lat' dir='ltr'>crede.</span> <span class='ocrx_word' id='word_1_124' title='bbox 1327 1155 1385 1195; x_wconf 92' lang='lat' dir='ltr'>non</span> <span class='ocrx_word' id='word_1_125' title='bbox 1399 1145 1427 1196; x_wconf 90' lang='lat' dir='ltr'>ts</span> <span class='ocrx_word' id='word_1_126' title='bbox 1451 1144 1510 1197; x_wconf 78' lang='lat' dir='ltr'>tua</span> <span class='ocrx_word' id='word_1_127' title='bbox 1525 1157 1635 1214; x_wconf 88' lang='lat' dir='ltr'>preces,</span> <span class='ocrx_word' id='word_1_128' title='bbox 1652 1141 1697 1198; x_wconf 90' lang='lat' dir='ltr'>vel</span> 
     </span>
     <span class='ocr_line' id='line_1_11' title="bbox 93 1221 1698 1298; baseline 0.006 -19"><span class='ocrx_word' id='word_1_129' title='bbox 93 1221 196 1279; x_wconf 76' lang='lat' dir='ltr'>sinatis</span> <span class='ocrx_word' id='word_1_130' title='bbox 206 1221 314 1279; x_wconf 92' lang='lat' dir='ltr'>ictibus</span> <span class='ocrx_word' id='word_1_131' title='bbox 325 1221 459 1279; x_wconf 90' lang='lat' dir='ltr'>diabolos</span> <span class='ocrx_word' id='word_1_132' title='bbox 470 1223 608 1280; x_wconf 90' lang='lat' dir='ltr'>atrociter</span> <span class='ocrx_word' id='word_1_133' title='bbox 618 1223 648 1279; x_wconf 95' lang='lat' dir='ltr'>in</span> <span class='ocrx_word' id='word_1_134' title='bbox 657 1224 741 1298; x_wconf 90' lang='lat' dir='ltr'>genis</span> <span class='ocrx_word' id='word_1_135' title='bbox 751 1240 813 1296; x_wconf 91' lang='lat' dir='ltr'>per·</span> <span class='ocrx_word' id='word_1_136' title='bbox 869 1227 988 1280; x_wconf 90' lang='lat' dir='ltr'>tuorum</span> <span class='ocrx_word' id='word_1_137' title='bbox 1002 1225 1150 1282; x_wconf 86' lang='lat' dir='ltr'>orationes</span> <span class='ocrx_word' id='word_1_138' title='bbox 1173 1231 1303 1284; x_wconf 89' lang='lat' dir='ltr'>tuentur.</span> <span class='ocrx_word' id='word_1_139' title='bbox 1326 1228 1379 1284; x_wconf 84' lang='lat' dir='ltr'>Cui</span> <span class='ocrx_word' id='word_1_140' title='bbox 1399 1228 1468 1286; x_wconf 91' lang='lat' dir='ltr'>illa:</span> <span class='ocrx_word' id='word_1_141' title='bbox 1485 1229 1547 1289; x_wconf 86' lang='lat' dir='ltr'>Non</span> <span class='ocrx_word' id='word_1_142' title='bbox 1571 1246 1618 1289; x_wconf 86' lang='lat' dir='ltr'>ms</span> <span class='ocrx_word' id='word_1_143' title='bbox 1641 1235 1698 1289; x_wconf 82' lang='lat' dir='ltr'>tua</span> 
     </span>
     <span class='ocr_line' id='line_1_12' title="bbox 93 1308 1698 1393; baseline 0.006 -25"><span class='ocrx_word' id='word_1_144' title='bbox 93 1328 110 1383; x_wconf 82' lang='lat' dir='ltr'>s,</span> <span class='ocrx_word' id='word_1_145' title='bbox 126 1308 198 1366; x_wconf 90' lang='lat' dir='ltr'>mihi</span> <span class='ocrx_word' id='word_1_146' title='bbox 212 1310 358 1382; x_wconf 88' lang='lat' dir='ltr'>matrique</span> <span class='ocrx_word' id='word_1_147' title='bbox 381 1327 441 1367; x_wconf 80' lang='lat' dir='ltr'>sua</span> <span class='ocrx_word' id='word_1_148' title='bbox 454 1311 535 1383; x_wconf 86' lang='lat' dir='ltr'>(nam</span> <span class='ocrx_word' id='word_1_149' title='bbox 559 1311 639 1367; x_wconf 92' lang='lat' dir='ltr'>domi</span> <span class='ocrx_word' id='word_1_150' title='bbox 659 1314 813 1393; x_wconf 86' lang='lat' dir='ltr'>tuncerat)</span> <span class='ocrx_word' id='word_1_151' title='bbox 868 1311 1698 1393; x_wconf 75' lang='lat' dir='ltr'>deterrentmina,oomniumdamonumpassim03verta</span> 
     </span>
     <span class='ocr_line' id='line_1_13' title="bbox 93 1399 1700 1480; baseline 0.006 -23"><span class='ocrx_word' id='word_1_152' title='bbox 93 1415 166 1471; x_wconf 77' lang='lat' dir='ltr'>uam</span> <span class='ocrx_word' id='word_1_153' title='bbox 176 1399 254 1456; x_wconf 90' lang='lat' dir='ltr'>credi</span> <span class='ocrx_word' id='word_1_154' title='bbox 267 1399 368 1473; x_wconf 89' lang='lat' dir='ltr'>possit,</span> <span class='ocrx_word' id='word_1_155' title='bbox 384 1401 605 1472; x_wconf 83' lang='lat' dir='ltr'>adauctus[e&#39;st]</span> <span class='ocrx_word' id='word_1_156' title='bbox 615 1399 707 1468; x_wconf 92' lang='lat' dir='ltr'>dolor,</span> <span class='ocrx_word' id='word_1_157' title='bbox 721 1417 814 1474; x_wconf 89' lang='lat' dir='ltr'>eoque</span> <span class='ocrx_word' id='word_1_158' title='bbox 868 1405 896 1457; x_wconf 89' lang='lat' dir='ltr'>te</span> <span class='ocrx_word' id='word_1_159' title='bbox 911 1416 1018 1461; x_wconf 72' lang='lat' dir='ltr'>omnen</span> <span class='ocrx_word' id='word_1_160' title='bbox 1027 1402 1057 1459; x_wconf 92' lang='lat' dir='ltr'>in</span> <span class='ocrx_word' id='word_1_161' title='bbox 1074 1403 1173 1476; x_wconf 86' lang='lat' dir='ltr'>facies,</span> <span class='ocrx_word' id='word_1_162' title='bbox 1189 1409 1218 1461; x_wconf 90' lang='lat' dir='ltr'>et</span> <span class='ocrx_word' id='word_1_163' title='bbox 1232 1405 1382 1477; x_wconf 88' lang='lat' dir='ltr'>contrahe,</span> <span class='ocrx_word' id='word_1_164' title='bbox 1399 1407 1543 1480; x_wconf 90' lang='lat' dir='ltr'>quidquid</span> <span class='ocrx_word' id='word_1_165' title='bbox 1560 1408 1620 1466; x_wconf 87' lang='lat' dir='ltr'>sive</span> <span class='ocrx_word' id='word_1_166' title='bbox 1633 1409 1700 1476; x_wconf 85' lang='lat' dir='ltr'>ani·</span> 
     </span>
     <span class='ocr_line' id='line_1_14' title="bbox 93 1487 1698 1570; baseline 0.005 -24"><span class='ocrx_word' id='word_1_167' title='bbox 93 1487 164 1547; x_wconf 84' lang='lat' dir='ltr'>mali</span> <span class='ocrx_word' id='word_1_168' title='bbox 179 1488 262 1544; x_wconf 88' lang='lat' dir='ltr'>humi</span> <span class='ocrx_word' id='word_1_169' title='bbox 282 1490 548 1561; x_wconf 73' lang='lat' dir='ltr'><strong>procumbebamus</strong></span> <span class='ocrx_word' id='word_1_170' title='bbox 563 1508 569 1560; x_wconf 88' lang='lat'>;</span> <span class='ocrx_word' id='word_1_171' title='bbox 587 1489 647 1545; x_wconf 86' lang='lat' dir='ltr'>fllia</span> <span class='ocrx_word' id='word_1_172' title='bbox 662 1506 728 1546; x_wconf 89' lang='lat' dir='ltr'>vero</span> <span class='ocrx_word' id='word_1_173' title='bbox 748 1506 814 1547; x_wconf 85' lang='lat' dir='ltr'>maa</span> <span class='ocrx_word' id='word_1_174' title='bbox 869 1489 925 1546; x_wconf 91' lang='lat' dir='ltr'>mis</span> <span class='ocrx_word' id='word_1_175' title='bbox 934 1491 993 1549; x_wconf 91' lang='lat' dir='ltr'>sive</span> <span class='ocrx_word' id='word_1_176' title='bbox 1001 1493 1698 1570; x_wconf 85' lang='lat' dir='ltr'>artetartareavales,tetuasque,utdixi,minaa,</span> 
     </span>
     <span class='ocr_line' id='line_1_15' title="bbox 93 1577 1698 1659; baseline 0.006 -24"><span class='ocrx_word' id='word_1_177' title='bbox 93 1577 215 1636; x_wconf 81' lang='lat' dir='ltr'>mciatus</span> <span class='ocrx_word' id='word_1_178' title='bbox 225 1593 280 1634; x_wconf 89' lang='lat' dir='ltr'>nac</span> <span class='ocrx_word' id='word_1_179' title='bbox 289 1577 418 1650; x_wconf 90' lang='lat' dir='ltr'>amplius</span> <span class='ocrx_word' id='word_1_180' title='bbox 429 1579 504 1634; x_wconf 87' lang='lat' dir='ltr'>ferre</span> <span class='ocrx_word' id='word_1_181' title='bbox 515 1578 626 1650; x_wconf 86' lang='lat' dir='ltr'>valens,</span> <span class='ocrx_word' id='word_1_182' title='bbox 637 1579 674 1636; x_wconf 89' lang='lat' dir='ltr'>ad</span> <span class='ocrx_word' id='word_1_183' title='bbox 684 1578 813 1653; x_wconf 79' lang='lat' dir='ltr'>Virginis</span> <span class='ocrx_word' id='word_1_184' title='bbox 867 1579 938 1635; x_wconf 82' lang='lat' dir='ltr'>lesu</span> <span class='ocrx_word' id='word_1_185' title='bbox 954 1579 1129 1653; x_wconf 76' lang='lat' dir='ltr'>virgineque</span> <span class='ocrx_word' id='word_1_186' title='bbox 1140 1582 1231 1638; x_wconf 87' lang='lat' dir='ltr'>Maria</span> <span class='ocrx_word' id='word_1_187' title='bbox 1245 1599 1331 1656; x_wconf 88' lang='lat' dir='ltr'>opem</span> <span class='ocrx_word' id='word_1_188' title='bbox 1344 1583 1517 1657; x_wconf 86' lang='lat' dir='ltr'>ferentibus,</span> <span class='ocrx_word' id='word_1_189' title='bbox 1528 1586 1698 1659; x_wconf 74' lang='lat' dir='ltr'>parvifacio.</span> 
     </span>
     <span class='ocr_line' id='line_1_16' title="bbox 94 1667 1698 1746; baseline 0.006 -22"><span class='ocrx_word' id='word_1_190' title='bbox 94 1667 249 1742; x_wconf 86' lang='lat' dir='ltr'>picturam,</span> <span class='ocrx_word' id='word_1_191' title='bbox 262 1684 326 1740; x_wconf 82' lang='lat' dir='ltr'>qua</span> <span class='ocrx_word' id='word_1_192' title='bbox 341 1667 420 1723; x_wconf 91' lang='lat' dir='ltr'>domi</span> <span class='ocrx_word' id='word_1_193' title='bbox 436 1667 466 1722; x_wconf 92' lang='lat' dir='ltr'>in</span> <span class='ocrx_word' id='word_1_194' title='bbox 486 1668 614 1740; x_wconf 89' lang='lat' dir='ltr'>quadam</span> <span class='ocrx_word' id='word_1_195' title='bbox 627 1667 729 1724; x_wconf 89' lang='lat' dir='ltr'>tabula</span> <span class='ocrx_word' id='word_1_196' title='bbox 742 1685 811 1724; x_wconf 93' lang='lat' dir='ltr'>con·</span> <span class='ocrx_word' id='word_1_197' title='bbox 902 1669 966 1724; x_wconf 88' lang='lat'><strong>328.</strong></span> <span class='ocrx_word' id='word_1_198' title='bbox 983 1669 1027 1725; x_wconf 90' lang='lat' dir='ltr'>lta</span> <span class='ocrx_word' id='word_1_199' title='bbox 1041 1686 1143 1726; x_wconf 89' lang='lat' dir='ltr'>secum</span> <span class='ocrx_word' id='word_1_200' title='bbox 1160 1673 1256 1728; x_wconf 90' lang='lat' dir='ltr'>verbis</span> <span class='ocrx_word' id='word_1_201' title='bbox 1269 1671 1493 1746; x_wconf 81' lang='lat' dir='ltr'>dissidentibus,</span> <span class='ocrx_word' id='word_1_202' title='bbox 1508 1675 1623 1732; x_wconf 81' lang='lat' dir='ltr'>damon</span> <span class='ocrx_word' id='word_1_203' title='bbox 1638 1691 1698 1733; x_wconf 87' lang='lat' dir='ltr'>ssa</span> 
     </span>
     <span class='ocr_line' id='line_1_17' title="bbox 93 1755 1696 1856; baseline 0.004 -42"><span class='ocrx_word' id='word_1_204' title='bbox 93 1761 174 1824; x_wconf 85' lang='lat' dir='ltr'>atur,</span> <span class='ocrx_word' id='word_1_205' title='bbox 189 1756 371 1830; x_wconf 72' lang='lat' dir='ltr'>confugiens,</span> <span class='ocrx_word' id='word_1_206' title='bbox 398 1755 571 1828; x_wconf 79' lang='lat' dir='ltr'>suppliciter</span> <span class='ocrx_word' id='word_1_207' title='bbox 593 1761 681 1813; x_wconf 89' lang='lat' dir='ltr'>tunso</span> <span class='ocrx_word' id='word_1_208' title='bbox 696 1762 812 1829; x_wconf 91' lang='lat' dir='ltr'>pectore</span> <span class='ocrx_word' id='word_1_209' title='bbox 827 1791 850 1856; x_wconf 78' lang='lat' dir='ltr'>B</span> <span class='ocrx_word' id='word_1_210' title='bbox 867 1757 966 1830; x_wconf 87' lang='lat' dir='ltr'>puella</span> <span class='ocrx_word' id='word_1_211' title='bbox 980 1758 1110 1831; x_wconf 91' lang='lat' dir='ltr'>separari</span> <span class='ocrx_word' id='word_1_212' title='bbox 1120 1759 1270 1832; x_wconf 79' lang='lat' dir='ltr'>egerrime</span> <span class='ocrx_word' id='word_1_213' title='bbox 1282 1761 1389 1830; x_wconf 89' lang='lat' dir='ltr'>ferens,</span> <span class='ocrx_word' id='word_1_214' title='bbox 1406 1779 1469 1819; x_wconf 90' lang='lat' dir='ltr'>eam</span> <span class='ocrx_word' id='word_1_215' title='bbox 1485 1779 1575 1836; x_wconf 83' lang='lat' dir='ltr'>super</span> <span class='ocrx_word' id='word_1_216' title='bbox 1590 1780 1696 1837; x_wconf 91' lang='lat' dir='ltr'>quem·</span> 
     </span>
     <span class='ocr_line' id='line_1_18' title="bbox 92 1845 1694 1924; baseline 0.004 -21"><span class='ocrx_word' id='word_1_217' title='bbox 92 1862 174 1919; x_wconf 79' lang='lat' dir='ltr'>isque</span> <span class='ocrx_word' id='word_1_218' title='bbox 197 1845 292 1919; x_wconf 89' lang='lat' dir='ltr'>passis</span> <span class='ocrx_word' id='word_1_219' title='bbox 314 1845 401 1901; x_wconf 91' lang='lat' dir='ltr'>talem</span> <span class='ocrx_word' id='word_1_220' title='bbox 429 1846 466 1901; x_wconf 88' lang='lat' dir='ltr'>ad</span> <span class='ocrx_word' id='word_1_221' title='bbox 491 1861 555 1901; x_wconf 89' lang='lat' dir='ltr'>eam</span> <span class='ocrx_word' id='word_1_222' title='bbox 575 1846 735 1902; x_wconf 91' lang='lat' dir='ltr'>orationem</span> <span class='ocrx_word' id='word_1_223' title='bbox 750 1846 810 1903; x_wconf 90' lang='lat' dir='ltr'>imo</span> <span class='ocrx_word' id='word_1_224' title='bbox 865 1847 933 1902; x_wconf 91' lang='lat' dir='ltr'>dam</span> <span class='ocrx_word' id='word_1_225' title='bbox 949 1850 1082 1919; x_wconf 88' lang='lat' dir='ltr'>puteum,</span> <span class='ocrx_word' id='word_1_226' title='bbox 1107 1849 1158 1918; x_wconf 93' lang='lat' dir='ltr'>qui</span> <span class='ocrx_word' id='word_1_227' title='bbox 1173 1848 1294 1904; x_wconf 92' lang='lat' dir='ltr'>domum</span> <span class='ocrx_word' id='word_1_228' title='bbox 1318 1854 1398 1906; x_wconf 81' lang='lat' dir='ltr'>extra</span> <span class='ocrx_word' id='word_1_229' title='bbox 1423 1855 1494 1922; x_wconf 87' lang='lat' dir='ltr'>erat,</span> <span class='ocrx_word' id='word_1_230' title='bbox 1517 1852 1570 1924; x_wconf 79' lang='lat' dir='ltr'>[ut]</span> <span class='ocrx_word' id='word_1_231' title='bbox 1585 1853 1622 1908; x_wconf 90' lang='lat' dir='ltr'>ad</span> <span class='ocrx_word' id='word_1_232' title='bbox 1636 1857 1694 1909; x_wconf 85' lang='lat' dir='ltr'>ter·</span> 
     </span>
     <span class='ocr_line' id='line_1_19' title="bbox 93 1928 1693 2014; baseline 0.004 -23"><span class='ocrx_word' id='word_1_233' title='bbox 93 1935 232 2007; x_wconf 68' lang='lat' dir='ltr'>retrudit:</span> <span class='ocrx_word' id='word_1_234' title='bbox 250 1934 310 1998; x_wconf 84' lang='lat' dir='ltr'>Ouo</span> <span class='ocrx_word' id='word_1_235' title='bbox 327 1951 373 1990; x_wconf 89' lang='lat' dir='ltr'>me</span> <span class='ocrx_word' id='word_1_236' title='bbox 384 1937 495 1990; x_wconf 89' lang='lat' dir='ltr'>vertam</span> <span class='ocrx_word' id='word_1_237' title='bbox 512 1934 620 2006; x_wconf 89' lang='lat' dir='ltr'>nescio,</span> <span class='ocrx_word' id='word_1_238' title='bbox 632 1935 657 1990; x_wconf 92' lang='lat' dir='ltr'>si</span> <span class='ocrx_word' id='word_1_239' title='bbox 672 1952 719 1991; x_wconf 89' lang='lat' dir='ltr'>mc</span> <span class='ocrx_word' id='word_1_240' title='bbox 731 1935 812 1992; x_wconf 90' lang='lat' dir='ltr'>dese·</span> <span class='ocrx_word' id='word_1_241' title='bbox 866 1951 928 1991; x_wconf 89' lang='lat' dir='ltr'>ram</span> <span class='ocrx_word' id='word_1_242' title='bbox 944 1951 1061 1992; x_wconf 90' lang='lat' dir='ltr'>summa</span> <span class='ocrx_word' id='word_1_243' title='bbox 1077 1936 1104 1991; x_wconf 90' lang='lat' dir='ltr'>vi</span> <span class='ocrx_word' id='word_1_244' title='bbox 1119 1935 1266 2007; x_wconf 85' lang='lat' dir='ltr'>dejiceret,</span> <span class='ocrx_word' id='word_1_245' title='bbox 1287 1938 1460 2010; x_wconf 87' lang='lat' dir='ltr'>deportavit.</span> <span class='ocrx_word' id='word_1_246' title='bbox 1485 1942 1593 1996; x_wconf 88' lang='lat' dir='ltr'>Verum</span> <span class='ocrx_word' id='word_1_247' title='bbox 1616 1928 1693 2014; x_wconf 86' lang='lat' dir='ltr'>ipsa,</span> 
     </span>
     <span class='ocr_line' id='line_1_20' title="bbox 104 2022 1694 2101; baseline 0.004 -22"><span class='ocrx_word' id='word_1_248' title='bbox 104 2023 192 2096; x_wconf 90' lang='lat' dir='ltr'>Virgo</span> <span class='ocrx_word' id='word_1_249' title='bbox 208 2025 301 2088; x_wconf 72' lang='lat' dir='ltr'>berito,</span> <span class='ocrx_word' id='word_1_250' title='bbox 316 2039 349 2078; x_wconf 91' lang='lat' dir='ltr'>eo</span> <span class='ocrx_word' id='word_1_251' title='bbox 372 2039 424 2094; x_wconf 90' lang='lat' dir='ltr'>per</span> <span class='ocrx_word' id='word_1_252' title='bbox 446 2022 548 2079; x_wconf 85' lang='lat' dir='ltr'>Jesum</span> <span class='ocrx_word' id='word_1_253' title='bbox 564 2022 660 2079; x_wconf 90' lang='lat' dir='ltr'>fllium</span> <span class='ocrx_word' id='word_1_254' title='bbox 676 2027 811 2081; x_wconf 87' lang='lat' dir='ltr'>tuumne</span> <span class='ocrx_word' id='word_1_255' title='bbox 865 2023 963 2080; x_wconf 88' lang='lat' dir='ltr'>divino</span> <span class='ocrx_word' id='word_1_256' title='bbox 979 2024 1054 2080; x_wconf 86' lang='lat' dir='ltr'>freta</span> <span class='ocrx_word' id='word_1_257' title='bbox 1072 2023 1179 2101; x_wconf 83' lang='lat' dir='ltr'>anulio,</span> <span class='ocrx_word' id='word_1_258' title='bbox 1205 2041 1273 2083; x_wconf 93' lang='lat' dir='ltr'>cum</span> <span class='ocrx_word' id='word_1_259' title='bbox 1301 2025 1374 2082; x_wconf 90' lang='lat' dir='ltr'>nihil</span> <span class='ocrx_word' id='word_1_260' title='bbox 1402 2031 1561 2098; x_wconf 81' lang='lat' dir='ltr'>vereretur,</span> <span class='ocrx_word' id='word_1_261' title='bbox 1578 2034 1694 2086; x_wconf 72' lang='lat' dir='ltr'>mamre</span> 
     </span>
     <span class='ocr_line' id='line_1_21' title="bbox 93 2111 1693 2188; baseline 0.004 -19"><span class='ocrx_word' id='word_1_262' title='bbox 93 2112 172 2170; x_wconf 91' lang='lat' dir='ltr'>nitus</span> <span class='ocrx_word' id='word_1_263' title='bbox 192 2112 312 2184; x_wconf 83' lang='lat' dir='ltr'>abjicias</span> <span class='ocrx_word' id='word_1_264' title='bbox 334 2113 490 2183; x_wconf 80' lang='lat' dir='ltr'>deprecor3</span> <span class='ocrx_word' id='word_1_265' title='bbox 515 2112 593 2185; x_wconf 91' lang='lat' dir='ltr'>quod</span> <span class='ocrx_word' id='word_1_266' title='bbox 617 2111 642 2168; x_wconf 93' lang='lat' dir='ltr'>si</span> <span class='ocrx_word' id='word_1_267' title='bbox 665 2112 779 2182; x_wconf 90' lang='lat' dir='ltr'>feceris,</span> <span class='ocrx_word' id='word_1_268' title='bbox 794 2129 810 2169; x_wconf 93' lang='lat' dir='ltr'>o</span> <span class='ocrx_word' id='word_1_269' title='bbox 865 2112 1040 2170; x_wconf 89' lang='lat' dir='ltr'>sententiam</span> <span class='ocrx_word' id='word_1_270' title='bbox 1057 2114 1172 2169; x_wconf 77' lang='lat' dir='ltr'>damon</span> <span class='ocrx_word' id='word_1_271' title='bbox 1188 2113 1303 2184; x_wconf 84' lang='lat' dir='ltr'>statuit,</span> <span class='ocrx_word' id='word_1_272' title='bbox 1313 2119 1342 2171; x_wconf 91' lang='lat' dir='ltr'>et</span> <span class='ocrx_word' id='word_1_273' title='bbox 1357 2132 1445 2188; x_wconf 89' lang='lat' dir='ltr'>quam</span> <span class='ocrx_word' id='word_1_274' title='bbox 1459 2116 1548 2174; x_wconf 92' lang='lat' dir='ltr'>minis</span> <span class='ocrx_word' id='word_1_275' title='bbox 1562 2118 1693 2176; x_wconf 91' lang='lat' dir='ltr'>acribus·</span> 
     </span>
     <span class='ocr_line' id='line_1_22' title="bbox 93 2200 1693 2275; baseline 0.002 -17"><span class='ocrx_word' id='word_1_276' title='bbox 93 2217 118 2258; x_wconf 91' lang='lat' dir='ltr'>m</span> <span class='ocrx_word' id='word_1_277' title='bbox 134 2200 278 2275; x_wconf 89' lang='lat' dir='ltr'>piissima,</span> <span class='ocrx_word' id='word_1_278' title='bbox 291 2217 337 2256; x_wconf 91' lang='lat' dir='ltr'>me</span> <span class='ocrx_word' id='word_1_279' title='bbox 353 2203 446 2255; x_wconf 90' lang='lat' dir='ltr'>totam</span> <span class='ocrx_word' id='word_1_280' title='bbox 457 2200 512 2256; x_wconf 90' lang='lat' dir='ltr'>tibi</span> <span class='ocrx_word' id='word_1_281' title='bbox 523 2216 611 2257; x_wconf 90' lang='lat' dir='ltr'>voveo</span> <span class='ocrx_word' id='word_1_282' title='bbox 623 2200 681 2257; x_wconf 90' lang='lat' dir='ltr'>tuis</span> <span class='ocrx_word' id='word_1_283' title='bbox 692 2201 811 2257; x_wconf 90' lang='lat' dir='ltr'>inservi·</span> <span class='ocrx_word' id='word_1_284' title='bbox 865 2202 1097 2273; x_wconf 89' lang='lat' dir='ltr'>queverberibus</span> <span class='ocrx_word' id='word_1_285' title='bbox 1110 2219 1167 2258; x_wconf 93' lang='lat' dir='ltr'>non</span> <span class='ocrx_word' id='word_1_286' title='bbox 1184 2205 1301 2271; x_wconf 90' lang='lat' dir='ltr'>vicerat,</span> <span class='ocrx_word' id='word_1_287' title='bbox 1313 2202 1526 2262; x_wconf 70' lang='lat' dir='ltr'>calliditatibus</span> <span class='ocrx_word' id='word_1_288' title='bbox 1540 2223 1591 2263; x_wconf 89' lang='lat' dir='ltr'>aen</span> <span class='ocrx_word' id='word_1_289' title='bbox 1608 2206 1693 2262; x_wconf 91' lang='lat' dir='ltr'>blan·</span> 
     </span>
     <span class='ocr_line' id='line_1_23' title="bbox 93 2288 1692 2365; baseline 0.001 -16"><span class='ocrx_word' id='word_1_290' title='bbox 93 2289 251 2363; x_wconf 87' lang='lat' dir='ltr'>obsequiis.</span> <span class='ocrx_word' id='word_1_291' title='bbox 263 2289 337 2345; x_wconf 86' lang='lat' dir='ltr'>Mira</span> <span class='ocrx_word' id='word_1_292' title='bbox 347 2305 393 2346; x_wconf 89' lang='lat' dir='ltr'>res</span> <span class='ocrx_word' id='word_1_293' title='bbox 405 2292 410 2347; x_wconf 95' lang='lat' dir='ltr'>l</span> <span class='ocrx_word' id='word_1_294' title='bbox 424 2306 458 2344; x_wconf 87' lang='lat' dir='ltr'>ex</span> <span class='ocrx_word' id='word_1_295' title='bbox 473 2306 506 2346; x_wconf 91' lang='lat' dir='ltr'>eo</span> <span class='ocrx_word' id='word_1_296' title='bbox 517 2288 594 2346; x_wconf 90' lang='lat' dir='ltr'>enim</span> <span class='ocrx_word' id='word_1_297' title='bbox 608 2290 737 2362; x_wconf 88' lang='lat' dir='ltr'>Virginis</span> <span class='ocrx_word' id='word_1_298' title='bbox 749 2290 809 2346; x_wconf 83' lang='lat' dir='ltr'>Ma·</span> <span class='ocrx_word' id='word_1_299' title='bbox 864 2290 944 2346; x_wconf 90' lang='lat' dir='ltr'>ditiis</span> <span class='ocrx_word' id='word_1_300' title='bbox 959 2291 1074 2348; x_wconf 91' lang='lat' dir='ltr'>vincere</span> <span class='ocrx_word' id='word_1_301' title='bbox 1085 2297 1307 2365; x_wconf 87' lang='lat' dir='ltr'>aggressusest.</span> <span class='ocrx_word' id='word_1_302' title='bbox 1325 2291 1417 2365; x_wconf 90' lang='lat' dir='ltr'>Igitur</span> <span class='ocrx_word' id='word_1_303' title='bbox 1426 2308 1490 2350; x_wconf 88' lang='lat' dir='ltr'>sam</span> <span class='ocrx_word' id='word_1_304' title='bbox 1505 2293 1616 2350; x_wconf 88' lang='lat' dir='ltr'>talibus</span> <span class='ocrx_word' id='word_1_305' title='bbox 1629 2310 1692 2350; x_wconf 90' lang='lat' dir='ltr'>ver·</span> 
     </span>
     <span class='ocr_line' id='line_1_24' title="bbox 93 2378 1691 2454; baseline 0.003 -17"><span class='ocrx_word' id='word_1_306' title='bbox 93 2379 183 2438; x_wconf 72' lang='lat' dir='ltr'>itibus</span> <span class='ocrx_word' id='word_1_307' title='bbox 198 2382 306 2436; x_wconf 89' lang='lat' dir='ltr'>l&#39;actum</span> <span class='ocrx_word' id='word_1_308' title='bbox 320 2384 365 2435; x_wconf 88' lang='lat' dir='ltr'>cst</span> <span class='ocrx_word' id='word_1_309' title='bbox 379 2383 411 2434; x_wconf 93' lang='lat' dir='ltr'>ut</span> <span class='ocrx_word' id='word_1_310' title='bbox 426 2378 498 2434; x_wconf 93' lang='lat' dir='ltr'>nihil</span> <span class='ocrx_word' id='word_1_311' title='bbox 513 2384 665 2446; x_wconf 87' lang='lat' dir='ltr'>metueret,</span> <span class='ocrx_word' id='word_1_312' title='bbox 682 2379 754 2435; x_wconf 91' lang='lat' dir='ltr'>nihil</span> <span class='ocrx_word' id='word_1_313' title='bbox 771 2380 809 2436; x_wconf 94' lang='lat' dir='ltr'>ti·</span> <span class='ocrx_word' id='word_1_314' title='bbox 864 2380 910 2436; x_wconf 89' lang='lat' dir='ltr'>hia</span> <span class='ocrx_word' id='word_1_315' title='bbox 925 2379 1118 2437; x_wconf 90' lang='lat' dir='ltr'>hortabatus:</span> <span class='ocrx_word' id='word_1_316' title='bbox 1134 2382 1216 2436; x_wconf 84' lang='lat' dir='ltr'>tacta</span> <span class='ocrx_word' id='word_1_317' title='bbox 1230 2384 1258 2437; x_wconf 92' lang='lat' dir='ltr'>te</span> <span class='ocrx_word' id='word_1_318' title='bbox 1278 2380 1428 2452; x_wconf 90' lang='lat' dir='ltr'>deorsum,</span> <span class='ocrx_word' id='word_1_319' title='bbox 1444 2382 1485 2437; x_wconf 88' lang='lat' dir='ltr'>mi</span> <span class='ocrx_word' id='word_1_320' title='bbox 1500 2381 1691 2454; x_wconf 90' lang='lat' dir='ltr'>amicissima,</span> 
     </span>
     <span class='ocr_line' id='line_1_25' title="bbox 100 2467 1693 2544; baseline 0.002 -17"><span class='ocrx_word' id='word_1_321' title='bbox 100 2485 165 2527; x_wconf 83' lang='lat' dir='ltr'>sese</span> <span class='ocrx_word' id='word_1_322' title='bbox 180 2468 317 2524; x_wconf 90' lang='lat' dir='ltr'>omnibus</span> <span class='ocrx_word' id='word_1_323' title='bbox 332 2467 362 2522; x_wconf 91' lang='lat' dir='ltr'>in</span> <span class='ocrx_word' id='word_1_324' title='bbox 377 2467 497 2523; x_wconf 88' lang='lat' dir='ltr'>torturis</span> <span class='ocrx_word' id='word_1_325' title='bbox 511 2467 687 2525; x_wconf 87' lang='lat' dir='ltr'>invicibilem</span> <span class='ocrx_word' id='word_1_326' title='bbox 698 2469 807 2540; x_wconf 90' lang='lat' dir='ltr'>impas-</span> <span class='ocrx_word' id='word_1_327' title='bbox 863 2469 935 2524; x_wconf 91' lang='lat' dir='ltr'>nibil</span> <span class='ocrx_word' id='word_1_328' title='bbox 953 2469 1089 2542; x_wconf 92' lang='lat' dir='ltr'>estquod</span> <span class='ocrx_word' id='word_1_329' title='bbox 1113 2485 1248 2537; x_wconf 88' lang='lat' dir='ltr'>vorears;</span> <span class='ocrx_word' id='word_1_330' title='bbox 1274 2470 1351 2542; x_wconf 93' lang='lat' dir='ltr'>quod</span> <span class='ocrx_word' id='word_1_331' title='bbox 1369 2469 1395 2525; x_wconf 94' lang='lat' dir='ltr'>si</span> <span class='ocrx_word' id='word_1_332' title='bbox 1420 2470 1533 2539; x_wconf 89' lang='lat' dir='ltr'>feceris,</span> <span class='ocrx_word' id='word_1_333' title='bbox 1558 2475 1624 2544; x_wconf 88' lang='lat' dir='ltr'>post</span> <span class='ocrx_word' id='word_1_334' title='bbox 1638 2472 1693 2530; x_wconf 90' lang='lat' dir='ltr'>hac</span> 
     </span>
     <span class='ocr_line' id='line_1_26' title="bbox 93 2556 1691 2633; baseline 0.001 -19"><span class='ocrx_word' id='word_1_335' title='bbox 93 2575 158 2633; x_wconf 78' lang='lat' dir='ltr'>ique</span> <span class='ocrx_word' id='word_1_336' title='bbox 168 2557 310 2615; x_wconf 89' lang='lat' dir='ltr'>redderet.</span> <span class='ocrx_word' id='word_1_337' title='bbox 322 2556 367 2612; x_wconf 89' lang='lat' dir='ltr'>Me</span> <span class='ocrx_word' id='word_1_338' title='bbox 378 2560 475 2628; x_wconf 89' lang='lat' dir='ltr'>patres</span> <span class='ocrx_word' id='word_1_339' title='bbox 486 2556 680 2628; x_wconf 87' lang='lat' dir='ltr'>dilectissimi,</span> <span class='ocrx_word' id='word_1_340' title='bbox 691 2560 809 2629; x_wconf 90' lang='lat' dir='ltr'>tempus</span> <span class='ocrx_word' id='word_1_341' title='bbox 863 2563 926 2614; x_wconf 92' lang='lat' dir='ltr'>esto</span> <span class='ocrx_word' id='word_1_342' title='bbox 942 2574 1055 2614; x_wconf 87' lang='lat' dir='ltr'>secura.</span> <span class='ocrx_word' id='word_1_343' title='bbox 1068 2557 1109 2614; x_wconf 89' lang='lat' dir='ltr'>Ne</span> <span class='ocrx_word' id='word_1_344' title='bbox 1120 2557 1237 2626; x_wconf 89' lang='lat' dir='ltr'>faciam,</span> <span class='ocrx_word' id='word_1_345' title='bbox 1249 2556 1345 2630; x_wconf 92' lang='lat' dir='ltr'>inquit</span> <span class='ocrx_word' id='word_1_346' title='bbox 1359 2557 1419 2626; x_wconf 89' lang='lat' dir='ltr'>illa,</span> <span class='ocrx_word' id='word_1_347' title='bbox 1435 2574 1471 2614; x_wconf 88' lang='lat' dir='ltr'>na</span> <span class='ocrx_word' id='word_1_348' title='bbox 1487 2558 1603 2615; x_wconf 87' lang='lat' dir='ltr'>faciam.</span> <span class='ocrx_word' id='word_1_349' title='bbox 1615 2558 1691 2630; x_wconf 91' lang='lat' dir='ltr'>Noli,</span> 
     </span>
     <span class='ocr_line' id='line_1_27' title="bbox 93 2644 1689 2720; baseline 0 -16"><span class='ocrx_word' id='word_1_350' title='bbox 93 2648 175 2705; x_wconf 85' lang='lat' dir='ltr'>verba</span> <span class='ocrx_word' id='word_1_351' title='bbox 185 2645 329 2702; x_wconf 89' lang='lat' dir='ltr'>maturius</span> <span class='ocrx_word' id='word_1_352' title='bbox 344 2645 498 2716; x_wconf 84' lang='lat' dir='ltr'>desereret,</span> <span class='ocrx_word' id='word_1_353' title='bbox 511 2646 535 2700; x_wconf 93' lang='lat' dir='ltr'>si</span> <span class='ocrx_word' id='word_1_354' title='bbox 549 2644 579 2701; x_wconf 94' lang='lat' dir='ltr'>in</span> <span class='ocrx_word' id='word_1_355' title='bbox 592 2645 729 2702; x_wconf 91' lang='lat' dir='ltr'>omnibus</span> <span class='ocrx_word' id='word_1_356' title='bbox 744 2660 808 2717; x_wconf 80' lang='lat' dir='ltr'>qua</span> <span class='ocrx_word' id='word_1_357' title='bbox 863 2645 1165 2719; x_wconf 85' lang='lat' dir='ltr'>oomniumpessime,</span> <span class='ocrx_word' id='word_1_358' title='bbox 1175 2645 1689 2720; x_wconf 87' lang='lat' dir='ltr'>assentari.Inchirginemllariam</span> 
     </span>
     <span class='ocr_line' id='line_1_28' title="bbox 93 2733 1687 2806; baseline -0.001 -12"><span class='ocrx_word' id='word_1_359' title='bbox 93 2754 118 2795; x_wconf 81' lang='lat' dir='ltr'>rs</span> <span class='ocrx_word' id='word_1_360' title='bbox 141 2738 172 2793; x_wconf 91' lang='lat' dir='ltr'>in</span> <span class='ocrx_word' id='word_1_361' title='bbox 195 2736 271 2793; x_wconf 90' lang='lat' dir='ltr'>bano</span> <span class='ocrx_word' id='word_1_362' title='bbox 296 2751 392 2791; x_wconf 87' lang='lat' dir='ltr'>meam</span> <span class='ocrx_word' id='word_1_363' title='bbox 416 2733 507 2790; x_wconf 86' lang='lat' dir='ltr'>filiam</span> <span class='ocrx_word' id='word_1_364' title='bbox 533 2735 562 2789; x_wconf 90' lang='lat' dir='ltr'>in</span> <span class='ocrx_word' id='word_1_365' title='bbox 589 2751 677 2791; x_wconf 86' lang='lat' dir='ltr'>nosve</span> <span class='ocrx_word' id='word_1_366' title='bbox 696 2734 807 2804; x_wconf 88' lang='lat' dir='ltr'>fecerit,</span> <span class='ocrx_word' id='word_1_367' title='bbox 863 2736 893 2791; x_wconf 92' lang='lat' dir='ltr'>in</span> <span class='ocrx_word' id='word_1_368' title='bbox 908 2735 955 2791; x_wconf 91' lang='lat' dir='ltr'>sui</span> <span class='ocrx_word' id='word_1_369' title='bbox 970 2733 1112 2792; x_wconf 75' lang='lat' dir='ltr'>auxilium</span> <span class='ocrx_word' id='word_1_370' title='bbox 1128 2733 1687 2806; x_wconf 81' lang='lat' dir='ltr'>crebroinvooare.Quis,oboneJesul</span> 
     </span>
     <span class='ocr_line' id='line_1_29' title="bbox 93 2821 1685 2897; baseline 0 -15"><span class='ocrx_word' id='word_1_371' title='bbox 93 2827 128 2882; x_wconf 93' lang='lat' dir='ltr'>do</span> <span class='ocrx_word' id='word_1_372' title='bbox 143 2825 293 2883; x_wconf 89' lang='lat' dir='ltr'>immorari</span> <span class='ocrx_word' id='word_1_373' title='bbox 314 2822 428 2880; x_wconf 90' lang='lat' dir='ltr'>vellem.</span> <span class='ocrx_word' id='word_1_374' title='bbox 451 2823 645 2888; x_wconf 85' lang='lat' dir='ltr'>Quamobrem</span> <span class='ocrx_word' id='word_1_375' title='bbox 666 2821 809 2880; x_wconf 91' lang='lat' dir='ltr'>nonnulla</span> <span class='ocrx_word' id='word_1_376' title='bbox 862 2822 1685 2897; x_wconf 85' lang='lat' dir='ltr'>tamobtusoingenio,quistamimpioetalferatoanimc</span> 
     </span>
     <span class='ocr_line' id='line_1_30' title="bbox 93 2911 1686 2986; baseline -0.001 -15"><span class='ocrx_word' id='word_1_377' title='bbox 93 2911 807 2985; x_wconf 72' lang='lat' dir='ltr'>nemoriadigna‚quiaintontioccipitiareferam.</span> <span class='ocrx_word' id='word_1_378' title='bbox 862 2918 949 2970; x_wconf 87' lang='lat' dir='ltr'>esset.</span> <span class='ocrx_word' id='word_1_379' title='bbox 961 2912 1033 2986; x_wconf 92' lang='lat' dir='ltr'>quin</span> <span class='ocrx_word' id='word_1_380' title='bbox 1048 2913 1243 2985; x_wconf 86' lang='lat' dir='ltr'>obrigesceret</span> <span class='ocrx_word' id='word_1_381' title='bbox 1256 2916 1285 2968; x_wconf 90' lang='lat' dir='ltr'>et</span> <span class='ocrx_word' id='word_1_382' title='bbox 1294 2918 1498 2970; x_wconf 91' lang='lat' dir='ltr'>concuteretur</span> <span class='ocrx_word' id='word_1_383' title='bbox 1506 2913 1596 2970; x_wconf 91' lang='lat' dir='ltr'>simul</span> <span class='ocrx_word' id='word_1_384' title='bbox 1607 2912 1686 2971; x_wconf 89' lang='lat' dir='ltr'>vide-</span> 
     </span>
     <span class='ocr_line' id='line_1_31' title="bbox 95 2998 1690 3076; baseline 0.001 -17"><span class='ocrx_word' id='word_1_385' title='bbox 95 3001 217 3060; x_wconf 88' lang='lat' dir='ltr'>lnstanti</span> <span class='ocrx_word' id='word_1_386' title='bbox 232 3001 322 3074; x_wconf 88' lang='lat' dir='ltr'>igitur</span> <span class='ocrx_word' id='word_1_387' title='bbox 337 3004 431 3065; x_wconf 87' lang='lat' dir='ltr'>nocte,</span> <span class='ocrx_word' id='word_1_388' title='bbox 447 3016 512 3055; x_wconf 90' lang='lat' dir='ltr'>ecco</span> <span class='ocrx_word' id='word_1_389' title='bbox 528 2998 634 3055; x_wconf 88' lang='lat' dir='ltr'>iterum</span> <span class='ocrx_word' id='word_1_390' title='bbox 647 3002 760 3058; x_wconf 80' lang='lat' dir='ltr'>daemon</span> <span class='ocrx_word' id='word_1_391' title='bbox 774 3018 808 3057; x_wconf 83' lang='lat' dir='ltr'>ex</span> <span class='ocrx_word' id='word_1_392' title='bbox 862 3019 892 3058; x_wconf 91' lang='lat' dir='ltr'>re</span> <span class='ocrx_word' id='word_1_393' title='bbox 907 3007 1019 3058; x_wconf 88' lang='lat' dir='ltr'>tantam</span> <span class='ocrx_word' id='word_1_394' title='bbox 1034 3001 1176 3058; x_wconf 76' lang='lat' dir='ltr'>daemonis</span> <span class='ocrx_word' id='word_1_395' title='bbox 1187 3001 1216 3056; x_wconf 91' lang='lat' dir='ltr'>in</span> <span class='ocrx_word' id='word_1_396' title='bbox 1227 3000 1355 3073; x_wconf 92' lang='lat' dir='ltr'>puellam</span> <span class='ocrx_word' id='word_1_397' title='bbox 1368 3001 1518 3076; x_wconf 88' lang='lat' dir='ltr'>Virginem</span> <span class='ocrx_word' id='word_1_398' title='bbox 1533 3002 1690 3060; x_wconf 87' lang='lat' dir='ltr'>crudelita-</span> 
     </span>
     <span class='ocr_line' id='line_1_32' title="bbox 93 3087 1690 3163; baseline 0.001 -15"><span class='ocrx_word' id='word_1_399' title='bbox 93 3091 142 3148; x_wconf 67' lang='lat' dir='ltr'>*isc</span> <span class='ocrx_word' id='word_1_400' title='bbox 156 3107 204 3148; x_wconf 90' lang='lat' dir='ltr'>ma</span> <span class='ocrx_word' id='word_1_401' title='bbox 219 3089 373 3163; x_wconf 88' lang='lat' dir='ltr'>fatigatum</span> <span class='ocrx_word' id='word_1_402' title='bbox 389 3104 503 3155; x_wconf 84' lang='lat' dir='ltr'>somno,</span> <span class='ocrx_word' id='word_1_403' title='bbox 530 3093 618 3160; x_wconf 89' lang='lat' dir='ltr'>atque</span> <span class='ocrx_word' id='word_1_404' title='bbox 631 3087 661 3143; x_wconf 89' lang='lat' dir='ltr'>id</span> <span class='ocrx_word' id='word_1_405' title='bbox 677 3105 730 3145; x_wconf 89' lang='lat' dir='ltr'>nec</span> <span class='ocrx_word' id='word_1_406' title='bbox 745 3091 806 3162; x_wconf 93' lang='lat' dir='ltr'>opi·</span> <span class='ocrx_word' id='word_1_407' title='bbox 864 3095 935 3156; x_wconf 89' lang='lat' dir='ltr'>tem,</span> <span class='ocrx_word' id='word_1_408' title='bbox 945 3088 1209 3162; x_wconf 82' lang='lat' dir='ltr'>ctecontropuellae</span> <span class='ocrx_word' id='word_1_409' title='bbox 1221 3090 1250 3145; x_wconf 94' lang='lat' dir='ltr'>in</span> <span class='ocrx_word' id='word_1_410' title='bbox 1264 3106 1329 3146; x_wconf 92' lang='lat' dir='ltr'>eum</span> <span class='ocrx_word' id='word_1_411' title='bbox 1345 3091 1690 3150; x_wconf 86' lang='lat' dir='ltr'>audaciamanimadver-</span> 
     </span>
     <span class='ocr_line' id='line_1_33' title="bbox 93 3156 1692 3253; baseline 0.001 -16"><span class='ocrx_word' id='word_1_412' title='bbox 93 3180 247 3253; x_wconf 80' lang='lat' dir='ltr'>areperire</span> <span class='ocrx_word' id='word_1_413' title='bbox 270 3194 401 3251; x_wconf 87' lang='lat' dir='ltr'>sperans,</span> <span class='ocrx_word' id='word_1_414' title='bbox 418 3182 450 3233; x_wconf 92' lang='lat' dir='ltr'>ut</span> <span class='ocrx_word' id='word_1_415' title='bbox 462 3193 558 3232; x_wconf 91' lang='lat' dir='ltr'>meam</span> <span class='ocrx_word' id='word_1_416' title='bbox 578 3177 668 3233; x_wconf 81' lang='lat' dir='ltr'>filiam</span> <span class='ocrx_word' id='word_1_417' title='bbox 682 3178 808 3248; x_wconf 83' lang='lat' dir='ltr'>v&#39;exaret,</span> <span class='ocrx_word' id='word_1_418' title='bbox 825 3156 846 3222; x_wconf 75' lang='lat' dir='ltr'><strong>G</strong></span> <span class='ocrx_word' id='word_1_419' title='bbox 866 3160 1692 3249; x_wconf 60' lang='lat' dir='ltr'>tere,ettotculuscunqueiondbionisvirosetmulieres,</span> 
     </span>
     <span class='ocr_line' id='line_1_34' title="bbox 93 3258 1695 3340; baseline 0 -16"><span class='ocrx_word' id='word_1_420' title='bbox 93 3284 129 3324; x_wconf 94' lang='lat' dir='ltr'>uo</span> <span class='ocrx_word' id='word_1_421' title='bbox 139 3267 226 3325; x_wconf 89' lang='lat' dir='ltr'>venit.</span> <span class='ocrx_word' id='word_1_422' title='bbox 238 3267 348 3323; x_wconf 90' lang='lat' dir='ltr'>Verum</span> <span class='ocrx_word' id='word_1_423' title='bbox 359 3282 422 3338; x_wconf 89' lang='lat' dir='ltr'>ego,</span> <span class='ocrx_word' id='word_1_424' title='bbox 434 3266 483 3338; x_wconf 91' lang='lat' dir='ltr'>qui</span> <span class='ocrx_word' id='word_1_425' title='bbox 493 3283 644 3322; x_wconf 90' lang='lat' dir='ltr'>summum</span> <span class='ocrx_word' id='word_1_426' title='bbox 654 3267 811 3340; x_wconf 78' lang='lat' dir='ltr'>fingebam,</span> <span class='ocrx_word' id='word_1_427' title='bbox 868 3267 918 3340; x_wconf 93' lang='lat' dir='ltr'>qui</span> <span class='ocrx_word' id='word_1_428' title='bbox 934 3266 1004 3323; x_wconf 91' lang='lat' dir='ltr'>illuc</span> <span class='ocrx_word' id='word_1_429' title='bbox 1017 3258 1226 3334; x_wconf 82' lang='lat' dir='ltr'>confluxerant,</span> <span class='ocrx_word' id='word_1_430' title='bbox 1239 3271 1267 3321; x_wconf 93' lang='lat' dir='ltr'>et</span> <span class='ocrx_word' id='word_1_431' title='bbox 1279 3267 1391 3337; x_wconf 76' lang='lat' dir='ltr'>Jugiter</span> <span class='ocrx_word' id='word_1_432' title='bbox 1406 3267 1580 3336; x_wconf 84' lang='lat' dir='ltr'>condebant,</span> <span class='ocrx_word' id='word_1_433' title='bbox 1592 3285 1695 3325; x_wconf 92' lang='lat' dir='ltr'>omnes</span> 
     </span>
     <span class='ocr_line' id='line_1_35' title="bbox 94 3354 1695 3430; baseline -0.001 -16"><span class='ocrx_word' id='word_1_434' title='bbox 94 3361 152 3414; x_wconf 86' lang='lat' dir='ltr'>ism</span> <span class='ocrx_word' id='word_1_435' title='bbox 173 3355 349 3430; x_wconf 89' lang='lat' dir='ltr'>intelligens,</span> <span class='ocrx_word' id='word_1_436' title='bbox 374 3356 458 3426; x_wconf 88' lang='lat' dir='ltr'>siguo</span> <span class='ocrx_word' id='word_1_437' title='bbox 483 3354 578 3410; x_wconf 90' lang='lat' dir='ltr'>crucis</span> <span class='ocrx_word' id='word_1_438' title='bbox 602 3354 693 3410; x_wconf 78' lang='lat' dir='ltr'>filiam</span> <span class='ocrx_word' id='word_1_439' title='bbox 717 3372 811 3412; x_wconf 89' lang='lat' dir='ltr'>meam</span> <span class='ocrx_word' id='word_1_440' title='bbox 869 3372 1040 3428; x_wconf 88' lang='lat' dir='ltr'>suspensos,</span> <span class='ocrx_word' id='word_1_441' title='bbox 1056 3354 1135 3410; x_wconf 90' lang='lat' dir='ltr'>etad</span> <span class='ocrx_word' id='word_1_442' title='bbox 1161 3371 1221 3410; x_wconf 92' lang='lat' dir='ltr'>rem</span> <span class='ocrx_word' id='word_1_443' title='bbox 1238 3370 1386 3425; x_wconf 90' lang='lat' dir='ltr'>nusquam</span> <span class='ocrx_word' id='word_1_444' title='bbox 1401 3355 1531 3411; x_wconf 89' lang='lat' dir='ltr'>auditam</span> <span class='ocrx_word' id='word_1_445' title='bbox 1548 3373 1695 3429; x_wconf 85' lang='lat' dir='ltr'>nusquam</span> 
     </span>
     <span class='ocr_line' id='line_1_36' title="bbox 93 3443 1699 3518; baseline 0.001 -16"><span class='ocrx_word' id='word_1_446' title='bbox 93 3461 208 3502; x_wconf 83' lang='lat' dir='ltr'>scuram</span> <span class='ocrx_word' id='word_1_447' title='bbox 223 3445 347 3502; x_wconf 87' lang='lat' dir='ltr'>reddidi.</span> <span class='ocrx_word' id='word_1_448' title='bbox 364 3445 395 3499; x_wconf 88' lang='lat' dir='ltr'>ld</span> <span class='ocrx_word' id='word_1_449' title='bbox 412 3443 460 3499; x_wconf 90' lang='lat' dir='ltr'>ille</span> <span class='ocrx_word' id='word_1_450' title='bbox 476 3443 625 3515; x_wconf 76' lang='lat' dir='ltr'>egerrime</span> <span class='ocrx_word' id='word_1_451' title='bbox 636 3445 741 3512; x_wconf 89' lang='lat' dir='ltr'>ferens,</span> <span class='ocrx_word' id='word_1_452' title='bbox 756 3444 812 3500; x_wconf 89' lang='lat' dir='ltr'>ful·</span> <span class='ocrx_word' id='word_1_453' title='bbox 868 3446 973 3513; x_wconf 90' lang='lat' dir='ltr'>visam,</span> <span class='ocrx_word' id='word_1_454' title='bbox 988 3443 1106 3517; x_wconf 87' lang='lat' dir='ltr'>penitus</span> <span class='ocrx_word' id='word_1_455' title='bbox 1117 3443 1396 3516; x_wconf 88' lang='lat' dir='ltr'>intentosaspicere;</span> <span class='ocrx_word' id='word_1_456' title='bbox 1408 3444 1699 3518; x_wconf 89' lang='lat' dir='ltr'>videreinsuparma·</span> 
     </span>
     <span class='ocr_line' id='line_1_37' title="bbox 94 3531 1698 3607; baseline -0.001 -16"><span class='ocrx_word' id='word_1_457' title='bbox 94 3535 149 3592; x_wconf 87' lang='lat' dir='ltr'>acti</span> <span class='ocrx_word' id='word_1_458' title='bbox 160 3536 195 3591; x_wconf 86' lang='lat' dir='ltr'>ad</span> <span class='ocrx_word' id='word_1_459' title='bbox 207 3552 238 3591; x_wconf 92' lang='lat' dir='ltr'>se</span> <span class='ocrx_word' id='word_1_460' title='bbox 248 3533 496 3604; x_wconf 73' lang='lat' dir='ltr'>summiqviribus</span> <span class='ocrx_word' id='word_1_461' title='bbox 506 3532 641 3588; x_wconf 89' lang='lat' dir='ltr'>trahebat</span> <span class='ocrx_word' id='word_1_462' title='bbox 653 3558 659 3601; x_wconf 80' lang='lat'>3</span> <span class='ocrx_word' id='word_1_463' title='bbox 669 3550 721 3606; x_wconf 90' lang='lat' dir='ltr'>ego</span> <span class='ocrx_word' id='word_1_464' title='bbox 731 3551 814 3590; x_wconf 89' lang='lat' dir='ltr'>econ·</span> <span class='ocrx_word' id='word_1_465' title='bbox 869 3539 945 3590; x_wconf 89' lang='lat' dir='ltr'>trem</span> <span class='ocrx_word' id='word_1_466' title='bbox 961 3550 1020 3590; x_wconf 91' lang='lat' dir='ltr'>una</span> <span class='ocrx_word' id='word_1_467' title='bbox 1035 3549 1102 3588; x_wconf 92' lang='lat' dir='ltr'>oum</span> <span class='ocrx_word' id='word_1_468' title='bbox 1119 3531 1222 3604; x_wconf 81' lang='lat' dir='ltr'>puella</span> <span class='ocrx_word' id='word_1_469' title='bbox 1238 3531 1398 3600; x_wconf 90' lang='lat' dir='ltr'>sororibus,</span> <span class='ocrx_word' id='word_1_470' title='bbox 1420 3532 1698 3607; x_wconf 87' lang='lat' dir='ltr'>multitudinemque</span> 
     </span>
     <span class='ocr_line' id='line_1_38' title="bbox 100 3620 1699 3695; baseline 0 -15"><span class='ocrx_word' id='word_1_471' title='bbox 100 3640 146 3681; x_wconf 90' lang='lat' dir='ltr'>me</span> <span class='ocrx_word' id='word_1_472' title='bbox 169 3623 326 3689; x_wconf 89' lang='lat' dir='ltr'>retrahere,</span> <span class='ocrx_word' id='word_1_473' title='bbox 351 3622 502 3695; x_wconf 84' lang='lat' dir='ltr'>Virginem</span> <span class='ocrx_word' id='word_1_474' title='bbox 528 3622 660 3688; x_wconf 86' lang='lat' dir='ltr'>Mariam,</span> <span class='ocrx_word' id='word_1_475' title='bbox 677 3627 710 3678; x_wconf 89' lang='lat' dir='ltr'>ut</span> <span class='ocrx_word' id='word_1_476' title='bbox 729 3640 813 3695; x_wconf 93' lang='lat' dir='ltr'>opem</span> <span class='ocrx_word' id='word_1_477' title='bbox 870 3620 1558 3694; x_wconf 88' lang='lat' dir='ltr'>matronarumcognatarumctafflniumomnes</span> <span class='ocrx_word' id='word_1_478' title='bbox 1567 3622 1699 3680; x_wconf 78' lang='lat' dir='ltr'>crinibus</span> 
     </span>
     <span class='ocr_line' id='line_1_39' title="bbox 102 3698 1698 3785; baseline -0.002 -14"><span class='ocrx_word' id='word_1_479' title='bbox 102 3713 221 3771; x_wconf 89' lang='lat' dir='ltr'>assidue</span> <span class='ocrx_word' id='word_1_480' title='bbox 247 3713 395 3769; x_wconf 89' lang='lat' dir='ltr'>invocans.</span> <span class='ocrx_word' id='word_1_481' title='bbox 422 3712 465 3767; x_wconf 91' lang='lat' dir='ltr'>lta</span> <span class='ocrx_word' id='word_1_482' title='bbox 486 3712 516 3766; x_wconf 92' lang='lat' dir='ltr'>in</span> <span class='ocrx_word' id='word_1_483' title='bbox 541 3712 702 3768; x_wconf 90' lang='lat' dir='ltr'>miserabili</span> <span class='ocrx_word' id='word_1_484' title='bbox 717 3712 815 3770; x_wconf 89' lang='lat' dir='ltr'>duello</span> <span class='ocrx_word' id='word_1_485' title='bbox 870 3710 1190 3782; x_wconf 89' lang='lat' dir='ltr'>solutisuaguibusora</span> <span class='ocrx_word' id='word_1_486' title='bbox 1201 3710 1352 3776; x_wconf 65' lang='lat' dir='ltr'>foedasset</span> <span class='ocrx_word' id='word_1_487' title='bbox 1361 3698 1698 3785; x_wconf 68' lang='lat' dir='ltr'>pectorapugnistunde&#39;·</span> 
     </span>
     <span class='ocr_line' id='line_1_40' title="bbox 93 3798 1698 3876; baseline -0.001 -18"><span class='ocrx_word' id='word_1_488' title='bbox 93 3820 116 3861; x_wconf 73' lang='lat' dir='ltr'>ia</span> <span class='ocrx_word' id='word_1_489' title='bbox 129 3803 224 3859; x_wconf 91' lang='lat' dir='ltr'>noctis</span> <span class='ocrx_word' id='word_1_490' title='bbox 240 3808 320 3876; x_wconf 91' lang='lat' dir='ltr'>parte</span> <span class='ocrx_word' id='word_1_491' title='bbox 336 3805 520 3873; x_wconf 87' lang='lat' dir='ltr'>consumpta,</span> <span class='ocrx_word' id='word_1_492' title='bbox 537 3800 672 3858; x_wconf 90' lang='lat' dir='ltr'>diabolus</span> <span class='ocrx_word' id='word_1_493' title='bbox 686 3801 816 3874; x_wconf 92' lang='lat' dir='ltr'>Virginis</span> <span class='ocrx_word' id='word_1_494' title='bbox 871 3818 911 3867; x_wconf 90' lang='lat' dir='ltr'>re,</span> <span class='ocrx_word' id='word_1_495' title='bbox 924 3799 1182 3856; x_wconf 86' lang='lat' dir='ltr'>itautlamentiset</span> <span class='ocrx_word' id='word_1_496' title='bbox 1193 3798 1303 3872; x_wconf 88' lang='lat' dir='ltr'>gemitu</span> <span class='ocrx_word' id='word_1_497' title='bbox 1314 3799 1497 3874; x_wconf 83' lang='lat' dir='ltr'>femineoque</span> <span class='ocrx_word' id='word_1_498' title='bbox 1512 3801 1627 3856; x_wconf 91' lang='lat' dir='ltr'>ulutatu</span> <span class='ocrx_word' id='word_1_499' title='bbox 1640 3805 1698 3857; x_wconf 88' lang='lat' dir='ltr'>tac·</span> 
     </span>
     <span class='ocr_line' id='line_1_41' title="bbox 100 3887 1700 3966; baseline -0.003 -17"><span class='ocrx_word' id='word_1_500' title='bbox 100 3892 235 3966; x_wconf 90' lang='lat' dir='ltr'>precibus</span> <span class='ocrx_word' id='word_1_501' title='bbox 249 3893 344 3948; x_wconf 87' lang='lat' dir='ltr'>victus</span> <span class='ocrx_word' id='word_1_502' title='bbox 357 3891 594 3962; x_wconf 81' lang='lat' dir='ltr'>furibundusque</span> <span class='ocrx_word' id='word_1_503' title='bbox 605 3890 634 3945; x_wconf 93' lang='lat' dir='ltr'>in</span> <span class='ocrx_word' id='word_1_504' title='bbox 648 3890 816 3947; x_wconf 89' lang='lat' dir='ltr'>inferiorem</span> <span class='ocrx_word' id='word_1_505' title='bbox 872 3887 1579 3962; x_wconf 87' lang='lat' dir='ltr'>tafremerent,resonaretetmagnisplangoribus</span> <span class='ocrx_word' id='word_1_506' title='bbox 1590 3888 1700 3946; x_wconf 83' lang='lat' dir='ltr'>ather‘l</span> 
     </span>
     <span class='ocr_line' id='line_1_42' title="bbox 93 3976 1698 4057; baseline -0.002 -19"><span class='ocrx_word' id='word_1_507' title='bbox 93 3985 218 4057; x_wconf 69' lang='lat' dir='ltr'>martem</span> <span class='ocrx_word' id='word_1_508' title='bbox 231 3998 294 4038; x_wconf 83' lang='lat' dir='ltr'>sese</span> <span class='ocrx_word' id='word_1_509' title='bbox 306 3980 449 4054; x_wconf 89' lang='lat' dir='ltr'>proripuit</span> <span class='ocrx_word' id='word_1_510' title='bbox 464 4006 470 4048; x_wconf 88' lang='lat'><strong>;</strong></span> <span class='ocrx_word' id='word_1_511' title='bbox 483 3979 524 4035; x_wconf 93' lang='lat' dir='ltr'>ibi</span> <span class='ocrx_word' id='word_1_512' title='bbox 537 3997 607 4035; x_wconf 89' lang='lat' dir='ltr'>vasa</span> <span class='ocrx_word' id='word_1_513' title='bbox 618 3979 710 4036; x_wconf 88' lang='lat' dir='ltr'>malta</span> <span class='ocrx_word' id='word_1_514' title='bbox 720 3980 817 4036; x_wconf 90' lang='lat' dir='ltr'>elfrin·</span> <span class='ocrx_word' id='word_1_515' title='bbox 907 3978 970 4033; x_wconf 82' lang='lat'><strong>329.</strong></span> <span class='ocrx_word' id='word_1_516' title='bbox 988 3977 1138 4048; x_wconf 90' lang='lat' dir='ltr'>Imprimis</span> <span class='ocrx_word' id='word_1_517' title='bbox 1154 3976 1258 4032; x_wconf 91' lang='lat' dir='ltr'>matris</span> <span class='ocrx_word' id='word_1_518' title='bbox 1281 3977 1416 4047; x_wconf 78' lang='lat' dir='ltr'>querula</span> <span class='ocrx_word' id='word_1_519' title='bbox 1430 3994 1514 4034; x_wconf 89' lang='lat' dir='ltr'>voces</span> <span class='ocrx_word' id='word_1_520' title='bbox 1529 3995 1632 4036; x_wconf 92' lang='lat' dir='ltr'>omnes</span> <span class='ocrx_word' id='word_1_521' title='bbox 1647 3979 1698 4052; x_wconf 93' lang='lat' dir='ltr'>qui</span> 
     </span>
     <span class='ocr_line' id='line_1_43' title="bbox 93 4065 1698 4142; baseline -0.002 -15"><span class='ocrx_word' id='word_1_522' title='bbox 93 4071 160 4127; x_wconf 78' lang='lat' dir='ltr'>vstia</span> <span class='ocrx_word' id='word_1_523' title='bbox 184 4069 335 4127; x_wconf 87' lang='lat' dir='ltr'>arculasve</span> <span class='ocrx_word' id='word_1_524' title='bbox 358 4069 480 4142; x_wconf 89' lang='lat' dir='ltr'>aperire,</span> <span class='ocrx_word' id='word_1_525' title='bbox 502 4069 625 4141; x_wconf 88' lang='lat' dir='ltr'>strepitu</span> <span class='ocrx_word' id='word_1_526' title='bbox 641 4074 671 4125; x_wconf 89' lang='lat' dir='ltr'>et</span> <span class='ocrx_word' id='word_1_527' title='bbox 685 4070 816 4126; x_wconf 87' lang='lat' dir='ltr'>tumultu</span> <span class='ocrx_word' id='word_1_528' title='bbox 872 4067 993 4123; x_wconf 89' lang='lat' dir='ltr'>aderant</span> <span class='ocrx_word' id='word_1_529' title='bbox 1004 4065 1142 4121; x_wconf 87' lang='lat' dir='ltr'>mortales</span> <span class='ocrx_word' id='word_1_530' title='bbox 1157 4066 1193 4120; x_wconf 91' lang='lat' dir='ltr'>ad</span> <span class='ocrx_word' id='word_1_531' title='bbox 1207 4065 1351 4137; x_wconf 89' lang='lat' dir='ltr'>gemitum</span> <span class='ocrx_word' id='word_1_532' title='bbox 1366 4065 1541 4138; x_wconf 86' lang='lat' dir='ltr'>compellere</span> <span class='ocrx_word' id='word_1_533' title='bbox 1553 4085 1560 4124; x_wconf 89' lang='lat'><strong>:</strong></span> <span class='ocrx_word' id='word_1_534' title='bbox 1572 4071 1627 4123; x_wconf 82' lang='lat' dir='ltr'>Per</span> <span class='ocrx_word' id='word_1_535' title='bbox 1637 4083 1698 4124; x_wconf 93' lang='lat' dir='ltr'>me-</span> 
     </span>
     <span class='ocr_line' id='line_1_44' title="bbox 103 4153 1698 4230; baseline -0.002 -15"><span class='ocrx_word' id='word_1_536' title='bbox 103 4159 235 4216; x_wconf 89' lang='lat' dir='ltr'>miscere.</span> <span class='ocrx_word' id='word_1_537' title='bbox 252 4157 351 4214; x_wconf 87' lang='lat' dir='ltr'>Noctis</span> <span class='ocrx_word' id='word_1_538' title='bbox 362 4157 453 4230; x_wconf 89' lang='lat' dir='ltr'>igitur</span> <span class='ocrx_word' id='word_1_539' title='bbox 463 4157 540 4229; x_wconf 89' lang='lat' dir='ltr'>quod</span> <span class='ocrx_word' id='word_1_540' title='bbox 557 4157 751 4228; x_wconf 90' lang='lat' dir='ltr'>superfuerat,</span> <span class='ocrx_word' id='word_1_541' title='bbox 763 4161 819 4213; x_wconf 91' lang='lat' dir='ltr'>trc-</span> <span class='ocrx_word' id='word_1_542' title='bbox 872 4156 937 4213; x_wconf 89' lang='lat' dir='ltr'>dios</span> <span class='ocrx_word' id='word_1_543' title='bbox 950 4154 1029 4212; x_wconf 91' lang='lat' dir='ltr'>enim</span> <span class='ocrx_word' id='word_1_544' title='bbox 1044 4154 1134 4209; x_wconf 91' lang='lat' dir='ltr'>veluti</span> <span class='ocrx_word' id='word_1_545' title='bbox 1150 4154 1230 4209; x_wconf 87' lang='lat' dir='ltr'>fatua</span> <span class='ocrx_word' id='word_1_546' title='bbox 1244 4153 1374 4211; x_wconf 88' lang='lat' dir='ltr'>crinibus</span> <span class='ocrx_word' id='word_1_547' title='bbox 1396 4154 1492 4228; x_wconf 88' lang='lat' dir='ltr'>passis</span> <span class='ocrx_word' id='word_1_548' title='bbox 1507 4171 1606 4224; x_wconf 91' lang='lat' dir='ltr'>ruens,</span> <span class='ocrx_word' id='word_1_549' title='bbox 1621 4157 1698 4213; x_wconf 88' lang='lat' dir='ltr'>voci-</span> 
     </span>
     <span class='ocr_line' id='line_1_45' title="bbox 93 4242 1698 4316; baseline -0.002 -12"><span class='ocrx_word' id='word_1_550' title='bbox 93 4264 168 4305; x_wconf 88' lang='lat' dir='ltr'>nnes</span> <span class='ocrx_word' id='word_1_551' title='bbox 182 4248 330 4303; x_wconf 79' lang='lat' dir='ltr'>duximus.</span> <span class='ocrx_word' id='word_1_552' title='bbox 344 4247 417 4302; x_wconf 89' lang='lat' dir='ltr'>Proh</span> <span class='ocrx_word' id='word_1_553' title='bbox 434 4247 509 4302; x_wconf 93' lang='lat' dir='ltr'>bone</span> <span class='ocrx_word' id='word_1_554' title='bbox 523 4245 611 4301; x_wconf 86' lang='lat' dir='ltr'>Jesul</span> <span class='ocrx_word' id='word_1_555' title='bbox 630 4244 706 4302; x_wconf 88' lang='lat' dir='ltr'>hanc</span> <span class='ocrx_word' id='word_1_556' title='bbox 721 4262 817 4302; x_wconf 91' lang='lat' dir='ltr'>meam</span> <span class='ocrx_word' id='word_1_557' title='bbox 873 4244 993 4301; x_wconf 85' lang='lat' dir='ltr'>ferendo</span> <span class='ocrx_word' id='word_1_558' title='bbox 1009 4243 1120 4299; x_wconf 74' lang='lat' dir='ltr'>aletae:</span> <span class='ocrx_word' id='word_1_559' title='bbox 1137 4243 1215 4298; x_wconf 92' lang='lat' dir='ltr'>llanc</span> <span class='ocrx_word' id='word_1_560' title='bbox 1229 4259 1282 4315; x_wconf 87' lang='lat' dir='ltr'>ego</span> <span class='ocrx_word' id='word_1_561' title='bbox 1293 4247 1321 4299; x_wconf 88' lang='lat' dir='ltr'>te</span> <span class='ocrx_word' id='word_1_562' title='bbox 1333 4242 1423 4299; x_wconf 89' lang='lat' dir='ltr'>liliam</span> <span class='ocrx_word' id='word_1_563' title='bbox 1439 4243 1559 4316; x_wconf 92' lang='lat' dir='ltr'>aspicio,</span> <span class='ocrx_word' id='word_1_564' title='bbox 1571 4248 1599 4301; x_wconf 90' lang='lat' dir='ltr'>te</span> <span class='ocrx_word' id='word_1_565' title='bbox 1609 4244 1698 4301; x_wconf 91' lang='lat' dir='ltr'>talem</span> 
     </span>
     <span class='ocr_line' id='line_1_46' title="bbox 100 4331 1702 4408; baseline -0.002 -15"><span class='ocrx_word' id='word_1_566' title='bbox 100 4337 205 4394; x_wconf 90' lang='lat' dir='ltr'>deinde</span> <span class='ocrx_word' id='word_1_567' title='bbox 215 4337 329 4408; x_wconf 90' lang='lat' dir='ltr'>quoties</span> <span class='ocrx_word' id='word_1_568' title='bbox 339 4335 387 4391; x_wconf 90' lang='lat' dir='ltr'>ille</span> <span class='ocrx_word' id='word_1_569' title='bbox 400 4335 428 4390; x_wconf 92' lang='lat' dir='ltr'>in</span> <span class='ocrx_word' id='word_1_570' title='bbox 441 4332 567 4390; x_wconf 84' lang='lat' dir='ltr'>maxillis</span> <span class='ocrx_word' id='word_1_571' title='bbox 582 4336 612 4388; x_wconf 88' lang='lat' dir='ltr'>et</span> <span class='ocrx_word' id='word_1_572' title='bbox 623 4333 652 4388; x_wconf 93' lang='lat' dir='ltr'>in</span> <span class='ocrx_word' id='word_1_573' title='bbox 664 4334 746 4407; x_wconf 89' lang='lat' dir='ltr'>genis</span> <span class='ocrx_word' id='word_1_574' title='bbox 756 4350 817 4389; x_wconf 90' lang='lat' dir='ltr'>ver·</span> <span class='ocrx_word' id='word_1_575' title='bbox 874 4333 982 4389; x_wconf 84' lang='lat' dir='ltr'>misera</span> <span class='ocrx_word' id='word_1_576' title='bbox 999 4332 1130 4403; x_wconf 87' lang='lat' dir='ltr'>concepi,</span> <span class='ocrx_word' id='word_1_577' title='bbox 1142 4335 1229 4402; x_wconf 88' lang='lat' dir='ltr'>atque</span> <span class='ocrx_word' id='word_1_578' title='bbox 1238 4332 1273 4386; x_wconf 90' lang='lat' dir='ltr'>ad</span> <span class='ocrx_word' id='word_1_579' title='bbox 1287 4331 1363 4387; x_wconf 89' lang='lat' dir='ltr'>hanc</span> <span class='ocrx_word' id='word_1_580' title='bbox 1374 4331 1433 4387; x_wconf 90' lang='lat' dir='ltr'>alui</span> <span class='ocrx_word' id='word_1_581' title='bbox 1444 4333 1532 4405; x_wconf 89' lang='lat' dir='ltr'>diem,</span> <span class='ocrx_word' id='word_1_582' title='bbox 1545 4337 1578 4389; x_wconf 88' lang='lat' dir='ltr'>ut</span> <span class='ocrx_word' id='word_1_583' title='bbox 1602 4350 1659 4390; x_wconf 92' lang='lat' dir='ltr'>non</span> <span class='ocrx_word' id='word_1_584' title='bbox 1685 4350 1702 4390; x_wconf 91' lang='lat' dir='ltr'>a</span> 
     </span>
     <span class='ocr_line' id='line_1_47' title="bbox 93 4419 1704 4498; baseline -0.002 -16"><span class='ocrx_word' id='word_1_585' title='bbox 93 4427 120 4483; x_wconf 93' lang='lat' dir='ltr'>lo</span> <span class='ocrx_word' id='word_1_586' title='bbox 143 4425 329 4498; x_wconf 73' lang='lat' dir='ltr'>[percussitll</span> <span class='ocrx_word' id='word_1_587' title='bbox 346 4428 374 4480; x_wconf 91' lang='lat' dir='ltr'>ct</span> <span class='ocrx_word' id='word_1_588' title='bbox 398 4440 451 4496; x_wconf 89' lang='lat' dir='ltr'>ego</span> <span class='ocrx_word' id='word_1_589' title='bbox 467 4439 609 4479; x_wconf 91' lang='lat' dir='ltr'>unacum</span> <span class='ocrx_word' id='word_1_590' title='bbox 631 4423 696 4494; x_wconf 90' lang='lat' dir='ltr'>ipsa</span> <span class='ocrx_word' id='word_1_591' title='bbox 708 4425 818 4480; x_wconf 90' lang='lat' dir='ltr'>orando</span> <span class='ocrx_word' id='word_1_592' title='bbox 875 4419 1060 4492; x_wconf 90' lang='lat' dir='ltr'>mortalibus,</span> <span class='ocrx_word' id='word_1_593' title='bbox 1077 4420 1127 4476; x_wconf 88' lang='lat' dir='ltr'>scd</span> <span class='ocrx_word' id='word_1_594' title='bbox 1153 4437 1170 4475; x_wconf 88' lang='lat' dir='ltr'>a</span> <span class='ocrx_word' id='word_1_595' title='bbox 1193 4419 1325 4475; x_wconf 82' lang='lat' dir='ltr'>damone</span> <span class='ocrx_word' id='word_1_596' title='bbox 1339 4419 1420 4477; x_wconf 91' lang='lat' dir='ltr'>hisce</span> <span class='ocrx_word' id='word_1_597' title='bbox 1440 4421 1533 4478; x_wconf 91' lang='lat' dir='ltr'>oculis</span> <span class='ocrx_word' id='word_1_598' title='bbox 1547 4421 1704 4478; x_wconf 88' lang='lat' dir='ltr'>crudeliter</span> 
     </span>
     <span class='ocr_line' id='line_1_48' title="bbox 93 4505 1703 4589; baseline -0.006 -18"><span class='ocrx_word' id='word_1_599' title='bbox 93 4515 198 4572; x_wconf 90' lang='lat' dir='ltr'>defessi</span> <span class='ocrx_word' id='word_1_600' title='bbox 214 4531 328 4571; x_wconf 92' lang='lat' dir='ltr'>sumus.</span> <span class='ocrx_word' id='word_1_601' title='bbox 836 4524 860 4589; x_wconf 75' lang='lat' dir='ltr'>D</span> <span class='ocrx_word' id='word_1_602' title='bbox 875 4508 952 4565; x_wconf 80' lang='lat' dir='ltr'>affici</span> <span class='ocrx_word' id='word_1_603' title='bbox 964 4512 1051 4581; x_wconf 90' lang='lat' dir='ltr'>atque</span> <span class='ocrx_word' id='word_1_604' title='bbox 1061 4505 1191 4578; x_wconf 90' lang='lat' dir='ltr'>torqueri</span> <span class='ocrx_word' id='word_1_605' title='bbox 1202 4505 1364 4578; x_wconf 83' lang='lat' dir='ltr'>aspiciam?</span> <span class='ocrx_word' id='word_1_606' title='bbox 1376 4506 1398 4562; x_wconf 88' lang='lat'>0</span> <span class='ocrx_word' id='word_1_607' title='bbox 1409 4523 1455 4562; x_wconf 90' lang='lat' dir='ltr'>me</span> <span class='ocrx_word' id='word_1_608' title='bbox 1465 4507 1602 4563; x_wconf 89' lang='lat' dir='ltr'>miseram</span> <span class='ocrx_word' id='word_1_609' title='bbox 1612 4506 1618 4561; x_wconf 89' lang='lat' dir='ltr'>l</span> <span class='ocrx_word' id='word_1_610' title='bbox 1628 4507 1703 4572; x_wconf 88' lang='lat' dir='ltr'>Quid</span> 
     </span>
     <span class='ocr_line' id='line_1_49' title="bbox 109 4593 1704 4677; baseline -0.008 -16"><span class='ocrx_word' id='word_1_611' title='bbox 109 4605 192 4661; x_wconf 75' lang='lat' dir='ltr'>Forte</span> <span class='ocrx_word' id='word_1_612' title='bbox 204 4604 372 4677; x_wconf 91' lang='lat' dir='ltr'>quinquies,</span> <span class='ocrx_word' id='word_1_613' title='bbox 382 4602 466 4658; x_wconf 89' lang='lat' dir='ltr'>nobis</span> <span class='ocrx_word' id='word_1_614' title='bbox 481 4600 686 4672; x_wconf 67' lang='lat' dir='ltr'>praesentibus,</span> <span class='ocrx_word' id='word_1_615' title='bbox 703 4602 825 4661; x_wconf 89' lang='lat' dir='ltr'>domum</span> <span class='ocrx_word' id='word_1_616' title='bbox 880 4602 996 4654; x_wconf 89' lang='lat' dir='ltr'>tantum</span> <span class='ocrx_word' id='word_1_617' title='bbox 1012 4595 1154 4660; x_wconf 90' lang='lat' dir='ltr'>demerui,</span> <span class='ocrx_word' id='word_1_618' title='bbox 1166 4594 1270 4665; x_wconf 91' lang='lat' dir='ltr'>quidve</span> <span class='ocrx_word' id='word_1_619' title='bbox 1282 4594 1424 4663; x_wconf 90' lang='lat' dir='ltr'>criminis,</span> <span class='ocrx_word' id='word_1_620' title='bbox 1440 4593 1557 4662; x_wconf 87' lang='lat' dir='ltr'>admisi,</span> <span class='ocrx_word' id='word_1_621' title='bbox 1570 4598 1603 4649; x_wconf 92' lang='lat' dir='ltr'>ut</span> <span class='ocrx_word' id='word_1_622' title='bbox 1613 4593 1704 4649; x_wconf 80' lang='lat' dir='ltr'>filiam</span> 
     </span>
     <span class='ocr_line' id='line_1_50' title="bbox 93 4681 1705 4761; baseline -0.007 -13"><span class='ocrx_word' id='word_1_623' title='bbox 93 4708 155 4748; x_wconf 89' lang='lat' dir='ltr'>cam</span> <span class='ocrx_word' id='word_1_624' title='bbox 171 4690 281 4748; x_wconf 91' lang='lat' dir='ltr'>crudeli</span> <span class='ocrx_word' id='word_1_625' title='bbox 306 4692 420 4747; x_wconf 86' lang='lat' dir='ltr'>afficere</span> <span class='ocrx_word' id='word_1_626' title='bbox 445 4694 537 4744; x_wconf 89' lang='lat' dir='ltr'>morte</span> <span class='ocrx_word' id='word_1_627' title='bbox 560 4688 689 4760; x_wconf 76' lang='lat' dir='ltr'>[voluitl:</span> <span class='ocrx_word' id='word_1_628' title='bbox 707 4706 757 4761; x_wconf 89' lang='lat' dir='ltr'>por</span> <span class='ocrx_word' id='word_1_629' title='bbox 772 4709 823 4748; x_wconf 89' lang='lat' dir='ltr'>ae·</span> <span class='ocrx_word' id='word_1_630' title='bbox 878 4703 973 4742; x_wconf 91' lang='lat' dir='ltr'>meam</span> <span class='ocrx_word' id='word_1_631' title='bbox 987 4683 1114 4741; x_wconf 93' lang='lat' dir='ltr'>ludibrio</span> <span class='ocrx_word' id='word_1_632' title='bbox 1124 4681 1251 4739; x_wconf 77' lang='lat' dir='ltr'>demoni</span> <span class='ocrx_word' id='word_1_633' title='bbox 1262 4699 1337 4752; x_wconf 90' lang='lat' dir='ltr'>esse,</span> <span class='ocrx_word' id='word_1_634' title='bbox 1345 4686 1407 4737; x_wconf 90' lang='lat' dir='ltr'>tam</span> <span class='ocrx_word' id='word_1_635' title='bbox 1418 4682 1552 4753; x_wconf 90' lang='lat' dir='ltr'>turpiter,</span> <span class='ocrx_word' id='word_1_636' title='bbox 1562 4687 1622 4737; x_wconf 87' lang='lat' dir='ltr'>tam</span> <span class='ocrx_word' id='word_1_637' title='bbox 1630 4682 1705 4737; x_wconf 76' lang='lat' dir='ltr'>faede</span> 
     </span>
     <span class='ocr_line' id='line_1_51' title="bbox 94 4770 1704 4853; baseline -0.007 -15"><span class='ocrx_word' id='word_1_638' title='bbox 94 4798 157 4838; x_wconf 89' lang='lat' dir='ltr'>sam</span> <span class='ocrx_word' id='word_1_639' title='bbox 160 4778 666 4853; x_wconf 81' lang='lat' dir='ltr'>jugiterolamantem,Virgollaria‚</span> <span class='ocrx_word' id='word_1_640' title='bbox 678 4779 821 4852; x_wconf 87' lang='lat' dir='ltr'>feropem,</span> <span class='ocrx_word' id='word_1_641' title='bbox 876 4773 1016 4831; x_wconf 77' lang='lat' dir='ltr'>videam?</span> <span class='ocrx_word' id='word_1_642' title='bbox 1031 4772 1090 4828; x_wconf 90' lang='lat' dir='ltr'>Heu</span> <span class='ocrx_word' id='word_1_643' title='bbox 1106 4772 1111 4826; x_wconf 90' lang='lat' dir='ltr'>l</span> <span class='ocrx_word' id='word_1_644' title='bbox 1129 4772 1255 4841; x_wconf 79' lang='lat' dir='ltr'>daemon,</span> <span class='ocrx_word' id='word_1_645' title='bbox 1271 4771 1320 4843; x_wconf 94' lang='lat' dir='ltr'>qui</span> <span class='ocrx_word' id='word_1_646' title='bbox 1333 4770 1424 4826; x_wconf 88' lang='lat' dir='ltr'>filiam</span> <span class='ocrx_word' id='word_1_647' title='bbox 1435 4786 1532 4827; x_wconf 91' lang='lat' dir='ltr'>meam</span> <span class='ocrx_word' id='word_1_648' title='bbox 1548 4771 1704 4843; x_wconf 89' lang='lat' dir='ltr'>nullojure</span> 
     </span>
     <span class='ocr_line' id='line_1_52' title="bbox 93 4859 1704 4942; baseline -0.006 -15"><span class='ocrx_word' id='word_1_649' title='bbox 93 4887 149 4942; x_wconf 91' lang='lat' dir='ltr'>mo,</span> <span class='ocrx_word' id='word_1_650' title='bbox 165 4869 300 4927; x_wconf 84' lang='lat' dir='ltr'>obsecro!</span> <span class='ocrx_word' id='word_1_651' title='bbox 318 4868 489 4941; x_wconf 86' lang='lat' dir='ltr'>exportavit.</span> <span class='ocrx_word' id='word_1_652' title='bbox 512 4868 534 4922; x_wconf 89' lang='lat' dir='ltr'>O</span> <span class='ocrx_word' id='word_1_653' title='bbox 551 4884 640 4939; x_wconf 89' lang='lat' dir='ltr'>quam</span> <span class='ocrx_word' id='word_1_654' title='bbox 657 4868 823 4925; x_wconf 88' lang='lat' dir='ltr'>miserabile</span> <span class='ocrx_word' id='word_1_655' title='bbox 877 4862 1015 4920; x_wconf 89' lang='lat' dir='ltr'>inscctari</span> <span class='ocrx_word' id='word_1_656' title='bbox 1030 4860 1169 4928; x_wconf 85' lang='lat' dir='ltr'>statuisti,</span> <span class='ocrx_word' id='word_1_657' title='bbox 1186 4877 1233 4916; x_wconf 91' lang='lat' dir='ltr'>me</span> <span class='ocrx_word' id='word_1_658' title='bbox 1258 4860 1357 4916; x_wconf 88' lang='lat' dir='ltr'>crucia</span> <span class='ocrx_word' id='word_1_659' title='bbox 1372 4859 1479 4933; x_wconf 88' lang='lat' dir='ltr'>potius,</span> <span class='ocrx_word' id='word_1_660' title='bbox 1497 4877 1543 4916; x_wconf 91' lang='lat' dir='ltr'>me</span> <span class='ocrx_word' id='word_1_661' title='bbox 1560 4865 1704 4917; x_wconf 89' lang='lat' dir='ltr'>tormenta</span> 
     </span>
     <span class='ocr_line' id='line_1_53' title="bbox 93 4949 1703 5034; baseline -0.006 -17"><span class='ocrx_word' id='word_1_662' title='bbox 93 4959 357 5034; x_wconf 88' lang='lat' dir='ltr'>quespeotaoulum</span> <span class='ocrx_word' id='word_1_663' title='bbox 367 4957 504 5013; x_wconf 89' lang='lat' dir='ltr'>omnibus</span> <span class='ocrx_word' id='word_1_664' title='bbox 513 4956 668 5028; x_wconf 87' lang='lat' dir='ltr'>oppidanis</span> <span class='ocrx_word' id='word_1_665' title='bbox 678 4964 749 5027; x_wconf 88' lang='lat' dir='ltr'>crat,</span> <span class='ocrx_word' id='word_1_666' title='bbox 759 4975 823 5014; x_wconf 91' lang='lat' dir='ltr'>eam</span> <span class='ocrx_word' id='word_1_667' title='bbox 879 4953 954 5026; x_wconf 68' lang='lat'>(219)</span> <span class='ocrx_word' id='word_1_668' title='bbox 967 4952 973 5008; x_wconf 92' lang='lat'>!</span> <span class='ocrx_word' id='word_1_669' title='bbox 991 4952 1016 5008; x_wconf 93' lang='lat' dir='ltr'>si</span> <span class='ocrx_word' id='word_1_670' title='bbox 1028 4968 1086 5022; x_wconf 92' lang='lat' dir='ltr'>qua</span> <span class='ocrx_word' id='word_1_671' title='bbox 1097 4949 1152 5005; x_wconf 90' lang='lat' dir='ltr'>tihi</span> <span class='ocrx_word' id='word_1_672' title='bbox 1162 4955 1207 5005; x_wconf 89' lang='lat' dir='ltr'>est</span> <span class='ocrx_word' id='word_1_673' title='bbox 1217 4949 1319 5021; x_wconf 86' lang='lat' dir='ltr'>pietas,</span> <span class='ocrx_word' id='word_1_674' title='bbox 1336 4949 1366 5004; x_wconf 93' lang='lat' dir='ltr'>in</span> <span class='ocrx_word' id='word_1_675' title='bbox 1378 4965 1424 5005; x_wconf 92' lang='lat' dir='ltr'>me</span> <span class='ocrx_word' id='word_1_676' title='bbox 1437 4949 1610 5022; x_wconf 76' lang='lat' dir='ltr'>omniaque</span> <span class='ocrx_word' id='word_1_677' title='bbox 1622 4954 1703 5022; x_wconf 86' lang='lat' dir='ltr'>potes</span> 
     </span>
     <span class='ocr_line' id='line_1_54' title="bbox 93 5037 1702 5122; baseline -0.007 -16"><span class='ocrx_word' id='word_1_678' title='bbox 93 5067 107 5106; x_wconf 87' lang='lat' dir='ltr'>e</span> <span class='ocrx_word' id='word_1_679' title='bbox 120 5066 295 5122; x_wconf 87' lang='lat' dir='ltr'>suspensam</span> <span class='ocrx_word' id='word_1_680' title='bbox 308 5046 465 5120; x_wconf 87' lang='lat' dir='ltr'>deportari,</span> <span class='ocrx_word' id='word_1_681' title='bbox 480 5063 591 5117; x_wconf 90' lang='lat' dir='ltr'>nosque</span> <span class='ocrx_word' id='word_1_682' title='bbox 603 5045 690 5118; x_wconf 90' lang='lat' dir='ltr'>longe</span> <span class='ocrx_word' id='word_1_683' title='bbox 701 5048 825 5103; x_wconf 91' lang='lat' dir='ltr'>miseros</span> <span class='ocrx_word' id='word_1_684' title='bbox 879 5041 988 5113; x_wconf 88' lang='lat' dir='ltr'>conjice</span> <span class='ocrx_word' id='word_1_685' title='bbox 1000 5039 1078 5096; x_wconf 91' lang='lat' dir='ltr'>mala</span> <span class='ocrx_word' id='word_1_686' title='bbox 1090 5057 1096 5106; x_wconf 89' lang='grc'><strong>;</strong></span> <span class='ocrx_word' id='word_1_687' title='bbox 1110 5042 1159 5093; x_wconf 91' lang='lat' dir='ltr'>aut</span> <span class='ocrx_word' id='word_1_688' title='bbox 1171 5043 1213 5105; x_wconf 88' lang='lat' dir='ltr'>tu,</span> <span class='ocrx_word' id='word_1_689' title='bbox 1225 5038 1300 5094; x_wconf 87' lang='lat' dir='ltr'>bone</span> <span class='ocrx_word' id='word_1_690' title='bbox 1314 5039 1395 5110; x_wconf 84' lang='lat' dir='ltr'>Jesu,</span> <span class='ocrx_word' id='word_1_691' title='bbox 1409 5038 1492 5094; x_wconf 86' lang='lat' dir='ltr'>Pater</span> <span class='ocrx_word' id='word_1_692' title='bbox 1505 5037 1630 5106; x_wconf 77' lang='lat' dir='ltr'>Bivium,</span> <span class='ocrx_word' id='word_1_693' title='bbox 1647 5039 1702 5095; x_wconf 93' lang='lat' dir='ltr'>mi·</span> 
     </span>
     <span class='ocr_line' id='line_1_55' title="bbox 93 5128 1705 5209; baseline -0.006 -16"><span class='ocrx_word' id='word_1_694' title='bbox 93 5139 243 5195; x_wconf 81' lang='lat' dir='ltr'>imiesum</span> <span class='ocrx_word' id='word_1_695' title='bbox 254 5135 591 5209; x_wconf 82' lang='lat' dir='ltr'>Virginemqueblariam</span> <span class='ocrx_word' id='word_1_696' title='bbox 607 5135 783 5208; x_wconf 88' lang='lat' dir='ltr'>invocantes,</span> <span class='ocrx_word' id='word_1_697' title='bbox 797 5141 825 5193; x_wconf 91' lang='lat' dir='ltr'>et</span> <span class='ocrx_word' id='word_1_698' title='bbox 880 5149 976 5189; x_wconf 88' lang='lat' dir='ltr'>serere</span> <span class='ocrx_word' id='word_1_699' title='bbox 991 5130 1081 5186; x_wconf 91' lang='lat' dir='ltr'>animi</span> <span class='ocrx_word' id='word_1_700' title='bbox 1098 5146 1155 5184; x_wconf 90' lang='lat' dir='ltr'>non</span> <span class='ocrx_word' id='word_1_701' title='bbox 1171 5128 1498 5202; x_wconf 79' lang='lat' dir='ltr'>dignaferentis(219‘),</span> <span class='ocrx_word' id='word_1_702' title='bbox 1511 5132 1619 5200; x_wconf 90' lang='lat' dir='ltr'>tuoque</span> <span class='ocrx_word' id='word_1_703' title='bbox 1633 5128 1705 5183; x_wconf 87' lang='lat' dir='ltr'>invi-</span> 
     </span>
     <span class='ocr_line' id='line_1_56' title="bbox 93 5216 1707 5300; baseline -0.007 -16"><span class='ocrx_word' id='word_1_704' title='bbox 93 5244 177 5284; x_wconf 82' lang='lat' dir='ltr'>sanos</span> <span class='ocrx_word' id='word_1_705' title='bbox 190 5230 379 5300; x_wconf 89' lang='lat' dir='ltr'>properantes</span> <span class='ocrx_word' id='word_1_706' title='bbox 391 5223 519 5296; x_wconf 85' lang='lat' dir='ltr'>aspicere</span> <span class='ocrx_word' id='word_1_707' title='bbox 532 5223 538 5279; x_wconf 89' lang='lat' dir='ltr'>l</span> <span class='ocrx_word' id='word_1_708' title='bbox 550 5222 642 5291; x_wconf 86' lang='lat' dir='ltr'>blitto,</span> <span class='ocrx_word' id='word_1_709' title='bbox 653 5225 724 5296; x_wconf 91' lang='lat' dir='ltr'>quid</span> <span class='ocrx_word' id='word_1_710' title='bbox 734 5230 827 5281; x_wconf 89' lang='lat' dir='ltr'>mater</span> <span class='ocrx_word' id='word_1_711' title='bbox 881 5238 946 5279; x_wconf 90' lang='lat' dir='ltr'>sum</span> <span class='ocrx_word' id='word_1_712' title='bbox 958 5221 1012 5277; x_wconf 91' lang='lat' dir='ltr'>hoc</span> <span class='ocrx_word' id='word_1_713' title='bbox 1022 5216 1607 5290; x_wconf 87' lang='lat' dir='ltr'>detrudecoputsubtartaratelo,quando</span> <span class='ocrx_word' id='word_1_714' title='bbox 1622 5216 1707 5273; x_wconf 87' lang='lat' dir='ltr'>aliter</span> 
     </span>
     <span class='ocr_line' id='line_1_57' title="bbox 103 5305 1550 5389; baseline -0.008 -16"><span class='ocrx_word' id='word_1_715' title='bbox 103 5316 272 5373; x_wconf 91' lang='lat' dir='ltr'>infortuniis</span> <span class='ocrx_word' id='word_1_716' title='bbox 288 5313 453 5389; x_wconf 85' lang='lat' dir='ltr'>agebat,uti</span> <span class='ocrx_word' id='word_1_717' title='bbox 471 5312 531 5368; x_wconf 88' lang='lat' dir='ltr'>suis</span> <span class='ocrx_word' id='word_1_718' title='bbox 547 5313 701 5384; x_wconf 88' lang='lat' dir='ltr'>questibus</span> <span class='ocrx_word' id='word_1_719' title='bbox 716 5313 826 5384; x_wconf 88' lang='lat' dir='ltr'>plateas</span> <span class='ocrx_word' id='word_1_720' title='bbox 882 5325 993 5382; x_wconf 90' lang='lat' dir='ltr'>nequeo</span> <span class='ocrx_word' id='word_1_721' title='bbox 1007 5306 1156 5363; x_wconf 90' lang='lat' dir='ltr'>crudelem</span> <span class='ocrx_word' id='word_1_722' title='bbox 1172 5307 1345 5380; x_wconf 92' lang='lat' dir='ltr'>abrumpere</span> <span class='ocrx_word' id='word_1_723' title='bbox 1360 5306 1450 5362; x_wconf 89' lang='lat' dir='ltr'>vitam</span> <span class='ocrx_word' id='word_1_724' title='bbox 1464 5305 1550 5378; x_wconf 80' lang='lat'>(220).</span> 
     </span>
    </p>
   </div>
   <div class='ocr_carea' id='block_1_3' title="bbox 93 5429 1706 5581">
    <p class='ocr_par' dir='ltr' id='par_1_3' title="bbox 93 5429 1706 5581">
     <span class='ocr_line' id='line_1_58' title="bbox 93 5429 1618 5513; baseline -0.008 -15"><span class='ocrx_word' id='word_1_725' title='bbox 93 5442 109 5513; x_wconf 81' lang='lat' dir='ltr'>l)</span> <span class='ocrx_word' id='word_1_726' title='bbox 134 5442 311 5498; x_wconf 77' lang='lat' dir='ltr'>forarenlore</span> <span class='ocrx_word' id='word_1_727' title='bbox 336 5455 387 5511; x_wconf 94' lang='lat' dir='ltr'>pro</span> <span class='ocrx_word' id='word_1_728' title='bbox 412 5438 536 5494; x_wconf 80' lang='lat' dir='ltr'>cruciare</span> <span class='ocrx_word' id='word_1_729' title='bbox 559 5436 636 5505; x_wconf 85' lang='lat' dir='ltr'>apud</span> <span class='ocrx_word' id='word_1_730' title='bbox 663 5435 751 5490; x_wconf 89' lang='lat' dir='ltr'>medii</span> <span class='ocrx_word' id='word_1_731' title='bbox 775 5435 827 5490; x_wconf 79' lang='lat' dir='ltr'>avi</span> <span class='ocrx_word' id='word_1_732' title='bbox 918 5432 1004 5505; x_wconf 74' lang='lat'><strong>(219‘)</strong></span> <span class='ocrx_word' id='word_1_733' title='bbox 1019 5431 1103 5487; x_wconf 82' lang='lat' dir='ltr'>Vma.</span> <span class='ocrx_word' id='word_1_734' title='bbox 1119 5430 1229 5487; x_wconf 82' lang='lat' dir='ltr'>AEoeid.</span> <span class='ocrx_word' id='word_1_735' title='bbox 1245 5449 1283 5499; x_wconf 77' lang='lat'>113</span> <span class='ocrx_word' id='word_1_736' title='bbox 1299 5431 1387 5486; x_wconf 89' lang='lat' dir='ltr'>verba</span> <span class='ocrx_word' id='word_1_737' title='bbox 1400 5429 1526 5487; x_wconf 82' lang='lat' dir='ltr'>Sinonis.</span> <span class='ocrx_word' id='word_1_738' title='bbox 1544 5430 1618 5505; x_wconf 79' lang='lat' dir='ltr'>(Eo.)</span> 
     </span>
     <span class='ocr_line' id='line_1_59' title="bbox 93 5502 1706 5581; baseline -0.006 -11"><span class='ocrx_word' id='word_1_739' title='bbox 93 5530 157 5570; x_wconf 88' lang='lat' dir='ltr'>ores</span> <span class='ocrx_word' id='word_1_740' title='bbox 172 5513 328 5569; x_wconf 88' lang='lat' dir='ltr'>invenitur.</span> <span class='ocrx_word' id='word_1_741' title='bbox 341 5508 555 5565; x_wconf 88' lang='lat' dir='ltr'>Verosimiliter</span> <span class='ocrx_word' id='word_1_742' title='bbox 566 5506 611 5562; x_wconf 92' lang='lat' dir='ltr'>hic</span> <span class='ocrx_word' id='word_1_743' title='bbox 622 5511 725 5563; x_wconf 88' lang='lat' dir='ltr'>auctor</span> <span class='ocrx_word' id='word_1_744' title='bbox 736 5506 828 5564; x_wconf 83' lang='lat' dir='ltr'>italus</span> <span class='ocrx_word' id='word_1_745' title='bbox 918 5506 993 5578; x_wconf 76' lang='lat'>(220)</span> <span class='ocrx_word' id='word_1_746' title='bbox 1004 5507 1088 5561; x_wconf 82' lang='lat' dir='ltr'>Vino.</span> <span class='ocrx_word' id='word_1_747' title='bbox 1100 5502 1250 5560; x_wconf 79' lang='lat' dir='ltr'>AEneid.1x</span> <span class='ocrx_word' id='word_1_748' title='bbox 1264 5519 1270 5559; x_wconf 94' lang='lat'>:</span> <span class='ocrx_word' id='word_1_749' title='bbox 1282 5503 1368 5558; x_wconf 89' lang='lat' dir='ltr'>verba</span> <span class='ocrx_word' id='word_1_750' title='bbox 1379 5502 1481 5558; x_wconf 89' lang='lat' dir='ltr'>matris</span> <span class='ocrx_word' id='word_1_751' title='bbox 1494 5502 1621 5577; x_wconf 76' lang='lat' dir='ltr'>Euryali,</span> <span class='ocrx_word' id='word_1_752' title='bbox 1632 5504 1706 5581; x_wconf 75' lang='lat' dir='ltr'>(lin).</span> 
     </span>
    </p>
   </div>
   <div class='ocr_carea' id='block_1_4' title="bbox 93 5577 1547 5776">
    <p class='ocr_par' dir='ltr' id='par_1_4' title="bbox 93 5577 1547 5776">
     <span class='ocr_line' id='line_1_60' title="bbox 93 5577 630 5652; baseline -0.015 -10"><span class='ocrx_word' id='word_1_753' title='bbox 93 5584 153 5644; x_wconf 84' lang='lat' dir='ltr'>lico</span> <span class='ocrx_word' id='word_1_754' title='bbox 166 5586 253 5642; x_wconf 87' lang='lat' dir='ltr'>verbo</span> <span class='ocrx_word' id='word_1_755' title='bbox 269 5588 433 5640; x_wconf 74' lang='lat' dir='ltr'>fomentare</span> <span class='ocrx_word' id='word_1_756' title='bbox 453 5577 630 5652; x_wconf 90' lang='lat' dir='ltr'>desumpsit.</span> 
     </span>
     <span class='ocr_line' id='line_1_61' title="bbox 160 5685 1547 5776; baseline -0.011 0"><span class='ocrx_word' id='word_1_757' title='bbox 160 5716 293 5776; x_wconf 70' lang='lat' dir='ltr'>earnes.</span> <span class='ocrx_word' id='word_1_758' title='bbox 320 5711 447 5775; x_wconf 80' lang='lat' dir='ltr'>cxcvi.</span> <span class='ocrx_word' id='word_1_759' title='bbox 692 5685 695 5691; x_wconf 76' lang='grc'><strong><em>’</em></strong></span> <span class='ocrx_word' id='word_1_760' title='bbox 1507 5703 1547 5773; x_wconf 81' lang='lat' dir='ltr'>ao</span> 
     </span>
    </p>
   </div>
   <div class='ocr_carea' id='block_1_5' title="bbox 0 0 1954 6096">
    <p class='ocr_par' dir='ltr' id='par_1_5' title="bbox 0 0 1954 6096">
     <span class='ocr_line' id='line_1_62' title="bbox 0 0 1954 6096; baseline 0 0"><span class='ocrx_word' id='word_1_761' title='bbox 0 0 1954 6096; x_wconf 95' lang='lat' dir='ltr'> </span> 
     </span>
    </p>
   </div>
  </div>
 </body>
</html>
