3892 6096
113 249 190 312 -taa
239 243 242 249 ⁴
636 241 808 305 OTHLONI
831 240 1009 303 MONACHI
1031 242 1064 303 S.
1087 238 1333 303 uMMaaaMtss
1775 242 1838 304 200

131 380 325 453 relinquatur,
341 376 411 449 quid
428 375 466 432 sit
484 377 520 432 de
538 374 599 432 illis
615 375 676 447 qui,
693 392 724 431 sc
737 374 909 431 concubinis
924 377 953 429 et
968 375 994 442 Α
1008 373 1098 446 gitur,
1110 373 1230 445 indigno
1246 372 1377 429 ferebant
1391 372 1528 445 gentibus
1544 372 1695 446 predicari
1709 374 1833 432 verbum

132 468 337 526 meretricibus
361 464 496 539 plurimis
516 465 626 538 jugiter
649 464 824 536 polluentes,
845 463 885 519 nil
908 480 955 520 cu·
1009 463 1058 520 Doi
1071 460 1834 536 priusquamipsis,quilongeantcainlegeDomini

132 560 200 615 rant
213 556 340 629 qualiter
354 554 474 611 honeste
489 555 598 620 vivent,
612 554 662 610 sed
683 557 797 609 tantum
815 570 894 609 moro
909 570 955 625 pe·
1003 557 1224 618 conversantes,
1241 552 1324 623 quasi
1348 551 1376 606 in
1393 551 1476 607 vinea
1501 551 1682 607 laborabant.
1695 552 1793 610 Potest
1806 558 1837 611 ct

131 648 239 704 cudum
256 642 501 699 irrationabilium
513 659 599 700 omne
611 648 727 715 tempus
740 643 805 697 vita
821 660 879 697 sun
889 659 954 714 pcr·
1008 641 1063 697 hoc
1072 642 1108 697 ad
1120 641 1362 697 murmurationis
1372 641 1460 696 verba
1470 640 1569 696 referri
1578 641 1656 712 quod
1669 640 1790 713 plurimi
1802 642 1834 699 in

131 731 763 808 agunt‘tHasergoseutentiasdellvangelio
774 732 954 804 decerpsisse
1008 731 1144 786 cordibus
1161 731 1223 787 suis
1245 730 1351 801 sapius
1368 729 1547 785 admirantes
1557 729 1704 800 judicium
1725 729 1773 787 [tei
1789 732 1835 787 di·

130 840 176 880 me
192 822 277 887 nulli,
298 837 408 894 quaeso,
419 821 582 893 displiceat,
593 821 644 876 sed
659 821 790 876 attendat
803 821 873 893 quia
889 837 953 892 quas
1007 823 1077 874 cunt
1088 836 1094 874 :
1105 820 1246 875 CurDeus
1258 819 1402 890 quosdam
1413 817 1525 873 noviter
1535 825 1689 874 conversus
1705 819 1788 891 prius
1800 836 1836 877 ex

39 934 44 944 ·
130 912 271 969 Dominus
286 911 483 984 dignatusest
501 909 582 982 loqui
598 914 626 967 et
641 910 743 966 docere
764 910 848 966 nobis
863 910 952 966 etiam
1007 906 1061 964 buc
1075 909 1135 963 vita
1149 909 1314 963 subtractos
1333 908 1369 962 ad
1390 906 1518 962 coelestio
1535 923 1625 980 regna
1639 908 1728 964 ducat
1741 924 1835 981 quam

1005 994 1072 1052 illos
1082 995 1131 1068 qui
1143 1013 1160 1053 a
1171 996 1295 1068 pueritia
1305 1012 1398 1068 usque
1409 996 1634 1052 ad‘seoectutem
1645 1013 1837 1071 summopere

1006 1091 1186 1142 certaverunt
1201 1086 1257 1141 sibi
1269 1085 1396 1141 servire?
1409 1084 1560 1141 Caiatiam
1576 1086 1772 1143 numerationi
1785 1104 1835 1145 sa-

160 1182 226 1237 ,atta
240 1180 363 1249 eiusdem
380 1180 491 1252 pencris
510 1178 673 1233 decremento
687 1194 722 1233 ac
735 1179 916 1234 sacrosanctis
1005 1175 1044 1230 tis
1059 1175 1193 1231 convenit
1208 1176 1285 1248 quoi
1302 1173 1513 1247 paterfamilias
1531 1175 1566 1230 ad
1583 1176 1739 1247 quemdam
1756 1188 1837 1233 mar-

456 1250 622 1321 Ef‘slfffflfss·
1005 1264 1185 1320 morantium
1207 1263 1301 1320 dixit:
1322 1265 1363 1319 An
1384 1264 1478 1319 oculus
1502 1267 1565 1319 tuus
1579 1280 1698 1336 ciconum
1712 1271 1753 1321 eat
1768 1269 1838 1337 quio

162 1362 233 1414 Item
249 1358 273 1415 si
289 1357 396 1429 aliquis
407 1358 436 1413 iu
448 1358 533 1413 corde
545 1373 597 1412 suo
608 1356 714 1412 tacitus
726 1361 838 1428 quaerat
850 1360 950 1411 utrum
1004 1368 1052 1423 epu
1066 1354 1150 1410 bouus
1163 1357 1244 1410 suin?
1263 1352 1367 1424 (battle.
1379 1370 1425 1420 xx,
1439 1353 1495 1425 15.)
1506 1351 1594 1418 Quasi
1609 1353 1718 1410 diceret
1731 1371 1738 1410 :
1751 1355 1834 1411 Nun·

125 1446 260 1503 hominos
269 1451 328 1502 tam
340 1448 375 1502 ab
387 1446 471 1501 initio
480 1446 583 1502 mundi
594 1462 681 1517 quam
692 1445 903 1518 spueritiasua
914 1446 950 1501 ad
1005 1442 1074 1514 quid
1091 1442 1212 1498 intentio
1229 1447 1280 1497 tua
1295 1442 1358 1497 ideo
1373 1458 1509 1513 perversa
1520 1445 1564 1497 est
1575 1442 1644 1514 quia
1657 1458 1710 1515 ego
1727 1442 1794 1515 pius
1804 1448 1835 1500 et

125 1535 176 1591 Dei
191 1535 303 1592 cultum
315 1535 434 1591 veniant
448 1539 552 1606 sponte
568 1538 596 1590 ct
608 1534 671 1591 sais
687 1535 809 1603 meritis,
821 1552 858 1591 an
869 1551 951 1590 voca·
1006 1531 1170 1587 misericors
1181 1535 1294 1598 sam,et
1304 1531 1413 1602 quibus
1424 1530 1487 1586 volo
1499 1530 1581 1602 prius
1593 1548 1682 1604 quam
1694 1531 1747 1587 tibi
1762 1549 1836 1605 prce·

124 1624 202 1679 tione
213 1625 275 1680 Dei.
288 1625 376 1697 Legat
387 1623 467 1679 illam
479 1623 646 1695 parabolam
658 1641 674 1677 a
686 1622 807 1678 Domino
820 1623 946 1678 dictam:
1004 1620 1063 1675 mia
1078 1625 1186 1676 aeterna
1201 1620 1295 1676 dabo?
1309 1620 1360 1675 llis
1375 1619 1465 1693 igitur
1479 1619 1574 1676 verbis
1590 1626 1716 1692 possunt
1729 1637 1834 1680 omnes

123 1713 221 1769 diruite
234 1722 273 1770 est
287 1730 402 1784 requam
413 1713 543 1768 coetorum
558 1712 664 1767 frontini
675 1711 888 1782 patrifamilias,
901 1713 949 1784 qui
962 1748 986 1812 B
1003 1709 1204 1780 educeri‚quia
1219 1725 1314 1777 nemo,
1327 1709 1383 1764 nisi
1400 1707 1495 1781 gratia
1508 1709 1556 1764 Dei
1573 1709 1690 1776 ductus,
1702 1709 1732 1766 in
1750 1709 1833 1767 cultu

123 1805 193 1859 eciit
200 1804 292 1875 prium
302 1805 543 1857 morrecuuctuccrc
553 1801 696 1871 opierorioa
708 1801 858 1856 inciacum
869 1817 949 1856 suoru
1004 1798 1057 1869 piae
1072 1798 1195 1854 actionis
1210 1797 1338 1866 laborat;
1361 1798 1412 1853 scd
1428 1812 1481 1854 uec
1496 1797 1596 1853 nulfus
1616 1798 1763 1870 judicium
1780 1799 1833 1856 Dei

123 1891 235 1959 (ffottfa.
247 1908 293 1959 xx,
307 1892 343 1959 1).
357 1890 437 1956 Quod
454 1889 532 1945 enim
548 1888 620 1944 dicit
636 1888 878 1960 patremfamilias
888 1888 948 1962 pri·
1003 1886 1214 1958 reprehendero
1229 1887 1315 1944 debet
1339 1903 1389 1942 cur
1405 1885 1496 1942 alium
1521 1903 1595 1954 sero,
1612 1886 1704 1944 alium
1730 1892 1829 1945 autem

123 1997 172 2038 mo
183 1996 269 2035 mane
281 1979 384 2046 exisse,
398 1982 431 2033 ut
441 1978 617 2034 conduceret
627 1981 776 2050 operartos
790 1978 947 2034 invincem
1003 1973 1090 2030 citius
1106 1975 1241 2047 perennis
1253 1974 1317 2030 vitea
1332 1975 1460 2047 praemiis
1475 1981 1651 2032 remuneret.

123 2083 219 2135 suam,
237 2066 384 2140 significat
398 2067 467 2140 quia
490 2065 632 2122 Dominus
647 2071 676 2121 et
690 2067 718 2121 io
735 2065 819 2122 initio
844 2066 947 2121 mundi
1037 2064 1156 2121 Cunctis
1172 2065 1261 2120 etiam
1283 2064 1449 2136 pastoribus
1465 2063 1610 2133 Ecclesiae,
1623 2066 1672 2138 qui
1696 2071 1830 2125 tantum·

122 2160 150 2211 et
163 2156 192 2212 in
209 2157 304 2228 prima
318 2156 475 2227 cujuslibet
499 2155 627 2211 bominis
646 2159 729 2211 aetate
744 2171 818 2226 quos
833 2154 896 2210 vult
910 2155 944 2211 ed
1002 2152 1089 2209 niodo
1103 2152 1238 2209 laborant
1252 2158 1345 2209 semet
1359 2154 1492 2225 praeferre
1503 2153 1569 2210 aliis
1580 2154 1657 2210 fastu
1671 2157 1829 2230 superbiae,

122 2245 222 2318 gratiae
232 2263 291 2302 suc
303 2246 436 2301 notitiam
453 2245 543 2318 eligit.
556 2245 637 2310 Quod
648 2249 745 2300 autem
756 2244 833 2301 circa
843 2244 945 2301 horam
1002 2259 1058 2297 non
1075 2243 1151 2298 bona
1164 2242 1288 2307 actione,
1300 2243 1329 2298 ia
1341 2243 1495 2316 Evangelio
1508 2244 1716 2316 pronuntiatur
1731 2246 1828 2319 quali·

122 2334 239 2392 tertiam
247 2334 318 2390 exiit
328 2335 474 2408 significat
484 2334 553 2406 quia
564 2334 593 2388 in
604 2335 688 2390 tertia
700 2334 813 2401 mundi,
824 2350 876 2389 occ
888 2351 945 2390 non
1000 2335 1045 2387 ter
1059 2347 1089 2386 se
1105 2333 1239 2403 preferre
1253 2332 1388 2398 debeant,
1405 2333 1445 2387 ita
1469 2332 1592 2388 Domino
1609 2333 1742 2392 dicente:
1760 2337 1828 2405 Qui·

128 1002 196 1058 licet
209 1002 347 1074 proferre.

426 1089 542 1144 CAPUT
567 1088 652 1145 XVfl.

121 2424 149 2479 iu
167 2423 254 2479 tertia
268 2422 397 2478 hominis
413 2427 498 2478 aetate
513 2422 655 2494 quosdam
667 2423 703 2477 ad
719 2439 750 2478 se
760 2421 866 2495 eligere
878 2423 944 2479 niti·

120 2510 288 2568 tur.Simile
305 2512 476 2583 mysterium
493 2516 574 2566 scuta
584 2516 612 2566 et
627 2528 703 2567 noua
717 2511 790 2566 bora
806 2512 943 2569 continet.

120 2599 201 2664 Quod
218 2614 283 2654 vero
299 2598 377 2654 circa
392 2599 577 2654 undecimum
594 2598 701 2654 dicitur
712 2599 807 2655 exisse
818 2603 847 2655 ct
857 2616 944 2670 quos·

121 2687 201 2756 dam,
213 2702 286 2758 qaros
296 2686 405 2742 otiosos
420 2685 541 2756 invenit,
554 2686 630 2741 sicut
640 2691 668 2742 et
679 2687 770 2759 prius,
782 2686 811 2741 in
829 2687 942 2743 vineam

122 2791 206 2830 suam
220 2774 359 2831 conduxit
372 2774 518 2847 signifieat
528 2775 597 2846 quia
608 2780 683 2831 Dcus
693 2780 722 2831 et
731 2776 761 2831 in
773 2777 830 2833 linc
840 2778 942 2832 mundi

119 2862 942 2938 etinsenectutesuabomiueemuftosabouooperediu

120 2956 257 3009 vacantes
272 2953 307 3008 ad
321 2951 425 3007 salutis
441 2956 553 3007 aeterne
574 2952 697 3024 gratiam
714 2957 870 3008 vocaturus
886 2957 941 3009 est.

1000 2437 1107 2491 cunque
1121 2422 1237 2477 sotiarat
1251 2423 1323 2476 iuter
1336 2437 1381 2477 cros
1398 2422 1488 2494 major
1501 2423 1573 2493 ficri,
1589 2424 1625 2478 sit
1639 2432 1726 2480 uester
1741 2428 1828 2482 mini·

999 2513 1064 2581 ster,
1080 2512 1171 2582 etqui
1184 2511 1300 2567 statuerit
1322 2513 1394 2566 iuter
1407 2527 1453 2567 vos
1465 2514 1572 2584 primus
1587 2528 1653 2582 ease,
1669 2516 1723 2570 ciat
1737 2523 1828 2572 vester

998 2601 1196 2653 serenitatem
1210 2598 1288 2669 filius
1303 2600 1423 2655 bominis
1439 2617 1495 2657 ocu
1510 2603 1586 2656 acuit
1600 2603 1767 2672 ministrari,
1781 2603 1827 2660 sed

998 2688 1159 2743 ruinistrcrc
1172 2688 1278 2760 (ttaitt.
1295 2706 1342 2755 xx,
1358 2690 1404 2759 ab,
1419 2689 1476 2761 27).
1494 2688 1602 2746 Omnes
1622 2707 1762 2764 numque,
1774 2693 1826 2765 qui

998 2775 1152 2831 aDomiuo
1176 2777 1312 2849 cupimus
1329 2778 1473 2846 coronari,
1488 2779 1629 2835 debemus
1653 2780 1735 2853 prius
1760 2782 1827 2853 ejus

998 2865 1136 2920 mandata
1151 2869 1239 2937 atque
1254 2866 1385 2938 exemplu
1405 2866 1524 2935 imitari,
1540 2868 1679 2940 quoniam
1694 2873 1723 2924 et
1736 2885 1826 2926 uosa

996 2953 1104 3009 uostris
1121 2954 1223 3010 amicis
1239 2960 1327 3027 atque
1347 2955 1475 3012 subditis
1499 2956 1554 3012 hoc
1576 2957 1719 3030 exigimus
1735 2965 1780 3027 ut,
1798 2960 1825 3016 si

118 3042 200 3106 Quod
215 3045 345 3114 tempore
359 3040 524 3112 vespertino
547 3040 718 3097 adveniente
733 3042 942 3113 paterfamilias
996 3041 1094 3114 aliqua
1109 3061 1126 3099 a
1141 3043 1225 3100 nubis
1245 3044 1364 3117 praemia
1378 3044 1422 3100 vel
1442 3047 1597 3103 commoda
1612 3046 1757 3104 volueriut
1772 3049 1823 3105 ob·

117 3129 298 3202 procuratori
305 3129 640 3201 suojussitutoperariis
650 3131 940 3202 mercedemtribuat,
956 3113 977 3181 C
997 3131 1100 3202 tinere,
1112 3132 1168 3205 ipsi
1183 3133 1265 3205 prius
1278 3133 1455 3189 voluntatem
1466 3138 1595 3191 nostram
1613 3137 1750 3192 studeant
1765 3137 1823 3193 im·

120 3219 263 3291 incipiens
279 3218 478 3274 suavissimis
496 3235 588 3291 usque
607 3219 642 3274 ad
658 3220 779 3291 primos,
796 3220 942 3293 significat

119 3306 189 3379 quia
204 3306 347 3363 Dominus
366 3307 395 3361 in
418 3306 577 3378 cujuslibet
591 3308 648 3363 froc
663 3307 792 3365 hominis
814 3309 843 3365 iu
859 3309 942 3366 vinea

119 3393 246 3461 Domini,
257 3394 286 3449 id
299 3398 343 3449 est
352 3394 381 3448 iu
393 3394 520 3450 Ecclesia
531 3401 633 3450 sancto
643 3395 812 3466 laborantis,
823 3397 942 3470 angelos

118 3483 942 3555 suosmittitadsuscipiendamilliusanimam‚maximc

115 3571 942 3646 tameneorumanimasquisubillotemporequoChri-

116 3665 182 3714 etus
197 3662 226 3714 in
242 3660 321 3715 hunc
340 3660 483 3715 muudum
500 3661 588 3730 venit,
605 3660 660 3717 boc
682 3667 726 3716 est
749 3662 778 3716 in
803 3663 861 3719 froc
885 3682 941 3720 se·

116 3747 264 3818 culorum,
295 3749 411 3804 credero
446 3753 606 3820 coeperunt.
643 3750 825 3822 Recuperunt
861 3753 940 3808 enim

115 3837 332 3910 quodammodo
348 3837 512 3893 mercedem
533 3837 610 3892 circa
626 3838 812 3895 undecimam
836 3839 939 3897 horam

114 3927 262 3983 venientes
290 3926 373 3999 prius
402 3942 491 3997 quam
519 3929 606 3981 autea
633 3927 792 3997 venientes,
823 3930 940 4002 quando

115 4014 257 4087 apostoli,
287 4021 444 4088 martyres,
471 4015 668 4086 confessores,
696 4017 824 4090 virgines
852 4025 940 4092 utque

115 4120 217 4159 omncs
233 4103 326 4159 sancti
350 4107 416 4175 post
437 4104 596 4160 adventum
612 4105 717 4161 Christi
732 4106 825 4162 effecti
846 4110 940 4182 magis

115 4192 145 4246 io
160 4191 290 4248 Ecclesia
304 4197 405 4247 sancta
415 4193 546 4249 venerari
563 4199 713 4266 coepcrunt
726 4212 815 4267 quam
831 4196 872 4251 illi
890 4199 939 4270 qui

115 4280 150 4335 ab
161 4279 244 4336 initio
255 4281 357 4336 mundi
370 4298 463 4354 usque
474 4283 508 4338 ad
521 4282 630 4338 Christi
640 4284 798 4340 adventum
808 4287 939 4342 sanctifi·

113 4369 170 4426 cati
186 4374 265 4426 sunt.
276 4371 328 4426 Est
351 4375 379 4426 et
403 4371 485 4426 uliud
501 4373 727 4443 quonovissimi
751 4375 834 4445 prius
850 4392 938 4447 quam

113 4459 200 4530 primi
218 4459 381 4515 mercedem
397 4459 545 4533 accepisse
557 4461 635 4518 credi
650 4467 784 4533 possunt,
796 4465 866 4536 quia
881 4481 938 4521 nou

996 3219 1085 3292 plere.

1032 3311 1066 3365 Et
1081 3327 1117 3366 ue
1136 3312 1203 3382 quis
1227 3317 1346 3384 propter
1361 3312 1460 3385 aliqua
1482 3329 1569 3386 opera
1584 3314 1661 3370 bona
1684 3314 1823 3375 humane

996 3397 1092 3454 laudis
1107 3399 1236 3471 appetitu
1253 3401 1400 3473 impulsus
1416 3407 1581 3475 superetur,
1594 3405 1726 3461 attendat
1742 3406 1824 3464 illam

996 3487 1164 3560 parabolam
1184 3506 1190 3543 :
1213 3489 1309 3546 Simile
1332 3495 1371 3546 cst
1397 3507 1515 3564 acquum
1534 3494 1667 3548 crelamm
1691 3495 1825 3553 messuro

996 3577 1155 3634 abscondito
1180 3580 1209 3632 iu
1234 3595 1309 3649 apro,
1326 3584 1380 3635 cto.
1392 3581 1496 3653 (itaut.
1508 3597 1570 3653 xr11,
1583 3582 1639 3652 ft).
1656 3583 1719 3640 Nisi
1743 3584 1824 3641 enim

996 3666 1070 3721 actio
1085 3666 1162 3722 bona
1178 3667 1326 3723 interdum
1343 3669 1379 3724 ab
1394 3669 1564 3727 homiuibus
1579 3672 1789 3739 abscondatur,
1807 3691 1825 3732 a

995 3754 1133 3826 malignis
1148 3756 1302 3828 spiritibus
1315 3758 1393 3813 velut
1403 3776 1420 3814 a
1431 3759 1594 3816 latronibus
1604 3760 1726 3834 pecunia
1743 3762 1825 3820 male

995 3843 1110 3914 prodita
1125 3844 1266 3900 aufertur.

1031 3931 1082 3986 His
1095 3931 1185 3987 simul
1201 3934 1251 4005 qui
1268 3935 1374 4007 saepius
1386 3941 1440 3991 [teo
1453 3938 1628 4009 promittunt
1638 3939 1822 4010 benefacere,

994 4020 1045 4075 sed
1061 4037 1118 4075 non
1134 4021 1256 4086 faciunt,
1268 4025 1459 4096 respondetur
1473 4026 1503 4081 in
1519 4026 1674 4100 Evangelio
1689 4028 1759 4102 quia
1774 4045 1825 4086 ne·

995 4109 1112 4181 quiores
1127 4115 1198 4166 sunt
1212 4109 1270 4167 illis
1292 4114 1342 4184 qui
1359 4131 1416 4169 non
1438 4117 1627 4186 promittunt,
1644 4117 1695 4173 sed
1720 4123 1823 4175 tamen

995 4197 1153 4270 aliquando
1168 4200 1245 4256 bona
1260 4201 1372 4257 faciunt
1387 4220 1449 4275 qua
1465 4221 1522 4260 non
1538 4206 1748 4279 promiserunt.
1761 4210 1823 4264 Hoc

995 4290 1823 4370 namquebominasindicatperillamparabolam,quam

994 4378 1030 4430 ad
1043 4376 1204 4434 Pharisaeos
1219 4379 1291 4435 dixit
1304 4398 1310 4435 :
1327 4382 1411 4437 ftomo
1424 4383 1537 4455 quidum
1552 4384 1648 4440 imbuit
1658 4384 1726 4442 duos
1737 4387 1822 4457 filios,

954 4468 1019 4552 Det
1034 4466 1162 4522 accedeus
1177 4467 1213 4522 ud
1228 4471 1352 4538 primum
1376 4470 1447 4526 dr'cit
1463 4491 1472 4527 :
1488 4474 1551 4541 Fili,
1568 4473 1638 4529 saue
1661 4473 1745 4531 hodie
1759 4490 1823 4548 ope·

113 4547 208 4605 solum
225 4546 376 4620 apostolis,
383 4550 432 4604 sed
445 4549 533 4605 etiam
550 4551 665 4606 cunctis
677 4552 871 4609 llcolcsiarum
887 4572 938 4627 pa·
992 4570 1056 4610 rure
1070 4556 1098 4610 iu
1114 4557 1196 4612 uinco
1209 4573 1285 4620 mea:
1300 4559 1350 4613 ilic
1364 4568 1459 4615 autem
1479 4562 1644 4634 respondeus
1659 4565 1705 4619 uit
1719 4581 1729 4619 :
1743 4564 1822 4633 Nolo,

112 4639 239 4694 storibus
254 4638 322 4693 data
337 4642 382 4693 est
397 4655 412 4693 a
430 4639 552 4695 Domino
568 4643 668 4695 nostro
684 4645 812 4712 potestas
827 4642 938 4714 ligandi
993 4646 1091 4699 Postea
1105 4653 1196 4700 autem
1205 4649 1469 4718 penitentiomotus
1483 4653 1567 4707 obiit.
1579 4652 1822 4710 Adulterumuerc

113 4732 199 4797 atque
210 4726 421 4783 solvendillaec
433 4733 530 4784 autem
547 4733 676 4800 potestas
691 4728 750 4785 illis
767 4731 876 4788 sanctis
887 4733 937 4805 qui
994 4733 1126 4789 similiter
1148 4734 1235 4797 struit:
1259 4739 1307 4807 qui
1331 4740 1498 4810 respondeus
1517 4742 1557 4796 ait
1571 4759 1581 4796 .·
1598 4742 1645 4810 Eu,
1659 4740 1781 4812 domiue,
1796 4747 1823 4799 cf

113 4818 179 4870 aute
190 4816 348 4870 adventum
360 4816 467 4872 Christi
486 4817 603 4874 fucrant
615 4818 736 4875 minime
750 4818 857 4893 legitur
871 4839 939 4878 con·
994 4837 1049 4877 uun
1064 4823 1123 4878 icit.
1141 4825 1207 4892 Qua
1222 4842 1256 4880 ar
1270 4825 1373 4882 daubata
1385 4829 1452 4896 sctit
1468 4831 1638 4886 cofurrtuteua
1650 4833 1763 4903 patris?
1777 4832 1823 4887 ba·-

113 4917 206 4957 cessa.
218 4903 299 4968 Quod
314 4920 380 4958 vero
405 4903 544 4961 dicuutur
560 4906 589 4961 hi
607 4907 657 4979 qui
674 4908 755 4980 prius
780 4910 809 4963 iu
824 4910 939 4967 vineam
993 4920 1057 4967 crint
1071 4913 1117 4968 itti
1132 4931 1141 4968 .·
1157 4914 1276 4970 Primus.
1292 4916 1366 4973 Dicit
1381 4918 1437 4975 iltis
1451 4922 1528 4976 Jcaua
1538 4937 1547 4974 :
1559 4922 1644 4976 Amen
1659 4920 1719 4977 dico
1733 4921 1820 4988 vobis,

113 4989 600 5049 Dominivenienteslaborabantct
610 4997 940 5066 postnovissimosmer-
994 5003 1058 5072 quic
1070 5002 1215 5073 publicani
1228 5008 1417 5063 eturcrctrz'ces
1428 5009 1587 5078 precedant
1597 5026 1642 5066 uus
1659 5012 1689 5065 in
1704 5025 1821 5081 reanum

111 5080 210 5135 cedem
226 5083 398 5151 acceperant
417 5079 575 5135 adversum
599 5084 842 5153 patremfamilias
857 5104 938 5143 mur·
993 5091 1043 5145 fici
1052 5090 1330 5165 (Mottb.xxr,28·3l).
1345 5096 1402 5152 flac
1415 5097 1506 5170 igitur
1515 5098 1653 5171 parabola
1663 5100 1824 5156 admouen-

110 5168 349 5239 murasse,juxta
370 5167 499 5224 litteram
524 5171 626 5242 ncquit
649 5173 741 5245 accipi
766 5176 835 5247 quia
858 5176 940 5234 nullu
993 5183 1041 5234 tur
1056 5197 1113 5235 nou
1128 5180 1224 5236 solum
1244 5182 1348 5255 iudai,
1366 5186 1415 5257 qui
1437 5188 1640 5259 promittentes
1665 5193 1722 5244 Deo
1748 5187 1824 5263 legis

112 5256 307 5312 murmuratio
319 5255 395 5312 iuter
406 5255 553 5328 quoslibet
567 5258 674 5314 electos
685 5265 796 5317 aeteroc
811 5265 938 5321 beatitu·
992 5274 1137 5341 praecepta
1151 5287 1266 5327 servare
1289 5289 1347 5328 oon
1373 5273 1578 5348 implorarunt,
1591 5280 1692 5350 gentes
1707 5281 1822 5349 autem,

113 5344 190 5401 dinis
201 5344 365 5400 mercedem
375 5347 496 5418 adeptos
505 5346 674 5413 accidit,sed
686 5356 806 5423 mystice
815 5358 938 5425 possunt
992 5374 1056 5429 quae
1079 5376 1136 5415 non
1152 5361 1360 5432 promiserunt,
1372 5365 1503 5421 conversi
1519 5367 1556 5422 ad
1567 5366 1728 5438 Christum,
1740 5366 1823 5438 sJ'us·

113 5432 238 5505 intelligi
256 5449 457 5492 murmurasse
470 5435 512 5502 hi,
524 5437 573 5508 qui
584 5453 619 5492 cx
631 5437 740 5494 Judais
751 5442 938 5502 credentibus
992 5449 1057 5504 dem
1074 5447 1146 5523 legis
1162 5453 1306 5524 precepta
1321 5451 1525 5526 impleverunt,
1540 5456 1591 5512 sed
1607 5455 1695 5512 etiam
1712 5472 1822 5514 mona·

112 5523 143 5589 in
153 5520 301 5597 primitiva
312 5522 450 5596 Ecclesia,
459 5528 491 5582 ut
506 5526 535 5582 in
546 5525 667 5583 Actibus
680 5527 879 5600 apostolorum
895 5533 937 5591 fe·
992 5537 1071 5594 stica
1081 5538 1271 5612 professionis
1286 5540 1432 5615 homiues,
1443 5543 1493 5618 qui
1504 5545 1611 5619 sepius
1621 5544 1679 5603 Deo
1693 5544 1823 5620 promit·
