3892 6096
111 330 171 395 918
637 333 670 395 S.
692 330 854 396 tuendis
877 328 1102 396 sustulisti
1124 328 1288 394 inultis
1756 328 1813 395 m

112 464 377 539 spndGhristianos
387 482 445 523 non
456 465 691 540 initium,verum
703 467 771 525 linis
781 466 931 536 laudatur,
946 467 973 533 Α
987 463 1159 521 animalium
1168 481 1273 523 sonum
1288 464 1536 533 existimauerunt
1544 478 1629 524 suam
1641 465 1810 539 paragebu.

113 556 292 613 dseotluem
304 555 408 612 seciam
421 557 933 632 dicendi,sipriuemonneroomnes,
988 558 1059 610 Cum
1075 553 1166 628 igitur
1192 554 1299 612 iterum
1328 559 1357 611 et
1385 555 1491 611 iterum
1515 559 1544 611 et
1558 553 1669 627 sapius
1682 555 1811 628 vagitum

115 647 148 701 ut
162 659 220 699 non
235 659 267 700 se
281 646 419 703 cordevel
435 647 571 720 operibus
583 646 724 705 extollant
735 665 742 715 ;
754 663 855 704 verum
867 662 934 703 curn
989 644 1110 701 auribus
1125 648 1264 716 captaret,
1272 661 1416 718 suspenso
1426 645 1572 718 gradu,ut
1582 643 1710 701 callidus
1720 643 1812 718 expia·

113 731 254 804 propheta
268 733 386 791 dicant:
402 739 461 809 ligo
484 741 582 794 autom
605 753 670 794 sum
694 737 803 792 vermis
827 739 856 791 et
875 752 934 792 non
989 737 1077 801 rator,
1093 733 1245 806 tugurium
1261 734 1520 807 introgreseueret
1533 732 1678 806 paulatim
1697 748 1810 807 progra-

112 821 209 876 home.
226 822 279 878 Et:
296 823 359 879 Non
375 825 471 896 nohis,
489 825 623 891 Domine,
639 843 696 883 non
713 824 808 891 nobis,
824 825 873 881 sed
885 841 935 880 no·
989 822 1084 889 diens,
1096 821 1262 895 snpiusque
1272 823 1448 891 subsistens,
1460 821 1565 878 melius
1575 836 1697 894 semper
1707 836 1810 879 sonunt

112 908 184 965 mini
198 913 250 966 tuo
264 911 302 967 da
316 912 438 985 gloriam
454 940 460 982 ;
476 920 504 971 et
518 916 661 972 cumJesn
672 933 681 970 .·
693 915 752 987 ligo
768 931 825 970 non
837 928 934 986 quaro
989 926 1058 965 aure
1073 914 1199 982 captare.
1212 915 1345 981 hemum,
1356 909 1407 968 ubi
1419 910 1538 983 propius
1549 915 1672 966 ventum
1683 914 1813 977 estnon

111 997 234 1071 gloriam
251 1016 357 1056 meam.
374 1003 566 1077 Etitsagens
581 1005 659 1077 quis,
675 1004 851 1078 prosperari
868 1019 934 1060 suo·
985 997 1253 1071 inlantisvagitum
1282 1016 1346 1056 esse
1375 1000 1512 1072 percepit.
1535 997 1692 1055 Submotis
1720 998 1813 1071 itaqua

112 1088 345 1159 cedentomuia3
370 1092 418 1146 uhi
448 1098 546 1150 autem
575 1110 660 1150 secus
686 1094 776 1149 vitum
802 1091 935 1149 mortalis
987 1085 1089 1143 leviter
1103 1087 1204 1160 palcis,
1219 1105 1287 1145 euni
1302 1086 1604 1156 illesumrieihiiem,
1616 1091 1647 1145 et
1661 1088 1749 1145 boun
1764 1088 1813 1145 ha·

114 1178 210 1234 omnis
229 1178 390 1237 instituerit
404 1199 499 1251 suam,
514 1199 695 1256 quamquam
711 1183 878 1239 fortunatus
892 1182 934 1236 ri·
990 1175 1142 1246 hitudinis,
1158 1176 1287 1251 Virginis
1301 1177 1410 1245 Mariis,
1421 1181 1450 1233 et
1465 1178 1494 1234 S.
1507 1178 1634 1234 ioannis
1646 1176 1812 1252 gratianos

113 1266 227 1332 deutur.
242 1269 278 1324 ad
294 1273 411 1342 tempus
424 1271 479 1328 hoe
491 1272 565 1340 erit;
581 1273 702 1328 domum
723 1287 791 1327 vero
806 1270 934 1343 comple·
990 1265 1054 1321 eine
1068 1267 1196 1322 maxima
1210 1267 1415 1335 admiratione,
1431 1267 1564 1340 gaudum
1580 1270 1611 1322 et
1632 1266 1724 1323 latus
1737 1282 1815 1324 cons·

111 1355 191 1411 bitur
207 1356 236 1412 in
252 1356 301 1413 illo
315 1357 344 1414 id
358 1361 435 1431 quod
449 1359 526 1417 idem
543 1361 683 1434 propheta
699 1360 771 1417 dixit
783 1359 868 1417 :Vidi
882 1360 936 1415 im·
990 1354 1070 1427 picit·
1088 1356 1158 1412 Inde
1170 1355 1337 1422 sublevans.
1351 1356 1549 1429 osculansque
1571 1354 1692 1423 vmbri).
1708 1356 1745 1412 ⁸¹¹
1767 1372 1813 1430 ΡΙ·

111 1443 193 1515 pium
209 1446 456 1517 superexaltatum
472 1453 501 1505 et
515 1449 659 1506 elevatum
676 1449 753 1505 sicut
775 1449 876 1505 cedros
892 1448 936 1503 Li·
990 1447 1088 1500 rentes
1102 1460 1172 1500 suos
1187 1461 1286 1512 ovans,
1302 1449 1331 1500 et
1345 1445 1414 1501 Jeau
1430 1445 1541 1518 gratias
1555 1460 1658 1518 agens,
1676 1444 1790 1502 detulit

111 1531 191 1604 bani,
204 1537 233 1589 et
247 1535 378 1599 transivi,
395 1541 425 1593 ct
447 1554 513 1594 ecoe
537 1555 595 1594 non
621 1542 703 1606 erat;
720 1535 840 1610 quesivi
855 1552 934 1606 eum,
1024 1533 1087 1588 293.
1104 1533 1194 1597 Quem
1208 1533 1256 1590 ubi
1272 1533 1399 1606 primurn
1414 1538 1548 1606 parentes
1563 1546 1755 1606 conspexere,
1769 1534 1812 1590 is-

112 1624 141 1676 at
155 1637 213 1677 non
228 1625 274 1678 est
288 1623 424 1682 inventus
436 1626 519 1683 locus
533 1628 608 1698 ejus.
624 1626 704 1693 Quod
719 1624 820 1682 multis
842 1640 936 1680 esem·
990 1620 1056 1677 titia
1066 1621 1203 1695 lacrymis
1231 1621 1351 1689 obortis,
1367 1622 1397 1677 in
1424 1621 1524 1679 oscula
1552 1627 1664 1691 ruunt;
1687 1621 1739 1680 ille
1750 1638 1813 1680 vern

114 1708 182 1781 plia,
194 1712 245 1767 ssd
259 1714 420 1785 prasertim
432 1714 479 1771 his
490 1715 692 1787 superioribus
706 1714 819 1787 liquido
829 1713 934 1785 patuit.
990 1709 1079 1767 veluti
1094 1711 1129 1766 ad
1145 1715 1229 1767 notos
1242 1710 1376 1767 alludens
1391 1713 1532 1781 [amoram
1547 1711 1814 1783 reddidit].'l·antnt

447 1804 537 1860 PARS
556 1803 602 1861 lV.
990 1799 1072 1872 vigor
1087 1799 1116 1855 in
1132 1798 1192 1866 illo,
1202 1804 1231 1855 et
1245 1799 1340 1855 dulcis
1352 1799 1528 1858 blandientis
1543 1799 1669 1857 intentis
1680 1800 1760 1857 risus
1768 1816 1812 1873 ap·

148 1887 211 1944 290.
227 1890 370 1955 Quoniam
402 1891 591 1949 beatissimus
615 1892 660 1948 vir
686 1893 714 1947 S.
731 1892 859 1948 loannes
874 1904 935 1945 ιιιο·
991 1887 1098 1960 paruit,
1110 1891 1233 1960 atpater
1242 1889 1353 1962 ingenti
1365 1886 1495 1961 repletus
1505 1888 1613 1960 gaudio
1624 1888 1810 1964 [haerittauil

115 1976 276 2033 nasterium
289 1978 384 2035 hocin
399 1980 540 2037 honorem
552 1981 683 2055 Virginis
696 1980 793 2037 llariae
808 1976 935 2035 dedicari
990 1974 1105 2047 inquit:
1122 1976 1159 2031 hii
1174 1976 1226 2042 tili,
1243 1992 1330 2049 quem
1345 1975 1389 2032 vel
1405 1975 1566 2049 sublatum,
1582 1976 1628 2034 vel
1643 1976 1810 2035 laniatum

113 2064 214 2136 voluit,
231 2080 285 2123 nos
299 2067 386 2125 etiam
402 2070 467 2141 ejus
482 2070 613 2143 exemplo
636 2069 725 2136 ducti,
743 2069 877 2141 quadam
891 2066 934 2138 ip·
991 2065 1060 2121 feris
1076 2065 1227 2137 putabam,
1243 2064 1332 2121 talem
1348 2066 1399 2137 (te)
1419 2065 1589 2138 conspicio?
1602 2065 1688 2135 Quis,
1704 2066 1745 2123 nri
1762 2065 1809 2137 lili,

113 2153 176 2209 sius
191 2154 320 2228 Virginis
333 2159 430 2213 hieriae
445 2158 614 2232 prodigiosa
627 2163 692 2215 acta
706 2175 796 2231 supra
817 2156 864 2213 his
879 2154 934 2211 mi·
989 2157 1017 2209 te
1032 2153 1105 2209 mihi
1120 2154 1156 2210 ad
1172 2154 1247 2211 hanc
1262 2155 1364 2210 horam
1385 2153 1529 2211 deduxit?
1542 2152 1626 2212 Unde
1642 2152 1810 2213 datnrmihl

8 2259 14 2267 ·
114 2242 223 2300 raculis
239 2244 419 2304 inseruimus
432 2273 440 2316 ς
456 2264 513 2304 non
529 2248 684 2323 indignum
700 2247 788 2306 etiarn
803 2261 881 2301 nunc
895 2242 936 2300 vi·
990 2258 1041 2297 ora
1055 2243 1141 2314 tueri,
1153 2247 1230 2310 nate,
1241 2242 1355 2300 tuatl'e
1367 2244 1810 2319 tantumVirgoMariasthan·

113 2346 179 2388 sum
195 2337 249 2400 est,
265 2337 416 2408 egregium
431 2341 460 2393 et
475 2353 522 2394 me
536 2337 666 2394 norahile
692 2337 807 2393 lacinus
823 2333 934 2389 utrius·
991 2347 1044 2387 nes
1059 2331 1250 2388 beatissimus
1263 2333 1292 2388 in
1303 2332 1382 2389 hunc
1393 2348 1543 2390 servavere
1553 2332 1655 2403 diem;
1676 2334 1808 2408 siceum·

113 2437 172 2493 que
185 2422 358 2480 describere.
374 2426 498 2490 Quidam
515 2425 701 2482 Florentinus
717 2426 753 2481 de
767 2423 869 2498 Ughie,
887 2418 935 2477 eui
991 2422 1068 2489 deni,
1086 2421 1127 2477 mi
1143 2420 1197 2489 lili,
1212 2422 1355 2479 ducebam
1370 2421 1479 2486 animo,
1493 2423 1638 2495 rebarque
1663 2423 1805 2492 thiurum;

114 2525 220 2566 nomen
235 2511 328 2584 Ugbo‚
345 2513 434 2569 nobili
450 2530 555 2587 genere
573 2523 671 2585 natus,
694 2514 789 2569 filium
813 2513 934 2569 unicum
992 2526 1044 2566 nec
1060 2526 1106 2566 me
1120 2511 1191 2567 iesu
1205 2511 1313 2568 Christi
1328 2511 1432 2585 gratia,
1449 2527 1516 2568 mea
1536 2527 1618 2580 eura,
1632 2510 1744 2569 leiallit
1758 2511 1805 2569 Via

113 2598 143 2654 iu
159 2599 243 2656 cunis
258 2601 354 2657 adhuc
371 2602 498 2674 positum
515 2604 636 2674 habens,
658 2618 724 2659 cum
747 2601 846 2657 astino
860 2605 934 2657 tem·
990 2598 1052 2654 hae
1066 2599 1154 2655 verba
1168 2600 1306 2665 ediderat,
1323 2600 1402 2671 quod
1417 2600 1604 2673 (Medeam)
1618 2600 1805 2657 additament

114 2703 194 2760 pore,
206 2690 323 2762 quando
339 2691 477 2748 frumenti
506 2693 612 2751 tritura
638 2693 738 2762 terret,
754 2695 788 2746 ut
810 2706 875 2746 mos
890 2694 936 2747 eet
989 2688 1084 2744 verbis
1098 2688 1272 2745 miraculum
1289 2706 1296 2745 ε
1311 2705 1379 2745 nem
1390 2688 1613 2761 inlaus,quivix
1623 2688 1802 2747 balbuh‘cndo

114 2776 268 2849 nobilium,
285 2795 351 2835 oum
367 2797 457 2837 uxore
471 2785 591 2855 totaque
618 2780 729 2838 lamilia
747 2796 799 2836 rus
814 2782 933 2852 poteret,
990 2793 1096 2834 nomen
1108 2777 1200 2850 patris
1210 2777 1292 2850 priua
1303 2778 1489 2850 exprimeret,
1501 2777 1801 2851 clarsvoosqnidquit

116 2866 222 2923 aooidit
232 2867 279 2925 dle
292 2870 418 2941 quadam
430 2871 574 2928 nutricem
586 2887 654 2927 oum
666 2869 822 2927 iniantsad
836 2883 934 2925 aream
991 2871 1072 2941 petar
1086 2865 1208 2935 dixerat,
1224 2866 1410 2930 affirmabat,·
1437 2867 1586 2940 quomodo
1613 2866 1705 2941 Virgo
1723 2866 1801 2927 ldarit

108 2955 311 3014 contendisse.
328 2958 399 3015 Inde
414 2959 498 3031 torte,
520 2960 565 3016 vel
588 2976 656 3017 casu
683 2959 728 3015 vel
746 2958 803 3015 alio
819 2956 935 3031 negotio
990 2973 1057 3013 eum
1084 2955 1249 3024 locaverat,
1276 2956 1429 3023 nutrierat,
1450 2959 1688 3016 conservaverat.-
1703 2955 1798 3014 scisti

114 3045 284 3118 praepedita,
311 3046 454 3104 inlantsm
477 3047 508 3103 in
537 3047 629 3122 paleis
654 3049 801 3121 iacentem
823 3062 875 3104 seu
890 3060 936 3103 se·
990 3044 1141 3102 conticuit.
1157 3045 1222 3102 Mox
1236 3046 1405 3102 Paterlseu
1421 3045 1532 3118 gratias
1551 3059 1656 3119 agens,
1673 3044 1797 3119 inclyta!

112 3133 229 3190 dentem
244 3135 392 3204 deserens,
409 3136 490 3193 abiit.
990 3134 1081 3190 adem
1097 3134 1133 3189 ad
1149 3132 1278 3207 Virginis
1292 3133 1400 3206 Maria,
1415 3134 1570 3206 senatique
1586 3134 1712 3191 ioannis
1723 3134 1797 3191 dm

149 3224 212 3279 291.
228 3223 372 3281 Ceterum
386 3224 581 3295 trituratores,
595 3226 686 3299 huJus
700 3226 742 3284 roi
758 3225 875 3299 penitus
896 3222 937 3295 ig·
951 3204 974 3275 C
991 3223 1119 3280 dedicari
1128 3222 1235 3294 jussit3
1252 3223 1360 3295 pradia
1374 3223 1463 3280 etiam
1478 3221 1623 3279 nonnulla
1635 3222 1740 3280 hniad.
1749 3220 1796 3279 H*

114 3311 188 3381 nari,
204 3311 345 3371 infantem
375 3331 434 3371 una
461 3332 528 3373 cum
557 3317 658 3390 paleis,
673 3305 779 3391 ligneis
802 3314 937 3371 luroiset
990 3311 1039 3367 riae
1051 3311 1229 3368 monasterio
1258 3311 1334 3368 dono
1362 3311 1541 3384 deditque
1570 3309 1796 3386 proprisam

114 3400 179 3458 aliis
193 3403 285 3459 armis
303 3420 355 3460 seu
370 3404 586 3479 instrumentis,
602 3406 654 3463 tali
671 3405 785 3480 negotio
801 3419 934 3462 neeessa-

114 3489 176 3560 riie,
193 3491 223 3546 in
238 3493 401 3565 tugurium,
416 3494 466 3550 uhi
497 3495 580 3568 palea
599 3497 777 3560 reconditur,
792 3495 935 3552 suffocan-

111 3579 157 3632 tes
172 3575 372 3636 intruserunt:
388 3580 456 3638 indo
470 3581 571 3638 nutrix
594 3582 720 3653 rediens,
736 3585 766 3637 et
778 3580 933 3648 infantem,

112 3680 170 3738 quo
184 3663 216 3722 ln
232 3665 295 3724 loco
310 3674 459 3741 posuerat,
474 3669 597 3727 minime
621 3670 781 3743 reperiens,
797 3669 827 3724 iu
846 3669 934 3724 tletus

111 3753 247 3812 muliebri
264 3772 345 3813 mure
359 3759 503 3831 prorupit.
527 3758 630 3815 Statim
654 3758 837 3815 sciscitantes
857 3756 934 3813 ruri-

990 3400 1101 3458 ooulis:
1118 3416 1186 3457 nam
1201 3399 1263 3456 hee
1276 3398 1406 3473 Virginis
1419 3400 1517 3457 Maris
1540 3401 1619 3458 ades
1639 3401 1701 3459 a&
1715 3398 1797 3457 liliata

989 3489 1143 3547 absstlere
1158 3505 1209 3562 per
1223 3490 1281 3546 duo
1295 3489 1389 3546 millia
1418 3505 1561 3563 passuum
1585 3489 1796 3548 Orientemtar·

989 3596 1042 3636 sus
1053 3597 1059 3647 ;
1071 3579 1123 3650 jus
1138 3580 1225 3651 cujus
1237 3578 1366 3636 ecelesia
1386 3580 1473 3636 etiam
1498 3578 1554 3636 heo
1568 3584 1674 3637 noma
1684 3583 1796 3653 unp

988 3672 1047 3725 tate
1061 3668 1152 3740 hans
1165 3673 1193 3724 S.
1210 3669 1304 3725 hieria
1320 3668 1490 3726 monasterii
1504 3672 1624 3726 constat
1637 3684 1714 3728 essa.

976 3754 987 3765 “
1023 3760 1086 3814 291.
1100 3758 1182 3827 Quis,
1197 3775 1214 3814 o
1230 3760 1305 3815 hone
1317 3758 1406 3815 Jesut
1423 3764 1483 3815 um
1498 3758 1605 3816 obtuso
1619 3758 1795 3835 ingsnw

113 3843 342 3919 coln,quidnem
357 3848 568 3921 esset‚oognita
583 3846 815 3917 causa,utillioo
830 3846 933 3916 abiret,
988 3848 1079 3920 impio
1094 3847 1161 3920 (est)
1186 3847 1294 3917 animo,
1325 3848 1375 3921 qui
1402 3864 1460 3905 non
1487 3851 1526 3919 ta,
1542 3846 1797 3919 Domiuaduah

111 3931 299 4003 ¹,consuluere
313 3933 365 3990 llls
379 3934 488 4009 itaque,
503 3935 595 3993 verita
608 3938 719 4010 pejora,
733 3937 833 4009 fugam
845 3933 934 3990 Arizi·
989 3937 1105 3993 Sanctis
1119 3936 1179 3993 tuis
1194 3935 1352 4004 extolleret,
1364 3936 1657 4009 tumentatitios,
1668 3936 1801 4012 cupatur

113 4036 163 4074 um
181 4021 255 4093 (210)
269 4038 372 4079 versus
387 4025 496 4079 cursim
513 4023 645 4097 erripuit.
658 4025 712 4080 Ubi
727 4029 825 4081 autem
841 4024 877 4080 ad
889 4023 936 4080 hc·
989 4025 1147 4091 interdum,
1164 4030 1235 4096 quot
1249 4029 1395 4097 quantave
1419 4024 1553 4098 prodigia
1581 4039 1637 4098 par
1655 4026 1740 4101 ipsos
1749 4023 1801 4083 sti·

114 4108 138 4163 ri
155 4124 251 4176 aures,
267 4110 411 4168 nutricem
426 4127 494 4167 cum
511 4111 571 4168 lilio
586 4112 703 4182 abiisse,
719 4113 859 4185 pervenit,
876 4111 935 4185 pri·
990 4130 1048 4187 que
1061 4118 1207 4169 terrarum
1220 4114 1359 4185 opereris,
1367 4111 1627 4183 unanimantem·
1641 4116 1803 4191 tempusa

115 4211 199 4253 mum
214 4212 279 4253 eam
288 4213 340 4271 per
350 4215 419 4256 euos
432 4201 515 4272 sequi
524 4205 935 4275 conatur;verumpostquam
991 4203 1107 4260 nostrai
1126 4202 1199 4258 Nam
1214 4203 1348 4274 qnidam,
1368 4202 1497 4260 ioannes
1521 4202 1656 4272 nornine,
1671 4204 1712 4262 da
1736 4200 1802 4273 allia

115 4284 146 4340 id
160 4285 269 4343 trustra
280 4287 345 4355 luit,
356 4288 490 4345 divinum
500 4289 605 4347 statuit
613 4290 934 4365 auxiliumimplorare3
990 4307 1080 4365 quam
1095 4291 1231 4365 vulgares
1244 4295 1275 4347 st
1287 4290 1394 4364 plebeii
1408 4290 1567 4349 lernaeam
1590 4290 1803 4367 appellnt*

114 4389 149 4431 eo
162 4372 240 4432 illico
255 4375 313 4433 tale
327 4377 426 4435 emisit
440 4383 559 4436 votnm:
584 4381 673 4454 Virgo
695 4380 787 4437 Maria
799 4379 936 4437 dulcissi·
991 4381 1131 4439 stititllio
1138 4381 1274 4454 equidem
1283 4394 1532 4455 morepaupsrum
1539 4384 1803 4456 etsgsnoruum

117 4480 175 4531 ma,
192 4466 321 4524 nominis
336 4467 494 4525 Christiani
509 4468 683 4543 unienspes,
699 4470 874 4527 miserorum
889 4486 935 4527 rei
991 4486 1076 4527 suam
1090 4470 1181 4534 vitam
1197 4485 1283 4543 parce
1297 4485 1332 4526 ao
1344 4469 1587 4544 dulciteragurst‚
1603 4471 1801 4545 urbanum

114 4554 240 4627 fugium,
251 4554 450 4615 desolatorum
465 4557 614 4627 solatium,
631 4577 648 4616 a
671 4576 730 4632 qua
751 4565 856 4616 cuncta
870 4575 936 4632 pro·
952 4574 976 4641 ῃ
990 4560 1027 4617 ad
1044 4560 1120 4616 terra
1132 4559 1200 4634 igne
1226 4559 1400 4630 edomanda,
1429 4563 1459 4616 et
1475 4557 1799 4619 invariatum

114 4642 236 4700 veniunt
247 4645 344 4715 hona,
360 4651 390 4704 et
401 4650 434 4703 tu
450 4648 578 4704 ioannes
601 4647 780 4720 beatissime,
804 4649 937 4705 decusat
992 4649 1156 4716 conflanda,
1173 4648 1327 4704 coutloerst
1340 4648 1488 4722 (horresco
1499 4648 1646 4719 achaeus)
1663 4652 1798 4724 ut-pm

114 4732 209 4790 honor
223 4749 281 4791 non
311 4736 408 4792 solum
431 4737 514 4794 urbis
543 4742 661 4804 nostre,
687 4753 788 4794 rerum
804 4741 833 4794 et
847 4736 937 4795 totius
991 4737 1802 4813 mutuameraenueigntromoequerogoatntozem

115 4820 369 4895 provinciarohis
384 4825 499 4882 duobus
512 4840 611 4895 voveo,
623 4826 777 4885 ecelesiam
788 4830 937 4884 construe-
991 4824 1146 4899 prolapsus
1161 4829 1215 4883 est.
1227 4826 1359 4892 Quicum
1372 4832 1461 4898 emat,
1473 4831 1507 4883 ut
1521 4825 1582 4900 igni
1596 4826 1802 4885 eamn-r

114 4914 178 4966 tum
192 4910 246 4978 ire,
260 4928 349 4984 quam
365 4913 482 4985 prediis
496 4913 621 4988 aliisque
635 4915 721 4972 bonis
734 4915 844 4987 ditabo,
861 4915 886 4973 si
903 4915 936 4970 ll·
990 4918 1048 4984 tur,
1064 4914 1141 4973 illico
1155 4915 1273 4989 iuquitt
1288 4912 1376 4988 Virgo
1386 4913 1736 4990 Moriatuquclumu
1745 4912 1802 4971 h!-

114 4998 187 5055 lium
204 5016 303 5057 meam
319 5001 455 5058 invenero
471 5002 590 5074 [vivum]
604 5002 648 5060 vel
662 5005 845 5061 detunotum.
991 5004 1116 5072 tissime,
1131 5003 1205 5061 mihi
1223 5005 1344 5076 misero,
1358 5003 1389 5060 in
1406 5006 1493 5060 tanto
1511 5002 1631 5077 tritara
1643 5001 1802 5064 dium

148 5090 211 5145 292.
229 5088 285 5146 Rea
297 5089 388 5147 mira!
399 5106 456 5146 nou
468 5089 555 5164 longo
565 5091 633 5148 dato
644 5091 887 5162 intervallo,cum
901 5109 937 5149 ex
991 5093 1096 5167 posito,
1112 5109 1172 5161 oro,
1189 5093 1290 5151 ieratis
1302 5108 1408 5165 opem,
1423 5096 1458 5150 et·
1472 5106 1529 5166 ego
1551 5092 1711 5167 atriaque
1723 5091 1799 5151 w

114 5176 235 5236 lamulis
247 5178 417 5251 quidamad
431 5178 530 5252 paleas
541 5180 714 5238 deterendus
728 5182 765 5238 ob
777 5180 852 5238 lenta
860 5182 936 5254 (211)
987 5182 1117 5254 ieiunus,
1132 5181 1280 5254 nudisque
1294 5181 1428 5255 pedibus·
1442 5181 1567 5239 uisitata
1587 5183 1730 5257 magaba
1745 5180 1800 5255 (im

115 5267 273 5323 sternenda
286 5266 378 5336 iisset,
394 5267 490 5324 visum
517 5272 562 5325 est
586 5268 653 5341 sibi,
670 5269 790 5327 infantis
804 5270 935 5344 vagitum
990 5275 1133 5344 satagam.
1150 5269 1292 5327 Mirabilia
1308 5270 1407 5328 Densi
1424 5272 1472 5328 vix
1494 5270 1636 5330 emiserat
1652 5276 1762 5337 vntum,
1773 5268 1800 5324 tl

33 5378 45 5407 t
114 5351 243 5422 audisse,
257 5371 361 5413 verum
375 5357 405 5413 in
419 5355 524 5430 primis
538 5357 582 5416 ael
598 5358 728 5417 murium
751 5358 796 5416 vel
810 5358 936 5421 aliorum
990 5360 1053 5434 ipse
1068 5360 1174 5419 reform
1188 5359 1294 5420 solitus
1307 5363 1380 5431 erat,
1394 5376 1464 5419 oum
1487 5359 1589 5421 debu
1613 5360 1704 5421 udat
1722 5357 1799 5434 Ut

148 5515 225 5589 (aad)
240 5515 324 5573 Forte
335 5517 398 5575 vult
412 5519 507 5576 dicere
521 5520 656 5587 tretium,
670 5518 758 5591 vulgo
771 5520 883 5593 Ammo,
898 5522 934 5580 da
989 5521 1110 5580 adhibet
1123 5523 1241 5590 hoctor,
1270 5522 1347 5594 quod
1376 5533 1535 5596 nusquam·
1548 5522 1645 5607 capati
1658 5515 1800 5599 t-quffl

113 5605 171 5662 quo
187 5604 277 5661 snpra
292 5587 322 5643 in
337 5590 483 5647 annotatis
498 5595 595 5648 actum
611 5596 665 5649 est.
988 5595 1066 5665 apud
1080 5594 1238 5668 scriptores
1252 5591 1397 5651 mediaret
1416 5592 1701 5653 tremebunda
1715 5594 1800 5652 W

149 5661 222 5737 (211)
237 5661 348 5719 ledum
359 5659 389 5718 in
405 5666 508 5720 neutro
521 5678 626 5736 genere
639 5677 691 5737 pro
706 5661 870 5721 masculino
884 5663 933 5722 hic
986 5669 1103 5725 maen
1115 5680 1169 5740 pro
1181 5663 1358 5725 lseflaoerulu
1370 5663 1561 5725 lamnas·
