3892 6096
112 307 172 373 859

638 311 671 373 S.
693 310 856 375 JOANNlS
879 309 1101 373 sustentari
1122 310 1288 375 assatis

1760 304 1820 371 88⁰

149 443 210 499 116.
226 445 306 499 Hane
322 441 412 514 igitur
432 441 590 500 virtutibus
606 444 743 500 omnibus
768 443 935 500 redimitam
949 443 978 510 Α
992 439 1438 516 pissimammortemobscelera
1451 443 1549 497 nostra
1570 435 1801 495 deliniendacon

114 532 304 590 diabolusttei
313 536 386 587 nutu
402 532 519 589 invasit.
531 533 601 589 Eam
614 534 642 589 in
655 533 758 606 primis
768 532 871 589 leviter
881 537 937 589 tor-

115 637 214 694 quere,
237 636 290 676 nec
304 637 322 676 a
336 620 430 678 solitis
454 623 635 679 orationibus
646 623 827 696 jejuniisque
842 623 936 678 facere

114 710 250 766 alienam.
260 710 369 768 Verum
380 711 526 768 interdum
542 713 693 769 oculorum
709 713 800 769 aciem
811 717 934 776 torvam,

113 800 584 877 vultumlaciemqueexsanguem
597 803 843 872 dare‚orasoetida
863 819 935 874 pra-

112 896 157 945 ter
170 889 290 946 solitum
306 890 422 947 habere.
439 891 550 955 Quibus
560 896 695 964 parentes
710 891 864 964 paululum
875 908 937 963 pcr-

113 979 195 1046 moti,
214 980 308 1049 primo
324 981 378 1035 rati
404 983 485 1049 [sunt
498 983 574 1053 esse]
588 984 725 1039 morbum
749 981 911 1037 naturalem
929 997 935 1035 :

114 1072 179 1140 post
194 1068 244 1122 ubi
268 1084 332 1124 earn
356 1085 413 1124 non
430 1086 547 1142 semper
569 1072 703 1127 eamdem
725 1071 824 1125 vident
844 1085 937 1141 ncqus

114 1156 256 1228 aqualem
281 1174 408 1229 manere,
424 1158 474 1214 sed
490 1160 575 1215 sicuti
592 1177 609 1215 a
631 1159 747 1216 diabolo
767 1159 939 1215 movebatur

115 1246 210 1318 magis
225 1247 378 1319 magisque
387 1249 497 1304 variam
513 1265 688 1321 esse,neque
702 1250 937 1321 interrogatore-

116 1351 181 1389 rum
197 1351 372 1406 responsum
398 1337 478 1407 dare,
495 1338 545 1393 sed
570 1338 785 1394 dissimulando
808 1337 936 1404 variare3

116 1423 354 1496 cognitare(nam
366 1431 453 1482 antea
462 1427 569 1499 sapius
580 1427 734 1483 audierant
743 1427 828 1500 signa
840 1426 939 1482 diabo-

115 1510 183 1583 licaj
198 1512 240 1569 sic
254 1513 284 1568 in
300 1514 403 1584 primis
419 1517 622 1588 conjecturari,
639 1521 829 1590 properantes
843 1515 938 1572 Passi-

116 1600 238 1657 nianum
260 1605 473 1661 monasterium
497 1606 584 1676 hujus
609 1606 731 1676 ordinis,
748 1606 826 1679 quod
841 1609 869 1659 S.
886 1605 939 1662 Mi-

117 1689 226 1746 chaelis
241 1691 357 1763 dicitur,
371 1694 479 1750 adeunt
491 1711 526 1750 ex
541 1695 603 1751 suis
614 1696 745 1769 quidam.
758 1694 870 1759 Quibus
880 1709 939 1749 non

990 536 1103 589 stanter
1117 532 1249 589 animove
1264 533 1386 604 ingenti,
1402 531 1455 586 etsi
1484 529 1597 585 dolores
1614 526 1813 586 intolerabiles

990 622 1104 693 corpori
1124 622 1166 677 illi
1196 621 1381 678 sanctissimo
1404 621 1544 675 inferrent
1566 615 1675 684 iudai,
1690 616 1812 689 perterre

990 711 1091 767 voluit.
1108 711 1181 776 Quid
1198 712 1233 767 de
1248 711 1359 767 Joanne
1375 706 1527 780 Baptista?
1542 706 1617 772 Quid
1634 706 1671 761 de
1689 710 1811 762 moren-

991 801 1057 856 tiot
1073 801 1133 872 qui,
1147 800 1226 856 volut
1239 799 1362 855 alienato
1379 816 1395 853 a
1410 813 1499 853 seusu
1516 795 1625 862 auimo,
1641 797 1738 850 totum
1753 811 1811 850 cor·

991 906 1047 962 pus
1062 905 1113 961 pro
1133 889 1250 945 nomine
1272 889 1343 944 Jcsu
1358 892 1467 943 torrere
1491 902 1597 959 passus
1612 888 1667 940 cst.
1685 883 1761 949 Quid
1781 885 1811 940 de

991 978 1102 1035 catoris
1116 978 1233 1050 inclytis
1245 976 1481 1048 beatissimisque
1496 975 1566 1030 viris
1577 972 1741 1029 dicemus?
1755 974 1809 1042 qoi-

992 1068 1047 1124 bus
1056 1084 1179 1141 regnum
1189 1083 1266 1122 nune
1276 1066 1414 1122 ooelorum
1430 1065 1466 1120 ob
1478 1080 1580 1120 corum
1590 1062 1739 1118 meritaet
1749 1077 1808 1133 pra-

992 1157 1070 1213 clara
1093 1159 1170 1213 iacta
1184 1161 1358 1224 exornatum
1376 1157 1495 1227 quibus,
1512 1153 1542 1208 ni
1558 1150 1710 1225 patientiae
1725 1151 1807 1207 virtus

992 1247 1159 1312 exstitisset,
1175 1250 1239 1301 turn
1255 1245 1402 1301 cruciatus
1418 1243 1566 1310 illos,tum
1580 1240 1807 1305 tartareos,mul·

993 1339 1021 1391 to
1037 1335 1169 1390 duriores
1183 1333 1477 1403 inclementioresque
1493 1330 1670 1399 perterrent.

1032 1423 1093 1478 119.
1110 1422 1161 1478 His
1176 1427 1205 1478 et
1219 1422 1283 1478 aliis
1300 1421 1414 1477 animos
1426 1437 1527 1477 eorum
1543 1421 1669 1474 moestos
1689 1433 1807 1474 arrexere

994 1512 1157 1586 paululum.
1178 1512 1248 1568 Inde
1272 1511 1306 1567 ad
1332 1510 1485 1582 capellam,
1500 1513 1581 1565 extra
1605 1505 1803 1562 monasterium

994 1605 1093 1671 sitam,
1108 1603 1252 1674 prodeunt
1262 1617 1374 1671 omnes,
1388 1599 1457 1655 hinc
1468 1596 1715 1666 saeculares,inde
1724 1595 1801 1651 devoti

994 1692 1133 1765 religiosi.
1156 1690 1333 1761 conjuratur
1356 1690 1480 1757 damon,
1498 1688 1723 1758 interrogatur:
1742 1688 1803 1740 tacet

116 1780 218 1851 procul
233 1796 250 1836 a
273 1781 362 1836 domo
378 1782 489 1853 praelati
513 1784 683 1840 monasterii
707 1799 876 1840 oeconemus
891 1798 978 1883 οτι-Β
994 1780 1054 1837 ille.
1071 1780 1194 1837 Domum
1211 1779 1240 1835 S.
1257 1777 1379 1834 ioannis
1392 1778 1541 1844 virtutem,
1557 1776 1657 1849 primo
1672 1774 1756 1830 etiam
1767 1772 1802 1827 in·

117 1884 247 1935 currens,
259 1884 291 1926 re
305 1870 432 1939 cognita,
445 1871 480 1927 ab
496 1872 631 1928 instituto
642 1872 747 1929 itinere
762 1873 882 1929 domum
893 1887 938 1928 eo-

117 1972 182 2011 rum
198 1956 323 2013 divertit.
340 1960 413 2015 Eum
428 1959 457 2015 in
474 1962 589 2034 primis,
604 1961 675 2018 alios
687 1961 854 2034 'prasertim
871 1960 938 2017 reli·

116 2045 214 2116 giosos
228 2045 305 2102 viros
321 2053 456 2105 accurate
472 2048 665 2124 religioseque
679 2052 854 2107 babuerunt.

153 2135 213 2188 117.
230 2135 340 2192 Deinde
363 2138 526 2196 monachus
550 2139 579 2194 in
605 2140 761 2212 cojecturis
785 2136 939 2212 sagacissi-

993 1869 1174 1942 crepationes
1188 1868 1362 1940 crebrasque
1378 1867 1563 1939 probationes
1579 1863 1740 1921 sacerdotis
1752 1877 1800 1917 am·

992 1960 1071 2032 plius
1086 1959 1159 2015 terre
1173 1975 1230 2013 non
1247 1957 1355 2024 valens,
1368 1956 1576 2012 circumferens
1588 1953 1660 2010 binc
1675 1952 1740 2008 inde
1752 1954 1799 2006 tru-

994 2064 1042 2104 ces
1055 2047 1208 2102 minaciter
1218 2044 1327 2114 oculos,
1339 2045 1369 2099 in
1380 2045 1440 2100 hac
1450 2043 1569 2099 tandem
1581 2039 1800 2114 prorupitverba,

994 2137 1062 2193 inde
1077 2136 1105 2191 in
1123 2140 1257 2209 parentes
1268 2132 1370 2206 puella
1385 2133 1465 2206 ipsos
1480 2130 1580 2188 oculos
1595 2129 1801 2203 ignivomosde·

116 2238 183 2279 mus
198 2225 278 2296 (nam
293 2231 379 2283 antea
393 2227 571 2285 diabolicum
581 2245 675 2303 genus
690 2229 745 2286 sibi
760 2229 796 2285 ob
809 2229 941 2299 irequen.
996 2227 1088 2299 figens
1103 2224 1200 2297 inquit
1216 2241 1222 2279 :
1238 2222 1347 2280 Perditi
1361 2222 1520 2294 miserique
1535 2237 1634 2287 sanes,
1651 2219 1703 2292 qui
1716 2217 1802 2274 vestris

115 2312 426 2388 iiamcxpertumarat)
436 2318 941 2391 conjurationibusaliisque,quibus
996 2313 1155 2371 sceleribus
1170 2313 1261 2369 filiam
1274 2313 1401 2382 unicam,
1421 2312 1506 2384 longe
1520 2311 1602 2384 prius
1614 2308 1802 2373 excruciatam,

118 2404 239 2470 utimur,
249 2405 344 2460 modis
354 2404 449 2476 ipsam
464 2406 595 2463 damone
605 2413 720 2479 captam
731 2408 874 2479 cognovit.
885 2408 940 2464 Eos
996 2405 1115 2460 demum
1125 2401 1360 2476 perderecuratis
1370 2419 1376 2457 :
1387 2400 1513 2466 scelesti,
1524 2399 1638 2456 reddite
1650 2415 1714 2470 qua
1724 2395 1804 2452 tortia

117 2491 217 2561 itaque
249 2491 413 2548 Passiniani
437 2495 660 2561 monasterium,
686 2495 736 2550 ubi
760 2495 790 2551 S.
820 2495 942 2551 loannis
996 2485 1804 2563 clamvemonasteriisurripuistisbona,indediscedam;

119 2594 224 2651 corpus
233 2579 547 2654 bonorificesepultum
563 2586 667 2650 est‚ire
681 2587 744 2639 tuni
761 2588 941 2652 monet,tum
996 2599 1081 2638 secus
1089 2584 1186 2637 autem
1199 2596 1298 2652 preces
1309 2578 1470 2650 incassum,
1478 2578 1594 2636 etiamsi
1603 2581 1702 2634 totum
1713 2589 1805 2631 annun

119 2666 262 2724 hortatur.
279 2669 376 2726 liebus
400 2671 491 2744 igitur
515 2672 671 2745 diligenter
695 2673 875 2745 compositis,
890 2673 942 2729 illa
996 2671 1118 2737 crucier,
1132 2670 1244 2725 fierent.
1256 2669 1390 2726 Cunctati
1408 2667 1579 2740 aliquandiu
1590 2664 1804 2738 suntiniquissi·

119 2757 306 2829 Florentiam,
322 2758 352 2815 bi
368 2761 402 2816 ad
419 2761 499 2817 aliud
514 2761 726 2818 monasteriam
741 2763 939 2819 contendunt:
996 2760 1037 2816 mi
1052 2759 1104 2831 illi,
1116 2759 1191 2815 alius
1207 2759 1297 2815 alium
1308 2759 1587 2831 circumspectantes
1600 2772 1607 2812 :
1618 2755 1709 2813 movit
1720 2753 1805 2811 deiude

120 2845 169 2919 qui
181 2847 299 2919 quidem
307 2851 383 2921 grati
397 2850 495 2906 abbati
507 2850 812 2923 preteriniortunium
825 2868 941 2909 casum·
996 2849 1099 2921 pudor.
1116 2850 1226 2920 ltaque,
1239 2854 1303 2904 tum
1319 2848 1411 2918 vultu,
1420 2851 1484 2903 tum
1500 2847 1583 2912 lacte,
1592 2844 1690 2902 colore
1700 2843 1804 2915 aliisque

120 2953 176 3008 que
190 2937 354 2993 mirabilem
365 2938 445 2994 tuere
457 2955 463 2994 :
475 2955 510 2995 ex
520 2940 689 2996 monasterii
701 2941 780 2996 enim
790 2940 903 2997 colonis
913 2945 942 2996 et
996 2938 1127 3011 corporis
1144 2936 1236 3010 signis
1252 2954 1283 2994 se
1298 2955 1362 2994 reos
1386 2937 1458 2993 tanti
1475 2935 1594 2992 sceleris
1611 2935 1802 3009 patefecerunt.

120 3023 257 3097 agricolis
272 3041 389 3099 semper
403 3028 471 3084 boni
485 3029 643 3103 fidelesque
658 3036 890 3102 permanserant.
902 3032 942 3087 llo
1033 3030 1093 3082 120.
1105 3028 1176 3083 Rern
1186 3027 1333 3097 sacerdos,
1343 3020 1801 3099 quamcautesegacitervepotcit

120 3112 369 3183 cupienteabbate
379 3113 577 3173 illicdivinum
589 3118 730 3174 auxilium
741 3122 942 3191 exspectantes
997 3116 1213 3190 explorarique
1229 3116 1306 3188 quod
1322 3120 1388 3172 ante
1404 3116 1524 3183 nemini,
1540 3113 1598 3170 nisi
1611 3131 1665 3187 per
1673 3111 1801 3170 diabolum

119 3200 280 3273 incassum,
297 3203 399 3260 multis
414 3205 518 3262 diebus
539 3212 568 3262 et
582 3206 733 3264 laboribus
748 3208 940 3281 consumptis,
956 3188 978 3257 C
997 3207 1261 3280 cognitumt'uerat,
1277 3204 1470 3278 peromnium
1481 3203 1802 3277 oradeincepsversare·

119 3291 155 3346 de
172 3292 384 3349 monachorum
411 3294 544 3365 consilio,
560 3295 621 3351 solo
636 3296 752 3352 diabolo
775 3301 846 3353 tunc
861 3297 942 3369 quie·
997 3301 1055 3351 tur.
1071 3298 1211 3351 (tectarum
1228 3311 1320 3367 opera
1343 3293 1470 3366 pretium
1487 3292 1553 3364 fuit,
1570 3307 1622 3348 cos
1637 3306 1728 3361 senes,
1740 3286 1802 3345 mals

119 3385 228 3452 scente,
245 3382 280 3437 ad
296 3381 351 3437 hoc
365 3383 395 3439 S.
414 3383 510 3440 Maria
525 3385 736 3441 monasterium
759 3390 842 3442 atate
857 3386 943 3442 itine-
997 3383 1357 3458 urgenteconscioatia,in
1372 3379 1801 3454 vultutotoquecorporisaspe·

119 3486 208 3542 reque
224 3470 305 3539 sessi,
320 3472 448 3528 tenebris
458 3474 532 3545 jam,
551 3475 599 3530 ubi
621 3491 736 3544 venere,
751 3475 859 3531 exortis
875 3491 943 3531 cum
998 3481 1046 3531 ctu
1056 3474 1228 3529 immutatos
1238 3471 1344 3540 videre,
1357 3488 1425 3528 cum
1436 3472 1523 3527 etiam
1537 3469 1800 3542 diabolusipscspc

119 3556 225 3614 litteris
240 3576 304 3632 quae
319 3560 433 3618 abbatie
453 3563 617 3619 passiniani
642 3564 761 3619 nomine
784 3565 943 3621 mitteban·
998 3563 1100 3638 puellas
1116 3580 1159 3630 os,
1176 3562 1227 3617 ubi
1242 3561 1377 3617 monachi
1404 3563 1480 3617 intro
1493 3559 1622 3634 ingressi
1638 3558 1752 3630 [erantj
1764 3554 1799 3610 bu·

119 3650 406 3717 tur,eontenderunt.
414 3650 446 3707 ln
463 3650 724 3709 bislitterisabbas
739 3661 944 3726 conparantes
994 3653 1127 3726 jusmodi
1147 3652 1340 3707 insectaretur
1363 3651 1459 3706 verbis
1475 3667 1481 3705 :
1500 3650 1566 3719 Vos,
1581 3648 1713 3722 perversi
1726 3656 1798 3707 sens.

121 3740 945 3814 tantum,oaeterumeorums1liumsummopereeommen·
999 3743 1088 3813 hujus
1098 3740 1197 3814 puelle
1208 3739 1423 3795 machinatores
1434 3737 1503 3794 mali
1512 3756 1519 3806 ;
1529 3755 1581 3794 vos
1593 3737 1687 3794 filiam
1697 3739 1797 3792 vomu

120 3826 205 3894 dans,
221 3827 282 3884 hae
305 3829 382 3885 inter
402 3829 516 3903 reliqua
540 3831 707 3903 [scribebat]
724 3848 730 3886 :
748 3831 842 3903 liujus
866 3831 945 3887 lama
998 3832 1053 3888 hoc
1069 3829 1238 3887 discrimine
1251 3829 1356 3885 vestris
1380 3827 1539 3884 sceleribus
1563 3826 1798 3895 incausatum.

122 3915 239 3973 virtutis
255 3918 367 3990 passim
392 3936 450 3975 non
467 3935 570 3994 agrum
594 3920 801 3976 Passinianum
816 3925 944 3992 tantum,
1000 3915 1801 3990 cumaliudclausuminpectore,aliudinlinguaprout·

122 4005 217 4061 sedet
237 4005 379 4064 finitimos
403 4024 504 4065 omncs
520 4009 692 4081 complevit;
709 4009 781 4065 adeo
806 4009 876 4064 dum
890 4008 945 4065 hoc
1000 4014 1094 4083 ptum,
1122 4007 1289 4080 hypocrite,
1306 4005 1432 4073 subdoli,
1456 4005 1539 4073 varii,
1567 4004 1728 4077 haberetis,
1750 4012 1802 4076 peut

124 4092 153 4147 in
169 4096 348 4150 monasterio
372 4096 585 4168 conjuraretur,
603 4096 688 4153 multi
711 4099 747 4153 ad
762 4097 816 4153 boc
832 4103 944 4170 specta·
1000 4099 1092 4154 tiliam
1106 4101 1233 4153 vestram
1248 4096 1426 4170 perdidistis.
1438 4096 1498 4151 lioc
1512 4093 1666 4167 egerrime
1682 4095 1803 4163 seroque

123 4182 222 4237 cutum
239 4183 377 4241 mortales
392 4201 481 4242 causa
495 4185 589 4257 ipsius
611 4202 769 4243 convenere
784 4187 944 4260 prasertim
1000 4189 1080 4245 niam
1095 4186 1259 4243 insanabile
1273 4191 1556 4256 restrumcognosco
1570 4180 1803 4257 ingerranum

123 4271 247 4341 proximi
267 4272 377 4346 quique
390 4298 397 4342 ;
411 4278 440 4329 et
455 4273 549 4330 multa
575 4273 641 4347 alia,
658 4292 721 4349 ques
735 4281 786 4332 aut
809 4275 947 4333 benevola
1000 4279 1030 4332 in
1046 4293 1099 4332 suo
1115 4277 1144 4333 id
1161 4292 1280 4347 corporo
1305 4273 1439 4341 tolerare,
1455 4274 1533 4345 quod
1550 4272 1650 4330 meriti
1675 4266 1805 4329 esitato

123 4363 174 4415 aut
189 4360 274 4417 utilia
286 4377 351 4418 esse
361 4362 507 4430 credebat,
517 4363 644 4435 scripsit,
652 4368 685 4420 ut
699 4364 814 4421 animos
829 4369 946 4422 nostros
999 4366 1120 4422 luisscm
1135 4370 1290 4420 vosvcstro
1300 4361 1443 4435 supplicio
1455 4361 1591 4418 docuisse
1602 4361 1761 4419 humanum
1769 4370 1805 4429 gt·

122 4449 239 4521 pietatis
254 4452 378 4525 cupidos
391 4451 578 4510 vehementer
592 4454 771 4511 accenderet.
1001 4473 1067 4524 nus,
1084 4472 1117 4511 ea
1141 4453 1275 4519 scelesta,
1292 4452 1413 4520 nefaria,
1430 4450 1572 4524 sacrilcga
1595 4468 1672 4519 esse,
1688 4450 1805 4526 quesn

158 4542 218 4597 118.
240 4542 386 4598 Postridie
410 4546 508 4599 autem
523 4543 648 4599 adventu
673 4543 884 4600 monachorum
899 4543 946 4600 his
961 4561 985 4628 D
1000 4545 1110 4617 inique,
1127 4542 1209 4598 nulla
1225 4541 1397 4597 necessitate
1418 4543 1549 4614 urgente,
1565 4541 1639 4596 estis
1657 4530 1800 4614 perpetrati·

121 4631 243 4687 senibus
257 4632 364 4689 abortae
386 4631 520 4706 lacrymae
537 4650 568 4688 se
591 4633 725 4701 miseros,
741 4650 772 4690 so
786 4633 943 4703 desolatos,

122 4722 201 4777 omni
217 4738 268 4794 spe
285 4721 451 4790 destitutos,
468 4723 525 4780 uisi
542 4723 602 4779 filia
619 4727 738 4780 curetur
752 4722 944 4779 clamitantes.

121 4809 946 4883 consolanturaegrosanimimonachibisverbis:Petres,

122 4915 159 4955 ne
173 4898 228 4955 hoo
241 4900 430 4973 impatienter
444 4901 555 4969 ieratis,
565 4919 694 4968 oramus,
712 4918 780 4958 cum
796 4902 947 4975 Scriptura

122 4987 221 5045 divina
234 4993 357 5047 testetur
378 4989 480 5045 iesum
500 4991 723 5064 Redemptorem
736 4995 881 5060 nostrum,
896 5006 946 5047 eos

123 5095 198 5151 quos
212 5077 308 5152 diligit
322 5095 454 5151 quosque
465 5079 501 5134 ad
517 5079 605 5135 vitam
619 5080 834 5152 preordinavit,
846 5097 947 5137 excru-

123 5168 209 5241 ciare,
220 5169 309 5227 variis
323 5167 615 5241 intolerabilibusque
626 5169 803 5226 cruciatibus
817 5170 943 5227 allicere.

122 5256 180 5312 Nee
195 5259 321 5330 injuria3
338 5258 476 5332 cumipse
490 5256 572 5314 solus
582 5275 639 5314 non
655 5263 769 5314 tantum
785 5260 943 5332 bonus,sed

122 5347 266 5418 perlectus
278 5350 373 5421 (cujus
389 5349 504 5405 bonitas
515 5365 572 5402 non
588 5363 622 5403 ex
637 5347 779 5405 accidenti
793 5350 881 5418 donc,
893 5352 943 5407 sed

122 5435 287 5492 essentialis
302 5442 330 5491 et
346 5439 486 5496 aternaci
502 5439 692 5505 inest)tamcn
707 5437 809 5510 frigus,
824 5440 942 5507 samem,

122 5525 214 5596 sitim,
230 5525 390 5597 eodemque
403 5534 534 5601 tempore
544 5527 673 5600 inopiam
690 5530 719 5582 et
733 5526 861 5584 laborem
872 5529 943 5586 tole·

123 5629 196 5686 rara,
213 5613 333 5672 demum
348 5631 449 5674 cruces
463 5621 668 5689 tormentaque
683 5615 824 5673 immania
838 5633 871 5674 ac
885 5616 947 5676 tur-⁶

1002 4635 1054 4692 llis
1068 4633 1192 4705 aliisque
1203 4647 1252 4687 eos
1268 4631 1397 4698 silentes,
1411 4634 1543 4698 moestos,
1556 4628 1660 4686 ocules
1675 4625 1803 4695 bamam

1001 4724 1112 4797 pudore
1127 4722 1237 4777 defixos
1250 4725 1392 4790 tenentes,
1409 4719 1479 4792 quid
1493 4719 1736 4792 egerent,quidve
1746 4712 1805 4770 dice·

1001 4818 1066 4870 rent
1079 4811 1197 4885 penitus
1212 4809 1329 4877 oblitos,
1341 4826 1419 4865 nunc
1434 4813 1545 4866 stantes
1560 4826 1614 4881 per
1629 4806 1763 4882 capellam
1774 4814 1805 4856 et

1001 4907 1109 4971 rantes,
1126 4901 1269 4957 insectare
1281 4899 1426 4956 instanter
1440 4898 1586 4955 diabolus.

1036 4987 1807 5054 121.ttincluceclsriusconstat,unicamsscaranqu

1000 5081 1090 5137 vitam
1106 5095 1158 5152 per
1170 5078 1308 5134 virtutem
1324 5093 1477 5149 csse,cum
1492 5076 1623 5149 corrupti
1639 5089 1736 5132 mores
1744 5070 1807 5127 ecit

1000 5187 1060 5226 reru
1082 5168 1225 5240 instigent
1248 5182 1372 5238 semper,
1388 5169 1418 5222 et
1441 5181 1509 5221 cum
1533 5165 1621 5222 bonis
1635 5165 1724 5236 bona,
1739 5154 1806 5218 mlii

1001 5258 1078 5316 mala
1088 5262 1193 5330 praesto
1210 5257 1278 5313 sint.
1290 5256 1372 5312 Nunc
1384 5260 1482 5312 autem
1493 5256 1530 5312 ad
1541 5256 1668 5313 miseros
1678 5232 1808 5321 senecttii

1003 5351 1071 5405 data
1086 5348 1143 5402 fide
1161 5363 1191 5402 sc
1207 5345 1305 5402 omnia
1330 5328 1408 5401 male
1421 5344 1520 5402 ablata
1542 5345 1687 5418 paulatim
1702 5337 1808 5420 propriis

999 5437 1127 5495 dominis
1143 5435 1330 5492 restituturos
1342 5436 1470 5502 firmare,
1478 5436 1502 5492 si
1520 5436 1643 5505 ioedum,
1653 5435 1807 5504 inutileque.

998 5532 1032 5583 ut
1047 5531 1120 5591 crat,
1136 5528 1287 5581 censerent
1303 5540 1308 5579 :
1326 5524 1431 5581 tlabita
1445 5525 1529 5597 prius
1543 5541 1668 5582 suorum
1683 5523 1807 5583 scelerum

997 5611 1809 5688 nonstnelacrymisconfessionadsmmnullcstrepita
