3892 6096
110 310 167 376 att

630 301 850 376 arcemus
873 312 1098 377 ouneauerr
1119 313 1290 375 auseris

1760 304 1820 368 852

112 446 258 518 reputant,
276 443 414 516 ejulatus,
439 442 693 517 complorationes,
719 445 815 503 nullas
833 449 932 502 tamen
946 445 976 516 Α
990 462 1075 517 opem
1087 463 1094 509 ς
1107 448 1136 501 S.
1148 446 1285 513 loannes,
1298 461 1380 501 serva
1390 441 1451 500 mel
1464 441 1640 517 geminando
1650 439 1821 513 saepiusex·

41 581 44 586 .
111 552 196 593 voces
211 535 372 603 indecoras,
399 533 502 601 edere;
526 536 577 591 sad
603 536 703 591 lesum
726 536 935 608 virginemque

112 622 675 697 Mariamlaudans‚senecentissimum,
685 625 936 697 atrocioribusque

113 714 236 786 dignum
253 713 376 768 dicebat.

148 803 193 859 93.
210 800 322 866 Quibus
338 803 425 859 rebus
442 803 543 871 abbas,
564 805 717 877 caeterique
740 821 851 872 omnes,
869 820 936 859 cum

114 890 938 966 monaehitumcenversi,misericordiamoti,quaparum

115 981 296 1053 conjurando
308 981 466 1037 veterando
478 983 661 1055 procedebat,
671 984 845 1038 enmtandiu
858 983 938 1039 domi

115 1086 180 1126 esse
193 1073 369 1138 statuerunt,
387 1073 526 1143 quamdiu
544 1071 748 1127 convaluisset.
766 1076 824 1127 llere
844 1073 939 1144 gratia

115 1164 224 1226 tamen,
238 1164 271 1215 ut
281 1160 411 1231 quotidie
431 1161 549 1232 prolixis
564 1161 745 1216 orationibus
762 1167 790 1217 et
804 1163 939 1232 conjura-

116 1249 244 1304 tionibus
259 1253 322 1304 tum
347 1250 456 1321 private
471 1254 534 1306 tum
560 1268 619 1306 una
642 1252 755 1306 daemon
770 1251 940 1323 ingentibus

117 1338 282 1394 alliceretur
298 1340 464 1394 tormentis.
478 1340 573 1395 Inerat
584 1340 710 1412 prolecto
726 1340 794 1396 huic
804 1340 889 1396 lusto
900 1340 942 1394 in-

117 1431 162 1482 ter
175 1432 293 1484 ceteras
309 1427 400 1484 animi
426 1432 455 1484 et
471 1430 600 1501 corporis
621 1429 754 1502 virtutes,
771 1433 804 1485 ut
828 1429 942 1501 quoties

118 1515 944 1591 gloriosissimesempervirginisMartesanctiquetoan-

119 1605 166 1661 nis
176 1605 322 1678 precibus,
330 1607 437 1679 quibus
448 1625 533 1664 seam
541 1609 653 1679 jugiter
659 1608 762 1662 animae
774 1611 803 1662 et
813 1607 943 1679 corporis

119 1696 304 1768 sospitatem,
321 1701 353 1751 ut
373 1696 443 1764 dixi,
470 1696 703 1765 commendabat,
723 1694 876 1769 paululum
893 1694 943 1751 tali

120 1783 265 1839 levaretur
279 1784 392 1850 morbo,
409 1783 524 1840 nullum
540 1785 597 1841 sibi
612 1801 737 1840 vacuum
748 1789 867 1857 tempus
879 1801 943 1857 per·

122 1871 333 1944 mitteret‚quin
345 1873 483 1929 manibus
498 1873 608 1947 aliquid
624 1877 868 1945 operaretur,tum
879 1873 945 1930 bor·

121 1959 200 2017 tulos
216 1960 361 2030 tediende,
377 1966 441 2018 tum
457 1962 537 2036 ligna
555 1963 722 2033 incidendo,
735 1968 799 2018 tum
814 1961 906 2030 uliud,
921 1962 946 2018 si

122 2049 327 2123 imperaretur,
338 2053 494 2125 operando.
507 2053 558 2109 llis
570 2053 669 2125 itaque
683 2053 782 2109 abbati
793 2070 826 2109 ac
837 2053 947 2109 ceteris

122 2156 181 2195 non
196 2141 322 2196 avaritiae
348 2142 398 2198 aed
413 2142 531 2199 virtutis
554 2144 649 2216 gratia
671 2143 751 2199 brevi
766 2159 851 2199 carus
866 2159 947 2199 acce·

122 2233 249 2303 ptusque
259 2230 325 2302 luit,
339 2231 381 2286 ita
391 2235 423 2288 ut
433 2232 491 2288 lere
501 2236 560 2288 tres
573 2248 699 2303 menses,
713 2231 794 2288 solus
805 2236 904 2288 tamen
918 2233 948 2288 in

123 2319 177 2374 hec
193 2319 223 2383 S.
239 2320 334 2376 llariee
350 2322 528 2377 monasterio
542 2321 631 2376 vitam
648 2321 781 2394 deguerit
797 2338 901 2389 suam,
918 2321 949 2378 iu

124 2407 233 2481 qulbus
249 2409 304 2464 etsi
319 2409 413 2464 inulta
427 2409 515 2481 digna
530 2410 673 2465 memoria
686 2410 787 2481 egerit,
802 2414 866 2465 tum
880 2411 950 2482 quia

125 2511 179 2551 nos
195 2494 252 2550 alio
267 2513 422 2567 properare
437 2502 554 2568 tempus
569 2503 677 2568 menet,
694 2496 855 2554 illustriora
870 2516 950 2571 quae·

126 2584 194 2640 dam
206 2585 307 2656 paucis
316 2585 428 2656 aperire
438 2586 472 2640 ad
486 2584 610 2641 aliorum
621 2586 786 2658 exemptum
798 2586 895 2642 visum
907 2593 952 2645 cst

127 2672 210 2739 utile,
223 2676 255 2728 ut
265 2671 430 2746 intelllgant
444 2690 557 2745 omnes,
568 2675 670 2745 quanti
678 2691 765 2746 penes
775 2674 876 2730 Jesum
887 2693 952 2731 san·

128 2769 241 2819 ctorum
257 2768 286 2818 ct
298 2763 459 2835 praesertim
469 2763 599 2836 Virginis
610 2763 704 2818 Maria
716 2779 815 2836 preces
828 2764 896 2820 sint.

163 2855 207 2907 at.
219 2842 398 2925 Cumigitur,
411 2857 443 2907 ut
453 2870 544 2925 supra
554 2853 665 2908 dietum
677 2857 805 2924 est,eum
818 2854 952 2911 diabolus

129 2939 492 2996 iracommotussutlocare
501 2939 641 2996 voluisset
650 2941 767 3012 saepius,
780 2957 832 2997 nec
842 2947 951 3014 tamen,

128 3028 198 3100 quia
207 3026 419 3102 ipseauxilium
429 3027 558 3101 Virginis
568 3030 820 3102 blariaesanotique
830 3031 952 3088 loannis

128 3118 294 3190 impetrare,
305 3116 568 3189 valuisset,stutuit
578 3119 644 3175 dolo
655 3124 749 3175 arteve
757 3120 866 3192 aliqua,
879 3138 951 3193 quo·

990 535 1135 604 clamare;
1153 534 1290 591 Diabolus
1315 540 1418 590 contra
1441 549 1509 591 voce
1529 532 1640 603 majore
1661 531 1818 588 intonare:

989 625 1086 694 Modo,
1104 625 1189 680 modo
1205 623 1331 696 peribis:
1348 640 1406 679 una
1420 626 1560 678 tartareas
1576 625 1716 693 petemus
1727 621 1817 693 regio·

991 729 1042 769 nes
1057 731 1064 781 3
1077 729 1155 785 ergo,
1167 718 1332 768 monstrum
1345 710 1482 778 hominia,
1494 716 1568 766 tace.
1582 709 1634 765 Ille
1645 708 1815 778 exclamare,

991 806 1025 858 ut
1039 819 1147 874 supra;
1164 801 1212 856 bic
1227 805 1324 856 autem
1339 817 1345 855 :
1365 801 1582 867 Periture,tace.

1025 893 1071 946 96.
1087 892 1130 946 Ad
1146 891 1200 946 hoe
1213 895 1273 945 tam
1288 889 1454 945 miserabile
1464 888 1694 959 inauditumque
1707 894 1813 961 epecta-

992 980 1103 1051 culum,
1120 981 1191 1035 dum
1214 980 1244 1034 hi
1260 981 1317 1036 duo
1343 980 1419 1035 inter
1433 995 1464 1034 se
1488 979 1528 1033 ita
1543 977 1680 1050 dispares
1695 977 1812 1050 litigent,

994 1085 1165 1125 concurrere
1181 1069 1249 1124 hinc
1264 1069 1331 1124 inde
1343 1067 1438 1135 multi,
1455 1067 1505 1140 qui
1521 1084 1551 1124 re
1563 1066 1712 1132 inaudita,
1727 1070 1812 1125 neceb

994 1158 1035 1216 eis
1051 1159 1112 1214 visa
1127 1159 1238 1228 iniqua,
1256 1158 1296 1213 ita
1321 1158 1407 1230 rigidi
1432 1162 1583 1229 stupentes
1607 1156 1705 1212 ellecti
1723 1150 1813 1230 period,

996 1252 1027 1302 ut
1036 1247 1082 1301 vix
1095 1247 1163 1302 dare
1174 1263 1282 1317 vocem,
1293 1247 1339 1301 vix
1347 1256 1460 1313 desum,
1471 1245 1681 1318 vixVirginem
1692 1245 1812 1316 Mariam,

996 1335 1813 1409 miserorumomniumultimumsolamen,invocarepoe·

997 1429 1071 1480 sent.
1082 1424 1206 1481 Demum
1217 1424 1361 1491 diabolus,
1374 1426 1501 1497 desuper
1510 1425 1637 1480 loannis
1645 1424 1811 1485 sanctissimi

998 1514 1092 1586 gratia
1106 1518 1254 1586 operante,
1270 1513 1363 1568 victus
1379 1514 1528 1581 contusus,
1551 1513 1723 1584 despectus,
1737 1513 1810 1569 mise·

998 1620 1064 1657 rum
1080 1602 1173 1670 illum,
1182 1603 1307 1673 jamjam
1318 1606 1381 1657 tum
1392 1603 1495 1657 timore
1508 1606 1571 1657 tum
1585 1600 1690 1660 labore
1700 1607 1811 1658 extrem

999 1695 1157 1764 petentem,
1170 1691 1344 1746 alioversum
1360 1691 1495 1758 tendens,
1509 1689 1539 1745 in
1556 1690 1665 1745 arbore
1676 1689 1810 1746 miserebi-

1000 1779 1066 1835 liter
1076 1780 1249 1852 pendentem
1261 1779 1388 1851 reliquit.
1403 1780 1440 1834 At
1450 1779 1541 1835 nestri
1553 1777 1669 1835 cursim
1680 1777 1768 1835 scales
1775 1795 1808 1834 er·

1001 1869 1064 1925 bori
1080 1869 1220 1926 baerentes
1235 1886 1303 1925 eum
1321 1869 1428 1924 sudore
1443 1872 1504 1925 toto
1518 1884 1642 1940 corpore
1658 1874 1806 1925 manantem

1001 1961 1170 2032 deposuere,
1182 1959 1298 2031 sibique
1309 1957 1457 2015 naturales
1469 1975 1574 2016 sensus
1588 1974 1747 2032 parumper
1753 1957 1807 2013 reoi-

1002 2048 1090 2121 pienti
1107 2048 1208 2116 aiunt;
1224 2048 1306 2115 Vide,
1332 2048 1444 2115 infelix,
1460 2047 1530 2120 quid
1546 2064 1619 2121 agas
1634 2047 1752 2120 posthac
1763 2046 1806 2103 nuli

1001 2142 1030 2193 te
1057 2136 1203 2209 periculis,
1229 2136 1286 2192 nisi
1315 2137 1472 2193 incolumis
1502 2138 1566 2207 lias,
1593 2153 1745 2210 exponere,
1769 2152 1806 2192 nee

1002 2226 1107 2282 deinde
1122 2226 1210 2283 etiam
1223 2227 1357 2282 credere:
1374 2231 1406 2282 ut
1417 2231 1525 2296 tecum,
1541 2227 1570 2283 in
1586 2243 1646 2299 quo
1657 2226 1806 2283 descrimine

1003 2333 1057 2372 nos
1073 2316 1160 2371 etiam
1176 2333 1319 2385 essemus,
1332 2316 1557 2385 animadvertes,
1571 2333 1694 2372 oramus
1705 2334 1712 2385 ;
1725 2314 1807 2388 siquid

1003 2405 1159 2460 adversum
1174 2405 1240 2472 tibi,
1263 2407 1340 2477 quod
1367 2406 1508 2462 Dominus
1523 2406 1611 2463 lesus
1627 2410 1747 2477 avertet,
1761 2422 1809 2462 eve·

1005 2493 1090 2550 niret.

1039 2584 1082 2636 97.
1102 2582 1208 2639 Deinde
1228 2582 1323 2639 Patris
1344 2583 1459 2638 abbatis
1480 2586 1624 2655 precepto
1648 2582 1809 2653 dedereope·

1005 2687 1068 2726 ram
1084 2687 1196 2742 omnes,
1208 2676 1241 2726 ut
1253 2672 1276 2727 si
1292 2671 1359 2743 quis
1373 2688 1441 2727 eum
1454 2670 1554 2744 procul
1567 2669 1768 2728 amouasteric
1780 2686 1810 2723 rc·

1006 2760 1121 2832 periret,
1136 2760 1287 2816 blanditiis
1302 2761 1497 2834 dulcibusque
1509 2761 1605 2817 verbis
1621 2759 1810 2817 reduceretdo·

1007 2849 1390 2906 mumddhocaddidereet
1400 2850 1576 2923 aliud‚quod
1586 2847 1810 2907 multoselubriue

1007 2939 1071 3007 luit,
1088 2939 1192 2994 necubi
1209 2939 1290 2995 solus
1314 2942 1519 3009 contenderet;
1534 2946 1562 2995 et
1578 2939 1603 2996 si
1620 2939 1809 2996 monasterium

1002 3028 1098 3100 juxta,
1114 3028 1248 3085 hortulos
1263 3031 1401 3102 [coleret],
1419 3029 1463 3085 vel
1487 3029 1568 3085 aliud
1583 3029 1722 3087 manuale
1734 3031 1809 3102 egeret

1007 3134 1216 3190 opus,scmper
1227 3118 1645 3192 sociosadessequamplures:
1656 3115 1808 3175 neumenia

127 3224 185 3280 quo
196 3207 283 3263 modo
296 3207 442 3279 inceptum
455 3225 542 3263 suurn
554 3209 701 3280 perficere.
710 3208 762 3264 Cui
774 3226 840 3265 cum
853 3211 952 3268 minus
968 3194 989 3261 C
1008 3208 1051 3263 vel
1067 3206 1162 3262 solum
1180 3213 1294 3264 tantum
1307 3225 1363 3264 non
1379 3208 1435 3263 sibi
1447 3208 1483 3264 cb
1496 3208 1642 3264 damonia
1653 3207 1752 3264 rabiem
1761 3219 1808 3260 cre·

133 3296 179 3351 sui
200 3296 390 3352 succederent
403 3296 462 3352 doli
473 3296 552 3368 (nam
569 3294 734 3367 trequentes
745 3299 959 3356 monachicum

129 3385 220 3454 adire,
233 3385 341 3458 quibus
353 3384 408 3440 viis
423 3386 586 3458 prestigias
602 3385 710 3441 diaboli
722 3388 884 3461 modosque
901 3406 955 3445 no-

130 3475 214 3531 cendi
232 3474 555 3547 vitaret,edocere),hac
566 3477 956 3536 lamentandemoalliditate

130 3579 198 3619 cum
219 3564 274 3618 sub
288 3561 447 3635 voluptatis
463 3564 558 3635 specie
574 3563 689 3620 lelellit:
708 3566 803 3623 l'essus
816 3568 894 3623 enlm
911 3568 957 3625 die

133 3652 259 3725 quadam
275 3653 304 3707 in
321 3651 413 3708 hortis
431 3653 571 3723 colendis,
587 3670 654 3709 eum
670 3652 751 3710 solue
767 3655 822 3711 sub
842 3657 954 3728 arbore,

133 3759 196 3816 que
211 3759 330 3800 cerasus
346 3742 463 3808 dicitur,
479 3742 514 3797 ad
535 3741 639 3798 caloris
654 3743 786 3799 arderem
802 3745 955 3802 vitandum

130 3834 326 3901 sederet,tnm
338 3831 471 3886 omnium
482 3832 576 3887 hostis
587 3831 731 3900 diabolus,
744 3833 955 3907 humanigene-

129 3923 170 3977 ris
186 3922 322 3977 seductor
337 3925 442 3993 praesto
453 3921 545 3987 alluit,
557 3937 644 3975 suurn
661 3921 690 3975 in
707 3921 810 3992 primis
821 3923 954 3980 animum

129 4012 165 4065 ud
181 4026 281 4065 cerasa
295 4008 417 4080 legenda
432 4009 577 4064 inclinans
589 4010 665 4080 quod
683 4011 810 4081 prolecto
825 4029 882 4067 non
899 4013 954 4068 dil·

129 4098 204 4153 llcile
219 4098 286 4162 l'uit,
300 4097 462 4168 praesertim
487 4097 556 4169 quia
572 4102 688 4153 erratura
715 4097 809 4155 solent
824 4101 954 4173 cujusvis

128 4187 260 4242 animum
279 4187 314 4241 ad
331 4203 362 4242 se
377 4185 502 4242 allicere.
515 4187 555 4242 lla
566 4191 694 4260 propter,
708 4205 766 4260 quo
777 4188 879 4256 voluit,
897 4190 954 4247 mi·

128 4292 226 4331 seram
243 4274 328 4330 illum
344 4274 472 4348 impulit.
498 4275 555 4332 Nec
575 4275 641 4343 boo,
667 4278 745 4350 quod
761 4280 894 4335 naturale
909 4284 955 4337 est

126 4363 304 4422 diabolicum
316 4364 411 4420 dicere
422 4365 528 4433 ausim,
543 4364 598 4420 nisi
610 4382 656 4420 me
666 4382 764 4422 rerum
776 4366 845 4422 reali
859 4369 953 4426 exitus

127 4455 307 4511 docuissent.

161 4546 207 4601 95.
219 4544 461 4600 Ascensaarbore
472 4549 639 4600 nontamen
651 4543 713 4600 sine
724 4544 908 4615 difficultate,
921 4553 953 4603 ut

128 4634 178 4707 qui
192 4634 334 4704 viderant,
347 4632 481 4700 retulere,
493 4633 609 4689 blandis
625 4634 707 4706 prius
719 4635 831 4690 demon
845 4637 951 4707 verbis,

130 4728 163 4781 ut
177 4741 208 4780 se
223 4726 360 4780 deorsum
371 4724 505 4795 jactaret,
523 4722 644 4779 hortari.
666 4723 717 4779 llle
732 4740 809 4795 vero,
826 4742 955 4797 psaesens

129 4813 293 4885 periculum
306 4828 420 4880 verens,
446 4812 525 4868 baud
540 4813 687 4869 assentiri.
712 4813 831 4870 Damon
847 4815 954 4872 iterum

130 4919 191 4957 rem
205 4907 326 4970 tentare;
339 4900 389 4956 illc
412 4901 581 4957 institutum
597 4919 686 4958 suum
704 4919 828 4958 servare.
845 4904 955 4960 Intelli-

129 5007 201 5064 gens
218 4991 314 5063 itaque
336 4990 449 5045 damon
465 5007 498 5046 ea
514 5008 544 5045 se
568 4991 615 5047 via
629 4991 702 5046 nihil
718 4993 867 5065 proficere,
886 5011 953 5051 cum

128 5080 183 5136 bac
199 5098 265 5136 cum
280 5079 501 5152 exprobratione
513 5078 699 5135 vehementer
715 5087 854 5153 quatere:
871 5084 953 5140 Modo

130 5168 248 5241 peribis,
265 5169 392 5243 pessime
407 5186 414 5237 ;
429 5172 458 5223 te
474 5168 551 5222 enim
568 5167 678 5240 ingenti
695 5186 761 5224 cum
786 5172 898 5244 impetu
913 5173 955 5230 ila

129 5260 266 5315 deorsum
282 5258 411 5326 trudam,
428 5262 460 5313 ut
473 5262 501 5313 te
515 5273 604 5331 prope
615 5274 792 5332 exsanguem
808 5277 841 5316 ac
865 5262 953 5318 semi-

129 5347 267 5414 animem,
285 5352 318 5404 ut
333 5347 454 5405 meritus
470 5365 512 5414 es,
529 5347 594 5403 istis
607 5348 678 5417 tuis,
694 5349 802 5421 quibus
817 5351 951 5422 confidis,

129 5435 365 5494 ceaddanduetus
380 5442 478 5493 autem
490 5437 537 5493 illc
553 5437 674 5492 exitium
690 5441 752 5493 tum
769 5439 872 5495 animan
887 5446 952 5497 tum

129 5541 227 5596 corpor
238 5526 260 5575 'a
282 5542 314 5579 co
330 5525 360 5580 in
372 5527 541 5583 discrimine
556 5528 673 5593 timens,
690 5528 804 5585 artioris
815 5536 952 5587 truncum

130 5614 267 5675 manibus
283 5616 503 5688 apprehendens
528 5617 657 5673 sortiter:
679 5615 766 5690 Virgo
786 5619 887 5689 Maria,
909 5620 952 5677 scr

1012 3297 1089 3352 dere.
1106 3298 1178 3352 Cum
1195 3297 1255 3352 bac
1266 3297 1361 3371 gratia
1375 3301 1403 3353 et
1418 3313 1516 3353 amore
1526 3297 1611 3366 lesu,
1630 3301 1664 3354 ut
1677 3300 1775 3362 cetera,
1787 3293 1806 3347 in

1010 3390 1026 3440 J
1030 3390 1129 3442 ustum
1140 3387 1229 3454 hunc,
1240 3403 1273 3442 ea
1284 3404 1341 3460 qua
1353 3391 1450 3459 posset
1462 3387 1623 3459 sagacitate
1632 3391 1662 3444 et
1670 3384 1779 3451 mutale,
1785 3381 1803 3435 in

1011 3477 1129 3543 nostris,
1146 3492 1183 3531 nc
1203 3476 1292 3531 miser
1307 3476 1355 3532 ille
1371 3476 1503 3532 funditus
1517 3482 1580 3533 arte
1595 3475 1705 3533 diaboli
1717 3473 1803 3548 periret,

1010 3566 1121 3632 fierent,
1140 3565 1212 3620 torte
1236 3564 1351 3634 accidit,
1368 3569 1401 3621 ut
1426 3582 1483 3621 non
1499 3565 1585 3638 lenge
1609 3583 1628 3622 a
1648 3582 1728 3639 rupe,
1741 3575 1803 3636 quun

1010 3655 1101 3710 nostri
1113 3654 1360 3710 Ristonehiariem
1375 3654 1482 3726 dixere,
1498 3655 1803 3728 semperipseunaeun

1010 3743 1119 3798 caeteris
1135 3743 1231 3799 nescio
1247 3743 1317 3815 quid
1332 3743 1362 3798 in
1377 3744 1455 3817 agris
1467 3742 1620 3800 excoleret.

1044 3833 1088 3887 98.
1105 3833 1211 3888 Verum
1226 3831 1279 3900 ita,
1304 3836 1336 3887 ut
1357 3832 1390 3887 fit
1414 3832 1572 3903 interdum,
1589 3832 1681 3889 sociis
1695 3829 1766 3889 elteri
1775 3824 1805 3882 tti

1009 3922 1115 3994 oppido
1126 3920 1255 3988 intentis,
1268 3921 1424 3994 prestigiis
1433 3920 1704 3979 diaboliobservato
1712 3919 1806 3991 diligen·

1009 4016 1053 4067 ter
1069 4017 1208 4083 tempore,
1221 4028 1308 4067 cursu
1321 4029 1409 4082 quam
1422 4011 1608 4092 rapidissimo
1619 4011 1675 4068 hac
1685 4011 1775 4085 gratie,
1786 4008 1808 4059 tl

1009 4103 1145 4157 doersum
1156 4119 1187 4157 se
1199 4119 1264 4157 nica
1276 4102 1369 4173 daret,
1381 4117 1482 4173 rupem
1493 4100 1572 4157 illam
1583 4102 1809 4175 asperrimempt·

1009 4190 1065 4246 tiit.
1078 4191 1140 4259 Cui,
1152 4190 1267 4246 diabolo
1281 4192 1449 4263 frequenter
1462 4195 1574 4262 orante,
1586 4196 1621 4246 ut
1632 4207 1721 4265 rupes
1735 4198 1809 4246 uneee

1008 4279 1169 4351 dejiciendo
1177 4285 1296 4352 peteret,
1309 4279 1542 4353 VirginisMariae
1554 4272 1810 4354 sanctiqueteeuia

1008 4369 1149 4425 auxilium
1166 4373 1328 4442 opportune
1344 4386 1401 4425 nen
1416 4368 1518 4440 deluit,
1531 4373 1608 4426 etne
1618 4368 1810 4439 lactorensis

1009 4458 1214 4515 lixosermoue
1237 4458 1395 4525 detineam,
1417 4464 1449 4513 ut
1472 4456 1559 4530 paulo
1584 4475 1678 4531 supra
1692 4459 1810 4516 incana

968 4568 991 4633 D
1008 4547 1120 4616 arbore',
1137 4547 1219 4604 itaet
1234 4547 1288 4602 hcc
1314 4548 1377 4603 loco
1393 4547 1514 4620 [lactum
1539 4547 1607 4619 est]‚
1631 4539 1809 4622 longemejori

1007 4640 1107 4691 tameo
1123 4637 1295 4691 imminente
1311 4636 1439 4708 periculo
1452 4653 1458 4692 :
1473 4652 1541 4691 nam
1552 4653 1661 4693 saxum
1671 4635 1808 4706 valdepra·

1009 4730 1128 4797 ruptum
1136 4727 1222 4782 otiam
1234 4729 1407 4799 tempestate
1418 4727 1809 4798 nostraaspicientibueterre

1009 4830 1070 4870 rem
1085 4814 1191 4871 incutit
1201 4830 1257 4870 non
1270 4832 1403 4886 parvum.
1421 4813 1568 4881 Diabolus,
1580 4819 1613 4871 ut
1624 4815 1723 4888 ipsum
1732 4809 1809 4887 perde

1010 4908 1062 4969 ret,
1075 4904 1221 4975 precibus,
1237 4904 1337 4969 minis,
1353 4904 1391 4972 vi,
1417 4920 1477 4976 qua
1496 4903 1551 4975 via,
1578 4920 1639 4976 qua
1654 4907 1716 4961 arte
1729 4896 1809 4977 potuit

1010 4991 1081 5048 nibil
1095 4993 1268 5049 intentatum
1280 4992 1398 5064 reliquit
1410 5011 1416 5062 ;
1434 4992 1505 5050 adeo
1517 4997 1550 5048 ut
1559 5008 1757 5067 saepenumero
1765 4984 1808 5045 ed·

1009 5083 1076 5136 dam
1092 5099 1126 5137 ex
1142 5082 1250 5138 nostris
1266 5084 1425 5150 conversis,
1440 5083 1486 5137 cui
1509 5072 1809 5151 conlaudandam

1009 5174 1071 5226 tum
1087 5170 1133 5226 his
1144 5171 1173 5227 in
1189 5169 1270 5238 locis,
1287 5169 1427 5228 saltuosis
1441 5188 1599 5244 porcorum
1614 5189 1719 5247 greges
1732 5180 1808 5245 peace

1009 5263 1067 5330 bnt,
1080 5261 1174 5316 visum
1186 5261 1234 5321 sit.
1243 5261 1339 5332 ipsum
1349 5261 1469 5317 tostum
1480 5261 1572 5318 versis
1583 5262 1694 5334 pedum
1703 5253 1809 5330 vesunt·

1008 5369 1025 5406 a
1040 5352 1171 5406 doemone
1187 5350 1297 5406 adime
1312 5350 1438 5407 detrudi.

1042 5442 1085 5496 aa.
1103 5439 1252 5495 Exclamat
1267 5457 1324 5512 pra
1340 5440 1443 5496 timore
1462 5456 1622 5497 conversus
1638 5440 1706 5500 ille:
1721 5432 1809 5497 beleel

1006 5530 1080 5587 lusti
1092 5535 1120 5585 ot
1131 5530 1272 5584 tiemonis
1283 5529 1420 5585 horrendi
1433 5530 1521 5585 etiam
1529 5530 1714 5588 addebantur
1723 5529 1809 5586 elene

1007 5637 1063 5676 res.
1073 5619 1171 5693 Opere
1182 5618 1307 5691 pretium
1318 5622 1380 5677 erat
1390 5620 1551 5691 modeuua,
1563 5622 1653 5680 medo
1663 5614 1810 5696 sensnum
