3892 6096
127 222 188 290 arc
447 263 455 276 .
497 175 505 193 ’
633 222 805 288 orenonr
825 221 1005 285 nonaum
1027 222 1061 285 s.
1083 218 1330 283 suucnauur
1775 220 1838 285 ese

128 357 305 418 lassitudine
315 354 447 431 requIam
455 354 586 430 aliquam
596 356 710 431 soporis
722 355 866 413 salutiferi
880 359 951 412 tunc
965 354 993 422 Α
1008 355 1095 411 modo
1109 353 1271 411 audistine
1285 352 1342 409 ilde
1356 365 1495 426 namque,
1505 349 1632 426 quamin
1646 350 1707 410 fleo
1716 352 1836 412 dudum

128 464 215 523 posse
230 445 338 505 sortiri.
354 449 486 521 cumque
499 463 551 523 pre
567 446 621 504 bac
636 463 688 520 spe
699 444 772 503 lecto
783 461 951 520 mepcuens
1005 442 1150 512 habuisti,
1168 442 1350 501 certissimus
1374 443 1446 497 esto.
1472 440 1527 498 Sed
1553 445 1582 499 et
1603 440 1659 499 hoc
1673 442 1748 500 scito
1764 444 1837 518 quia

128 538 170 595 nil
194 536 303 611 sperati
327 535 442 609 soporis
466 552 569 610 capere
591 536 764 611 potuissem,
790 536 852 607 sed,
878 551 951 608 quo·
1006 532 1106 591 emnia
1120 548 1185 606 que
1200 548 1306 605 passus
1324 548 1356 589 es
1377 530 1458 587 norit
1482 529 1559 588 Deus
1574 534 1603 587 et
1617 533 1652 588 ad
1667 533 1835 605 prefectum

129 641 245 700 cunque
258 641 305 682 me
319 628 471 695 verterem,
488 624 539 682 illa
553 626 676 685 fumose
697 623 819 681 visionis
845 623 953 680 iudicia
1005 625 1091 679 tuum
1115 621 1177 678 lieri
1192 620 1336 694 permisit.
1356 619 1408 677 His
1422 619 1508 676 dictis
1532 619 1665 678 celeriter
1678 638 1832 697 nusquam

127 714 315 790 aliquomodo
330 714 480 785 sentirem,
502 715 639 789 jacebam
664 714 756 773 nimia
778 718 839 771 tam
862 712 953 770 animi
1006 710 1182 784 comparuit.
1797 716 1803 727 ¹

126 819 217 878 quam
233 804 363 877 corperis
375 804 546 861 infirmitate
561 804 707 861 detentus.
1040 802 1077 857 At
1091 801 1239 856 demones
1254 814 1321 855 mox
1342 801 1409 872 post
1431 800 1496 871 elus
1519 798 1684 857 discessum
1700 802 1834 877 undique

162 895 241 951 luter
256 893 318 951 hee
329 909 407 961 vero,
422 909 488 950 cum
503 909 598 968 neque
617 909 738 968 prorsus
761 909 810 951 me
831 890 952 966 vigilare
1006 889 1091 948 sclito
1106 905 1188 947 more
1202 888 1489 945 circumvolanteaad
1502 903 1549 946 me
1564 888 1700 948 dixerunt
1711 906 1719 949 :
1730 891 1834 950 Miser-

127 998 180 1040 neo
204 982 321 1057 penitus
343 982 471 1038 dormire
495 982 666 1050 sensissem,
682 986 801 1056 repente
822 980 897 1039 mibi
908 982 951 1039 ri·
1005 981 1089 1047 rime,
1106 979 1177 1052 quid
1191 977 1271 1047 huic,
1287 977 1338 1050 qui
1353 981 1382 1034 te
1396 977 1529 1051 decipere
1540 978 1630 1046 venit,
1645 978 1756 1055 aliquid
1768 998 1833 1041 ore·

127 1088 193 1129 sum
227 1077 272 1129 est
305 1072 383 1145 quod
416 1071 446 1127 in
483 1088 586 1145 campo
618 1072 745 1144 quodem
778 1070 851 1127 mihi
882 1074 952 1128 nato
1005 1066 1834 1144 derecupis‘lNonneexhocpotesprobareilliusqua·

126 1161 249 1233 fuissem
261 1161 460 1218 circumdatus
471 1160 660 1217 multitudine
668 1161 835 1218 demonum
844 1158 951 1233 plausu
1003 1157 1123 1217 latetem
1138 1157 1215 1230 quod
1232 1172 1284 1213 uec
1300 1156 1347 1213 bic
1363 1156 1473 1213 diutius
1484 1158 1834 1233 manerenobiapresen·

131 1250 334 1323 cachinnoque
348 1249 459 1323 ingenti
476 1267 573 1307 coram
589 1248 950 1323 melodentiumltgoau-
1003 1249 1085 1306 tibus
1105 1246 1250 1305 audebat?
1275 1246 1340 1316 fac,
1366 1245 1467 1316 miser,
1491 1248 1569 1321 quod
1600 1248 1732 1307 facturus
1759 1251 1832 1322 eris,

125 1341 185 1396 tem
201 1338 273 1395 nibil
288 1337 430 1395 dubitans
450 1339 501 1412 qui
524 1342 623 1396 essent
647 1343 814 1412 quantaque
837 1336 952 1394 malitia
1005 1337 1193 1393 committens
1207 1338 1238 1393 te
1252 1338 1358 1393 uestrae
1373 1336 1521 1407 potestati.

126 1427 226 1485 omnia
249 1428 387 1495 facerent,
402 1431 511 1498 quanto
526 1427 629 1500 majori
645 1428 707 1484 risu
721 1444 771 1484 eos
795 1431 951 1501 occupatos
1041 1424 1106 1481 Hec
1121 1423 1207 1481 ethis
1223 1423 1333 1482 similia
1346 1424 1482 1481 dicantes
1496 1427 1526 1482 et
1540 1441 1587 1483 me
1601 1425 1714 1485 interea
1737 1428 1832 1489 nimio

125 1517 196 1584 vidi,
212 1521 294 1574 tanto
308 1516 467 1574 tristiorem
484 1533 530 1574 me
544 1516 675 1585 exhibui,
692 1521 791 1590 utpote
809 1517 859 1589 qui
884 1515 951 1574 illos
1004 1515 1102 1570 furore
1117 1513 1291 1583 auferentes,
1306 1512 1508 1571 discesserunt
1521 1513 1589 1571 iude
1599 1518 1689 1589 etper
1699 1515 1791 1590 plana
1802 1522 1834 1576 et

109 1605 296 1679 perditionis
314 1621 383 1662 mee
399 1622 488 1662 causa
502 1609 692 1680 congregatos
706 1604 826 1661 credidi.
843 1607 880 1661 nt
895 1604 950 1677 illi,
1005 1619 1173 1676 aspera,per
1188 1600 1300 1659 excelsa
1315 1607 1344 1658 et
1358 1602 1507 1674 profunda
1520 1618 1579 1661 une
1594 1605 1832 1678 eodemquemc·

125 1697 158 1750 ut
171 1693 308 1751 viderunt
319 1710 366 1750 me
380 1693 550 1751 nullatenus
559 1695 602 1751 eis
612 1693 685 1751 velle
696 1693 866 1763 arridere,in
876 1693 950 1750 iram
965 1728 989 1795 B
1005 1692 1053 1750 dio
1068 1693 1118 1748 diu
1132 1695 1332 1764 vagantes,me
1347 1708 1399 1764 per
1412 1690 1659 1765 utrumquelatua
1670 1695 1833 1754 crudeliter

125 1782 240 1840 excitati
252 1787 323 1839 suut
337 1783 458 1838 nimiam
476 1783 607 1840 dicentes
625 1800 632 1838 :
648 1781 786 1854 Nunquid
802 1785 833 1837 tu
853 1782 950 1838 nobis·
1004 1796 1177 1854 percussum
1193 1796 1293 1836 secum
1316 1779 1358 1835 ire
1382 1779 1515 1837 celeriter
1526 1780 1683 1853 jusserunt
1697 1787 1789 1857 atque
1800 1785 1831 1842 iu

126 1887 195 1927 cum
209 1872 337 1944 gaudere
351 1875 379 1927 et
385 1870 512 1942 joculari
525 1887 583 1927 non
595 1871 658 1927 vis‘l
669 1871 743 1936 Quia
757 1886 826 1943 ergo
837 1870 951 1944 elegisti
1005 1868 1197 1943 precipitium
1212 1866 1305 1924 multo
1320 1867 1514 1940 periculosius
1529 1868 1625 1942 priore
1649 1874 1832 1946 statuerunt,

126 1959 287 2029 tristitiam,
305 1960 377 2017 satis
399 1960 527 2033 profecto
554 1959 710 2033 experieris
726 1958 817 2016 illam.
838 1960 951 2026 Quibus
1004 1959 1055 2015 ubi
1071 1958 1159 2029 idem,
1184 1962 1218 2014 ut
1244 1957 1338 2030 prius,
1353 1957 1482 2029 plurima
1496 1958 1653 2031 opprobria
1673 1960 1832 2035 variasque

125 2048 211 2106 dictis
226 2065 293 2106 mox
308 2048 552 2107 circumvolantes
568 2049 697 2123 undique
718 2053 746 2105 et
769 2049 895 2107 invicem
919 2066 951 2107 ee
1005 2047 1101 2104 minas
1111 2046 1297 2114 ebullientes,
1313 2046 1386 2102 adeo
1403 2062 1450 2103 me
1464 2050 1642 2117 terrueruut,
1657 2054 1693 2105 ut
1706 2047 1831 2123 'eadem,

124 2137 310 2195 cohortantes
324 2138 354 2193 in
370 2137 428 2194 mei
442 2137 648 2194 contritionem
659 2137 863 2210 dicentesque:
875 2137 949 2205 Quid
1005 2153 1069 2210 que
1085 2136 1173 2194 etiam
1188 2134 1280 2209 prius,
1297 2135 1391 2192 facere
1406 2135 1574 2209 cogitarem.
1584 2137 1639 2194 Sed
1650 2153 1718 2195 cum
1732 2138 1766 2195 in
1778 2139 1833 2198 boc

124 2227 211 2283 modo
226 2225 349 2283 tardatis
365 2225 396 2282 in
411 2242 445 2283 cc
460 2228 537 2300 quod
554 2242 629 2299 sepe
644 2225 781 2299 petistis?
795 2227 836 2282 En
852 2232 897 2283 cst
918 2226 950 2284 in
1004 2225 1080 2283 bello
1095 2229 1249 2282 estuarem
1263 2228 1293 2281 et
1307 2223 1479 2297 aliquandiu
1495 2225 1632 2283 differens
1647 2227 1743 2286 facere
1768 2245 1832 2303 que

124 2314 263 2372 manibus
273 2313 480 2389 vestris,quem
491 2315 609 2372 assidua
617 2314 864 2373 circumventione
876 2333 951 2389 quoe·
1005 2315 1130 2388 cogebar
1143 2318 1261 2387 propter
1275 2313 1381 2369 solatia
1400 2312 1538 2385 predicta
1561 2315 1831 2391 circumspicerem,

124 2403 216 2461 sistis.
225 2403 337 2459 Exinde
347 2402 491 2476 proficisci
507 2408 698 2475 coeperunt,et
711 2419 756 2460 mc
768 2407 893 2477 utroque
907 2404 949 2461 la·
1004 2404 1030 2460 si
1044 2404 1118 2460 forte
1130 2403 1236 2459 iterum
1247 2400 1365 2474 aliquod
1376 2401 1544 2475 presidium
1555 2403 1640 2462 sileo
1651 2404 1830 2477 mitteretur,

124 2495 186 2549 tere
201 2508 340 2564 percusso
354 2506 455 2548 secum
470 2491 513 2548 ire
528 2507 573 2560 ea,
590 2508 648 2563 qua
661 2492 718 2564 ipsi
733 2492 830 2549 ierunt
844 2493 949 2550 veloci·
1004 2491 1102 2549 subito
1118 2491 1195 2546 idem
1211 2489 1262 2562 qui
1277 2494 1306 2546 et
1321 2489 1403 2563 prius
1418 2490 1563 2563 apperuit,
1581 2493 1724 2565 majorem
1734 2498 1832 2552 ostem

124 2584 194 2648 tate,
211 2578 426 2653 compulerunt.
443 2584 502 2636 lter
524 2597 590 2637 vero
615 2597 728 2649 eorum,
753 2586 786 2636 ut
811 2581 884 2637 mihi
907 2583 948 2638 vi·
1004 2585 1071 2637 taus
1086 2579 1224 2635 fiduciam
1240 2595 1328 2650 quam
1344 2578 1437 2651 prius.
1461 2579 1536 2636 Nam
1559 2580 1610 2637 illa
1633 2582 1832 2642 conaclatcria

125 2669 260 2739 debatur,
275 2672 356 2724 tanta
368 2667 514 2725 celeritate
528 2669 670 2742 agebatur
684 2673 716 2725 ut
730 2669 785 2726 sub
800 2674 949 2728 momento
1003 2669 1102 2738 verba,
1117 2685 1181 2741 que
1197 2671 1283 2723 antea
1297 2667 1384 2735 clam,
1399 2672 1469 2724 tunc
1492 2670 1672 2727 manifestim
1694 2671 1829 2745 protulit,

125 2755 299 2815 brevissimo
313 2756 460 2814 latissima
474 2760 558 2814 terrae
572 2757 668 2830 spatia
681 2758 848 2815 circuirent.
868 2760 949 2824 Quod
1004 2756 1203 2829 dicanszNoli,
1219 2772 1328 2829 queso,
1343 2755 1403 2832 noli
1418 2773 1555 2831 peragere
1570 2773 1635 2831 que
1647 2759 1830 2832 deliberasti,

124 2862 192 2903 cum
209 2845 318 2920 pariter
333 2846 426 2902 facere
441 2846 605 2919 nequirem,
616 2851 645 2903 et
658 2850 756 2903 tamen
769 2865 786 2904 a
797 2847 950 2920 spiritibus
1004 2847 1056 2904 sed
1071 2846 1250 2903 confortetur
1263 2860 1313 2902 cor
1327 2849 1411 2901 tuum
1423 2850 1524 2904 contra
1539 2846 1761 2923 impugnantes.
1778 2850 1831 2909 Cui

125 2933 263 3008 malignis
275 2934 514 3007 percussionibus
525 2935 635 2992 crebris
645 2934 820 3009 impellerer,
832 2953 890 3010 pre
901 2955 951 2995 an·
1004 2952 1057 3009 ago
1072 2934 1209 3007 respondi
1226 2950 1233 2990 ι
1249 2933 1378 3007 Nequeo,
1394 2934 1517 2992 Domine
1532 2935 1584 3008 mi,
1599 2941 1684 2994 tanta
1697 2939 1830 3011 pericula

125 3023 223 3096 gustis
234 3026 262 3079 et
272 3021 445 3079 difficultate
455 3022 577 3096 spiritus
588 3024 708 3081 videbar
723 3024 795 3081 mibi
810 3024 868 3082 cito
879 3026 949 3083 defi·
1003 3024 1106 3081 tandiu
1122 3023 1277 3095 sustinere,
1294 3040 1361 3079 cum
1376 3028 1406 3080 et
1418 3025 1505 3081 turba
1526 3025 1631 3098 iugens
1655 3032 1761 3086 centra
1782 3044 1830 3087 me

124 3111 234 3169 cere.1n
244 3111 416 3185 hujusmodi
427 3127 495 3185 ergo
505 3112 676 3169 difficultate
687 3111 781 3170 multa
790 3113 949 3174 ineffabilia
963 3094 986 3164 G
1004 3116 1114 3188 pugnet
1124 3117 1152 3169 et
1162 3129 1248 3169 nemo
1261 3129 1307 3169 me
1316 3113 1521 3185 adjuvetNem
1538 3118 1692 3189 postquam
1704 3134 1754 3175 me
1763 3135 1829 3177 een·

123 3216 230 3272 passos
246 3200 398 3273 multoque
412 3199 475 3258 locs
489 3201 631 3258 citissima
647 3218 815 3276 peragrans,
828 3205 947 3261 tandem
1002 3202 1099 3260 solans
1115 3217 1208 3275 nuper
1222 3202 1403 3268 discedebas,
1430 3202 1543 3259 acriora
1567 3220 1614 3261 ms
1635 3205 1672 3263 ab
1693 3203 1763 3266 istis
1776 3223 1829 3265 ns·

122 3288 237 3361 positus
263 3305 329 3346 sum
351 3289 381 3345 in
403 3290 551 3362 quoddam
571 3289 762 3363 precipitium
778 3291 845 3360 tale,
862 3294 947 3365 cujus
1001 3291 1155 3364 quissimis
1169 3291 1322 3364 spiritibus
1335 3291 1396 3363 pati
1411 3295 1558 3350 tormenta
1572 3293 1734 3354 efficiebas.
1750 3298 1827 3364 Qua·

122 3376 391 3434 summitasvixme
402 3378 673 3451 caperet,cujusque
686 3379 947 3440 imanullusvisus
1001 3386 1119 3455 propter
1132 3380 1177 3437 vel
1194 3397 1273 3437 nuuc
1287 3396 1403 3437 mecum
1422 3397 1611 3453 perseverans
1637 3384 1747 3457 adjuva
1768 3401 1824 3457 me,

121 3466 290 3540 pertingere
305 3470 413 3539 posset.
431 3464 484 3522 Ubi
500 3482 548 3523 me
562 3467 825 3542 circumspiciente,
839 3470 864 3526 si
880 3471 946 3543 quis
1001 3487 1037 3526 nc
1051 3471 1122 3526 dum
1136 3469 1243 3526 iterum
1255 3469 1436 3537 discesseris,
1452 3471 1564 3543 majora
1578 3472 1670 3529 etiam
1678 3473 1755 3531 mibi
1767 3478 1825 3532 tor-

121 3554 264 3612 evadendi
279 3554 362 3611 locus
377 3555 517 3627 esset,qui
528 3561 627 3611 tameo
639 3572 696 3612 nou
707 3573 771 3613 esse
781 3557 944 3632 videbatur,
1000 3563 1100 3614 menta
1113 3557 1220 3614 iterum
1236 3556 1356 3614 efficias.
1371 3560 1408 3613 At
1421 3557 1470 3614 ille
1485 3559 1558 3616 dixit
1573 3577 1580 3616 :
1593 3559 1668 3630 Non,
1685 3566 1825 3636 quantas·

122 3644 253 3716 undique
269 3642 513 3699 circumvolantes
524 3642 560 3698 sd
572 3658 619 3698 me
633 3644 781 3701 demones
794 3646 944 3705 dixerunt:
1000 3663 1116 3719 cunque
1126 3645 1179 3702 tibi
1191 3645 1287 3702 minas
1302 3646 1596 3720 inferant,prevalere
1615 3651 1781 3723 pessunt,si
1792 3657 1824 3709 tu

118 3730 175 3788 Ubi
190 3748 259 3805 ergo
275 3748 354 3788 nunc
369 3735 414 3788 est
428 3746 496 3803 spes
511 3729 665 3803 illaquam
680 3731 710 3788 in
728 3736 783 3789 Deo
797 3733 946 3792 habuisti?
1000 3734 1203 3792 tantummodo
1219 3734 1275 3792 lide
1290 3750 1400 3807 speque
1414 3736 1561 3794 constanti
1577 3736 1607 3794 in
1623 3737 1748 3813 Domino
1759 3757 1823 3814 per·

120 3818 174 3876 Ubi
184 3822 353 3894 quoqueest
363 3817 612 3892 ipseDeustuusl
623 3819 840 3893 nesciensquod
851 3839 945 3897 neque
999 3839 1130 3882 severare
1145 3823 1257 3880 studes.
1272 3823 1438 3880 confortare
1451 3841 1532 3899 ergo,
1548 3826 1618 3900 quia
1632 3832 1744 3901 quanto
1758 3845 1823 3904 gra·

118 3905 385 3975 Dausutdicitur,
402 3909 456 3975 est,
472 3922 567 3979 neque
588 3906 669 3964 illius
692 3909 822 3982 potentia
842 3916 946 3970 contra
997 3914 1078 3970 viora
1107 3912 1211 3969 amodo
1240 3912 1401 3970 certamina
1428 3915 1601 3983 sustinebis,
1625 3920 1709 3974 tauto
1737 3917 1825 3977 citior

120 4010 175 4053 nce
191 3995 355 4074 quidquam
370 3994 524 4067 prevalet?
538 3996 573 4051 flt
587 4000 620 4052 ut
634 3996 688 4053 hoc
704 3997 745 4054 ita
758 4014 822 4056 ease
832 4000 944 4074 absque
997 4001 1147 4059 finientur.
1164 4001 1207 4057 ad
1223 4000 1284 4057 bec
1298 4000 1385 4058 etiam
1401 4002 1543 4060 denuntio
1553 4004 1624 4078 quia
1636 4005 1662 4062 si
1677 4005 1756 4065 belle
1770 4006 1826 4065 Do·

119 4082 210 4140 dubio
233 4098 386 4155 agnoscas,
402 4082 513 4157 respice
528 4083 597 4157 quia
612 4102 697 4143 nemo
707 4085 754 4143 hic
769 4091 813 4144 est
828 4090 945 4162 adjutor
998 4089 1070 4146 mini
1084 4093 1253 4147 constanter
1265 4089 1419 4162 preliaris,
1444 4091 1473 4148 in
1498 4091 1597 4150 futuro
1621 4097 1731 4153 eterna
1746 4094 1824 4154 acci·

118 4174 188 4227 tuus
203 4187 348 4245 nemoque
358 4176 387 4229 te
397 4172 510 4245 eripere
524 4174 663 4246 potestde
673 4176 811 4234 manibus
822 4179 941 4236 uostris.
996 4179 1060 4252 pies
1075 4180 1204 4252 premia,
1220 4182 1249 4235 ct
1263 4178 1293 4234 in
1310 4178 1365 4237 boc
1391 4179 1497 4238 seculo
1522 4181 1628 4240 celebri
1649 4182 1825 4243 dilataberis

117 4259 198 4334 Elige
206 4275 274 4336 erge
285 4277 364 4318 nunc
376 4261 447 4334 quid
456 4260 629 4335 facias,quia
642 4263 699 4321 nisi
715 4264 766 4322 ilia
781 4281 846 4339 que
856 4268 942 4327 nobis
997 4268 1150 4325 memoria.

116 4348 251 4422 placeant
265 4350 384 4407 fatearis
396 4351 501 4408 amodo
513 4354 696 4421 tenatorum,
713 4353 761 4412 bic
775 4357 942 4431 praecipita·
1032 4361 1097 4414 fiee
1114 4356 1206 4431 igitur
1218 4358 1347 4416 secundo
1362 4358 1462 4416 dicens
1476 4359 1604 4430 evanuit,
1620 4377 1669 4419 me
1688 4361 1824 4421 dimna

117 4436 158 4495 ris
172 4437 202 4494 in
215 4438 422 4512 abyssum.rtet
432 4456 485 4513 ego
496 4440 557 4498 hec
571 4441 695 4499 audieus
710 4445 942 4517 angustiaundi-
955 4464 979 4530 p
994 4462 1049 4503 suc
1061 4446 1091 4502 in
1103 4447 1229 4503 maximo
1240 4447 1423 4505 constituens
1437 4446 1655 4521 pericuic.Nam
1672 4450 1826 4511 demones
1852 4468 1871 4507 a

116 4542 173 4600 que
187 4526 373 4601 deprimebar
386 4544 438 4601 pro
453 4544 487 4586 eo
500 4530 578 4603 quod
594 4545 688 4604 neque
701 4531 761 4589 illis
775 4536 940 4594 consentire
994 4535 1024 4591 iu
1039 4536 1104 4608 eJus
1112 4535 1230 4608 quidem
1241 4535 1397 4609 presentia
1405 4535 1480 4592 nibil
1490 4542 1593 4595 contra
1603 4554 1650 4595 me
1661 4555 1825 4611 presuma-

115 4632 211 4690 nequc
226 4615 359 4674 resistere
369 4621 467 4675 tutum
482 4635 547 4676 esse
562 4618 657 4677 rebar.
665 4620 847 4679 Recordabar
861 4625 939 4681 euim
993 4624 1082 4694 bant;
1099 4629 1254 4699 postquam
1270 4641 1335 4682 vero
1351 4625 1498 4693 discessit,
1509 4630 1593 4684 tauta
1607 4627 1639 4685 in
1655 4643 1704 4685 me
1718 4629 1871 4688 cruda-

115 4702 564 4781 licetmenteintirma,qoiatlde
572 4707 738 4766 certissima
747 4710 818 4767 olim
829 4713 939 4771 credidi
994 4711 1075 4771 litate
1087 4714 1244 4771 seviebant
1255 4718 1287 4771 ut
1302 4730 1336 4771 aa
1350 4731 1412 4788 que
1427 4715 1509 4788 prius
1520 4716 1646 4790 agebant
1658 4714 1737 4777 levia
1745 4718 1852 4778 vide-

113 4796 143 4849 et
157 4792 214 4866 legi
229 4799 322 4851 Deum
338 4796 446 4868 ubique
460 4801 634 4869 presentem
657 4814 721 4856 esse
745 4798 869 4874 ideoque
883 4803 939 4859 cir·
993 4807 1104 4875 rentur,
1120 4802 1249 4859 dicentes
1265 4819 1272 4859 :
1288 4801 1451 4876 Experieris
1468 4805 1608 4877 proiecto,
1625 4805 1699 4879 quid
1710 4806 1765 4866 ille
1779 4824 1856 4867 au·-

114 4881 276 4954 cumspexi,
292 4882 317 4940 sl
333 4882 416 4950 forte,
431 4888 464 4940 ut
478 4887 670 4954 credideram,
687 4887 805 4961 aliquod
825 4907 859 4946 ex
882 4896 938 4951 Deo
993 4907 1077 4948 surra
1092 4895 1163 4949 tuus
1175 4890 1229 4948 tibi
1242 4908 1411 4949 succurrere
1433 4894 1536 4966 possit.
1561 4893 1665 4952 Nonne
1690 4894 1834 4957 diximus

114 4965 280 5025 mitteretur
293 4967 545 5028 subsidiumcum
561 4977 658 5029 autem
670 4974 939 5036 intersedemoues
992 4978 1046 5035 tibi
1061 4984 1090 5037 et
1102 4981 1183 5053 prius
1200 4980 1269 5053 quia
1283 4996 1369 5037 nemc
1384 4982 1495 5054 eripere
1510 4988 1538 5039 te
1549 4982 1672 5041 valetde
1683 4984 1825 5045 manibus

116 5056 222 5114 acriter
236 5056 416 5128 insisterent,
427 5059 575 5132 exigentes
591 5077 608 5117 a
622 5078 669 5118 me
684 5063 753 5136 quid
765 5063 872 5140 eligere
882 5066 939 5124 vel·
992 5067 1122 5124 nostris?
1136 5071 1193 5126 Cur
1203 5069 1288 5126 nobis
1303 5068 1389 5127 toties
1401 5071 1504 5127 eadem
1519 5070 1687 5132 dicentibus
1698 5072 1822 5139 minima

112 5144 173 5203 lem
188 5146 225 5203 ds
238 5146 397 5220 proposito,
410 5152 439 5204 et
462 5147 492 5203 in
515 5165 548 5204 eo
570 5166 643 5223 pene
667 5168 714 5209 res
735 5158 813 5211 esset
826 5159 859 5212 ut
874 5173 937 5229 que
992 5157 1105 5213 credis?
1122 5156 1171 5214 tila
1186 5157 1322 5215 seductor
1346 5162 1419 5216 tuus
1440 5160 1527 5217 modo
1544 5161 1622 5231 fecit,
1638 5161 1720 5221 sicut
1733 5162 1817 5227 suan

113 5233 170 5291 sibi
185 5235 292 5308 placita
308 5236 402 5293 forem
416 5251 463 5293 me
479 5241 937 5317 acturumpromitterem,subitc
992 5245 1075 5318 prius
1101 5247 1216 5321 fugiens
1241 5264 1305 5304 nos.
1330 5247 1504 5306 Audivimus
1529 5266 1658 5324 namque
1682 5250 1818 5325 quedem

113 5322 234 5396 quidam
248 5324 386 5382 virviam
401 5331 446 5383 est
460 5343 550 5402 prope
564 5344 610 5386 me
621 5335 700 5387 stare
715 5331 815 5391 dicens
828 5351 835 5390 ι
847 5335 888 5392 Ne
898 5336 938 5392 fa·
992 5351 1100 5411 magna
1112 5335 1165 5393 tibi
1181 5336 1411 5409 promittentem,
1426 5338 1538 5396 scilicet
1552 5342 1594 5409 ut,
1613 5338 1639 5398 si
1655 5340 1723 5415 ejus
1739 5340 1821 5403 sedu-

112 5411 174 5470 cias
189 5428 254 5485 que
268 5412 463 5490 compelleris,
478 5417 620 5491 quianon
636 5423 823 5481 conveniunt.
832 5423 939 5482 Omnia
992 5425 1137 5483 ctiouibus
1148 5426 1344 5501 obtemperes,
1359 5424 1503 5485 celebrem
1519 5432 1548 5486 te
1563 5427 1626 5485 deri
1642 5428 1675 5486 in
1689 5429 1818 5509 mund03

111 5500 191 5588 euim
201 5505 272 5575 suut
285 5502 361 5563 falsa
374 5520 438 5583 que
452 5506 489 5567 ab
504 5505 552 5567 bis
565 5506 703 5591 pessimis
733 5512 937 5579 seductcdbus
991 5517 1110 5579 econtra
1122 5530 1189 5575 vero
1204 5531 1258 5577 noa
1272 5515 1326 5579 tibi
1340 5515 1468 5579 dicimus
1481 5519 1511 5576 et
1525 5516 1647 5588 omniuo
1665 5517 1822 5611 denwth-
