<?xml version="1.0" encoding="UTF-8"?>
<!DOCTYPE html PUBLIC "-//W3C//DTD XHTML 1.0 Transitional//EN"
    "http://www.w3.org/TR/xhtml1/DTD/xhtml1-transitional.dtd">
<html xmlns="http://www.w3.org/1999/xhtml" xml:lang="en" lang="en">
 <head>
  <title>
</title>
<meta http-equiv="Content-Type" content="text/html;charset=utf-8" />
  <meta name='ocr-system' content='tesseract 3.04.00' />
  <meta name='ocr-capabilities' content='ocr_page ocr_carea ocr_par ocr_line ocrx_word'/>
</head>
<body>
  <div class='ocr_page' id='page_1' title='image "./patrologiaecurs01unkngoog_0113.png"; bbox 0 0 3892 6096; ppageno 0'>
   <div class='ocr_carea' id='block_1_1' title="bbox 148 342 1860 425">
    <p class='ocr_par' dir='ltr' id='par_1_1' title="bbox 148 342 1860 425">
     <span class='ocr_line' id='line_1_1' title="bbox 148 342 1860 425; baseline -0.002 -2"><span class='ocrx_word' id='word_1_1' title='bbox 148 356 208 423; x_wconf 79' lang='lat' dir='ltr'><strong>aaa</strong></span> <span class='ocrx_word' id='word_1_2' title='bbox 650 356 822 425; x_wconf 79' lang='lat' dir='ltr'><strong>onsnour</strong></span> <span class='ocrx_word' id='word_1_3' title='bbox 844 342 1022 423; x_wconf 75' lang='lat' dir='ltr'><strong>aculam</strong></span> <span class='ocrx_word' id='word_1_4' title='bbox 1046 345 1335 422; x_wconf 60' lang='lat' dir='ltr'><strong>sssauuseauen</strong></span> <span class='ocrx_word' id='word_1_5' title='bbox 1797 352 1860 420; x_wconf 82' lang='lat' dir='ltr'><strong>arc</strong></span> 
     </span>
    </p>
   </div>
   <div class='ocr_carea' id='block_1_2' title="bbox 79 487 1882 5733">
    <p class='ocr_par' dir='ltr' id='par_1_2' title="bbox 146 487 1868 2880">
     <span class='ocr_line' id='line_1_2' title="bbox 148 487 1858 567; baseline -0.004 -13"><span class='ocrx_word' id='word_1_6' title='bbox 148 492 224 554; x_wconf 87' lang='lat' dir='ltr'><strong>Nam</strong></span> <span class='ocrx_word' id='word_1_7' title='bbox 239 493 302 552; x_wconf 89' lang='lat' dir='ltr'><strong>crte</strong></span> <span class='ocrx_word' id='word_1_8' title='bbox 317 490 413 560; x_wconf 89' lang='lat' dir='ltr'><strong>solita,</strong></span> <span class='ocrx_word' id='word_1_9' title='bbox 434 492 470 550; x_wconf 92' lang='lat' dir='ltr'><strong>ad</strong></span> <span class='ocrx_word' id='word_1_10' title='bbox 491 492 710 567; x_wconf 87' lang='lat' dir='ltr'><strong>deperationcm</strong></span> <span class='ocrx_word' id='word_1_11' title='bbox 737 510 784 550; x_wconf 87' lang='lat' dir='ltr'><strong>me</strong></span> <span class='ocrx_word' id='word_1_12' title='bbox 806 492 974 565; x_wconf 76' lang='lat' dir='ltr'><strong>pertrahere</strong></span> <span class='ocrx_word' id='word_1_13' title='bbox 987 492 1015 560; x_wconf 73' lang='lat' dir='ltr'>A</span> <span class='ocrx_word' id='word_1_14' title='bbox 1029 507 1110 561; x_wconf 85' lang='lat' dir='ltr'><strong>xvrrr,</strong></span> <span class='ocrx_word' id='word_1_15' title='bbox 1125 491 1164 563; x_wconf 89' lang='grc'><strong>3).</strong></span> <span class='ocrx_word' id='word_1_16' title='bbox 1181 491 1331 564; x_wconf 88' lang='lat' dir='ltr'><strong>Numquid</strong></span> <span class='ocrx_word' id='word_1_17' title='bbox 1347 494 1376 547; x_wconf 94' lang='lat' dir='ltr'><strong>et</strong></span> <span class='ocrx_word' id='word_1_18' title='bbox 1389 489 1444 547; x_wconf 94' lang='lat' dir='ltr'><strong>hoc</strong></span> <span class='ocrx_word' id='word_1_19' title='bbox 1458 492 1488 546; x_wconf 87' lang='lat' dir='ltr'><strong>te</strong></span> <span class='ocrx_word' id='word_1_20' title='bbox 1502 491 1609 558; x_wconf 88' lang='lat' dir='ltr'><strong>movet,</strong></span> <span class='ocrx_word' id='word_1_21' title='bbox 1631 488 1708 562; x_wconf 93' lang='lat' dir='ltr'><strong>quod</strong></span> <span class='ocrx_word' id='word_1_22' title='bbox 1723 487 1858 548; x_wconf 73' lang='lat' dir='ltr'><strong>Ezechiel</strong></span> 
     </span>
     <span class='ocr_line' id='line_1_3' title="bbox 148 579 1859 655; baseline -0.002 -13"><span class='ocrx_word' id='word_1_23' title='bbox 148 582 274 651; x_wconf 83' lang='lat' dir='ltr'><strong>studuit,</strong></span> <span class='ocrx_word' id='word_1_24' title='bbox 283 581 432 655; x_wconf 90' lang='lat' dir='ltr'><strong>inspirans</strong></span> <span class='ocrx_word' id='word_1_25' title='bbox 442 580 576 639; x_wconf 87' lang='lat' dir='ltr'><strong>videlicet</strong></span> <span class='ocrx_word' id='word_1_26' title='bbox 584 581 734 640; x_wconf 89' lang='lat' dir='ltr'><strong>incassum</strong></span> <span class='ocrx_word' id='word_1_27' title='bbox 744 598 792 639; x_wconf 89' lang='lat' dir='ltr'><strong>me</strong></span> <span class='ocrx_word' id='word_1_28' title='bbox 802 579 974 639; x_wconf 89' lang='lat' dir='ltr'><strong>talemvelle</strong></span> <span class='ocrx_word' id='word_1_29' title='bbox 1028 580 1172 654; x_wconf 90' lang='lat' dir='ltr'><strong>propheta</strong></span> <span class='ocrx_word' id='word_1_30' title='bbox 1186 580 1393 648; x_wconf 90' lang='lat' dir='ltr'><strong>comminatur;</strong></span> <span class='ocrx_word' id='word_1_31' title='bbox 1409 579 1527 637; x_wconf 88' lang='lat' dir='ltr'><strong>dicens:</strong></span> <span class='ocrx_word' id='word_1_32' title='bbox 1543 580 1646 635; x_wconf 80' lang='lat' dir='ltr'><strong>Anima</strong></span> <span class='ocrx_word' id='word_1_33' title='bbox 1661 595 1859 652; x_wconf 80' lang='lat' dir='ltr'><strong>qaaepecaove-</strong></span> 
     </span>
     <span class='ocr_line' id='line_1_4' title="bbox 150 668 1859 745; baseline -0.002 -14"><span class='ocrx_word' id='word_1_34' title='bbox 150 670 266 740; x_wconf 73' lang='lat' dir='ltr'><strong>reverti,</strong></span> <span class='ocrx_word' id='word_1_35' title='bbox 283 671 334 745; x_wconf 90' lang='lat' dir='ltr'><strong>qui</strong></span> <span class='ocrx_word' id='word_1_36' title='bbox 352 670 444 728; x_wconf 88' lang='lat' dir='ltr'><strong>tantis</strong></span> <span class='ocrx_word' id='word_1_37' title='bbox 468 670 641 728; x_wconf 82' lang='lat' dir='ltr'><strong>criminibus</strong></span> <span class='ocrx_word' id='word_1_38' title='bbox 666 670 723 727; x_wconf 90' lang='lat' dir='ltr'><strong>sim</strong></span> <span class='ocrx_word' id='word_1_39' title='bbox 745 670 925 742; x_wconf 83' lang='lat' dir='ltr'><strong>implicatus,</strong></span> <span class='ocrx_word' id='word_1_40' title='bbox 942 675 976 726; x_wconf 93' lang='lat' dir='ltr'><strong>ut</strong></span> <span class='ocrx_word' id='word_1_41' title='bbox 1027 670 1076 738; x_wconf 84' lang='lat' dir='ltr'><strong>rit,</strong></span> <span class='ocrx_word' id='word_1_42' title='bbox 1092 669 1442 742; x_wconf 68' lang='lat' dir='ltr'><strong>ipscmore&#39;etar‘lillzech.</strong></span> <span class='ocrx_word' id='word_1_43' title='bbox 1453 668 1645 739; x_wconf 83' lang='lat' dir='ltr'><strong>xvur,20.)Si</strong></span> <span class='ocrx_word' id='word_1_44' title='bbox 1657 669 1859 742; x_wconf 87' lang='lat' dir='ltr'><strong>enimomnis,</strong></span> 
     </span>
     <span class='ocr_line' id='line_1_5' title="bbox 154 756 1858 834; baseline -0.001 -14"><span class='ocrx_word' id='word_1_45' title='bbox 154 758 670 834; x_wconf 85' lang='lat' dir='ltr'><strong>nouaclumprincipibus,scdetiam</strong></span> <span class='ocrx_word' id='word_1_46' title='bbox 677 758 858 816; x_wconf 79' lang='lat' dir='ltr'><strong>multitudini</strong></span> <span class='ocrx_word' id='word_1_47' title='bbox 868 763 974 816; x_wconf 82' lang='lat' dir='ltr'><strong>catera</strong></span> <span class='ocrx_word' id='word_1_48' title='bbox 1028 757 1078 832; x_wconf 92' lang='lat' dir='ltr'><strong>qui</strong></span> <span class='ocrx_word' id='word_1_49' title='bbox 1094 763 1203 831; x_wconf 89' lang='lat' dir='ltr'><strong>peccat,</strong></span> <span class='ocrx_word' id='word_1_50' title='bbox 1219 757 1307 815; x_wconf 91' lang='lat' dir='ltr'><strong>morti</strong></span> <span class='ocrx_word' id='word_1_51' title='bbox 1323 756 1498 829; x_wconf 89' lang='lat' dir='ltr'><strong>subjacebit,</strong></span> <span class='ocrx_word' id='word_1_52' title='bbox 1518 757 1646 829; x_wconf 87' lang='lat' dir='ltr'><strong>proiecto</strong></span> <span class='ocrx_word' id='word_1_53' title='bbox 1657 756 1858 818; x_wconf 89' lang='lat' dir='ltr'><strong>nullushomo</strong></span> 
     </span>
     <span class='ocr_line' id='line_1_6' title="bbox 150 845 1858 925; baseline -0.002 -16"><span class='ocrx_word' id='word_1_54' title='bbox 150 848 283 925; x_wconf 77' lang='lat' dir='ltr'><strong>ipsisque</strong></span> <span class='ocrx_word' id='word_1_55' title='bbox 293 847 382 907; x_wconf 91' lang='lat' dir='ltr'><strong>simul</strong></span> <span class='ocrx_word' id='word_1_56' title='bbox 392 849 601 923; x_wconf 89' lang='lat' dir='ltr'><strong>parentibuset</strong></span> <span class='ocrx_word' id='word_1_57' title='bbox 611 849 744 923; x_wconf 86' lang='lat' dir='ltr'><strong>cognatis</strong></span> <span class='ocrx_word' id='word_1_58' title='bbox 752 865 857 906; x_wconf 85' lang='lat' dir='ltr'><strong>exosus</strong></span> <span class='ocrx_word' id='word_1_59' title='bbox 868 863 974 905; x_wconf 87' lang='lat' dir='ltr'><strong>essem.</strong></span> <span class='ocrx_word' id='word_1_60' title='bbox 1028 846 1128 904; x_wconf 87' lang='lat' dir='ltr'><strong>salvus</strong></span> <span class='ocrx_word' id='word_1_61' title='bbox 1140 847 1195 904; x_wconf 88' lang='lat' dir='ltr'><strong>erit</strong></span> <span class='ocrx_word' id='word_1_62' title='bbox 1205 865 1212 915; x_wconf 90' lang='lat'>;</span> <span class='ocrx_word' id='word_1_63' title='bbox 1224 846 1294 920; x_wconf 90' lang='lat' dir='ltr'><strong>quia</strong></span> <span class='ocrx_word' id='word_1_64' title='bbox 1304 862 1390 903; x_wconf 89' lang='lat' dir='ltr'><strong>nemo</strong></span> <span class='ocrx_word' id='word_1_65' title='bbox 1407 845 1518 919; x_wconf 88' lang='lat' dir='ltr'><strong>absque</strong></span> <span class='ocrx_word' id='word_1_66' title='bbox 1538 850 1657 919; x_wconf 89' lang='lat' dir='ltr'><strong>peccato</strong></span> <span class='ocrx_word' id='word_1_67' title='bbox 1667 846 1791 903; x_wconf 90' lang='lat' dir='ltr'><strong>inveniri</strong></span> <span class='ocrx_word' id='word_1_68' title='bbox 1805 866 1858 922; x_wconf 93' lang='lat' dir='ltr'><strong>pc·</strong></span> 
     </span>
     <span class='ocr_line' id='line_1_7' title="bbox 149 933 1857 1012; baseline 0.001 -20"><span class='ocrx_word' id='word_1_69' title='bbox 149 938 532 1012; x_wconf 79' lang='lat' dir='ltr'><strong>«Putasne,inquit,uttam</strong></span> <span class='ocrx_word' id='word_1_70' title='bbox 540 938 975 1012; x_wconf 86' lang='lat' dir='ltr'><strong>sceleratushcmoapudileum</strong></span> <span class='ocrx_word' id='word_1_71' title='bbox 1028 939 1095 993; x_wconf 88' lang='lat' dir='ltr'><strong>test.</strong></span> <span class='ocrx_word' id='word_1_72' title='bbox 1107 937 1209 993; x_wconf 90' lang='lat' dir='ltr'><strong>Nonne</strong></span> <span class='ocrx_word' id='word_1_73' title='bbox 1221 933 1392 992; x_wconf 88' lang='lat' dir='ltr'><strong>similiteret</strong></span> <span class='ocrx_word' id='word_1_74' title='bbox 1402 934 1483 990; x_wconf 92' lang='lat' dir='ltr'><strong>illam</strong></span> <span class='ocrx_word' id='word_1_75' title='bbox 1493 933 1658 992; x_wconf 90' lang='lat' dir='ltr'><strong>mirabilem</strong></span> <span class='ocrx_word' id='word_1_76' title='bbox 1669 936 1857 1009; x_wconf 80' lang='lat' dir='ltr'><strong>sententiam,</strong></span> 
     </span>
     <span class='ocr_line' id='line_1_8' title="bbox 146 1023 1860 1103; baseline -0.002 -17"><span class='ocrx_word' id='word_1_77' title='bbox 146 1028 280 1103; x_wconf 80' lang='lat' dir='ltr'><strong>judicem</strong></span> <span class='ocrx_word' id='word_1_78' title='bbox 295 1027 547 1086; x_wconf 88' lang='lat' dir='ltr'><strong>districtissimum</strong></span> <span class='ocrx_word' id='word_1_79' title='bbox 561 1029 677 1085; x_wconf 89' lang='lat' dir='ltr'><strong>veniam</strong></span> <span class='ocrx_word' id='word_1_80' title='bbox 692 1028 786 1101; x_wconf 88' lang='lat' dir='ltr'><strong>possit</strong></span> <span class='ocrx_word' id='word_1_81' title='bbox 805 1027 975 1101; x_wconf 89' lang='lat' dir='ltr'><strong>promereri,</strong></span> <span class='ocrx_word' id='word_1_82' title='bbox 1007 1062 1012 1077; x_wconf 86' lang='lat'><strong><em>.</em></strong></span> <span class='ocrx_word' id='word_1_83' title='bbox 1031 1041 1120 1098; x_wconf 86' lang='lat' dir='ltr'><strong>quam</strong></span> <span class='ocrx_word' id='word_1_84' title='bbox 1134 1023 1222 1098; x_wconf 91' lang='lat' dir='ltr'><strong>paulo</strong></span> <span class='ocrx_word' id='word_1_85' title='bbox 1235 1024 1389 1098; x_wconf 87' lang='lat' dir='ltr'><strong>postidern</strong></span> <span class='ocrx_word' id='word_1_86' title='bbox 1399 1023 1543 1096; x_wconf 79' lang='lat' dir='ltr'><strong>Propheta</strong></span> <span class='ocrx_word' id='word_1_87' title='bbox 1553 1023 1633 1096; x_wconf 90' lang='lat' dir='ltr'><strong>dicit,</strong></span> <span class='ocrx_word' id='word_1_88' title='bbox 1646 1028 1700 1081; x_wconf 89' lang='lat' dir='ltr'><strong>tua</strong></span> <span class='ocrx_word' id='word_1_89' title='bbox 1719 1041 1803 1082; x_wconf 91' lang='lat' dir='ltr'><strong>mens</strong></span> <span class='ocrx_word' id='word_1_90' title='bbox 1813 1031 1860 1083; x_wconf 89' lang='lat' dir='ltr'><strong>at-</strong></span> 
     </span>
     <span class='ocr_line' id='line_1_9' title="bbox 151 1114 1860 1192; baseline -0.002 -17"><span class='ocrx_word' id='word_1_91' title='bbox 151 1117 405 1192; x_wconf 89' lang='lat' dir='ltr'><strong>quandoquidem,</strong></span> <span class='ocrx_word' id='word_1_92' title='bbox 433 1118 511 1175; x_wconf 88' lang='lat' dir='ltr'><strong>sicut</strong></span> <span class='ocrx_word' id='word_1_93' title='bbox 543 1117 685 1190; x_wconf 85' lang='lat' dir='ltr'><strong>scripturn</strong></span> <span class='ocrx_word' id='word_1_94' title='bbox 714 1122 777 1174; x_wconf 89' lang='lat' dir='ltr'><strong>est:</strong></span> <span class='ocrx_word' id='word_1_95' title='bbox 811 1119 860 1174; x_wconf 78' lang='lat' dir='ltr'><strong>Vis</strong></span> <span class='ocrx_word' id='word_1_96' title='bbox 888 1117 977 1185; x_wconf 78' lang='lat' dir='ltr'><strong>iustas</strong></span> <span class='ocrx_word' id='word_1_97' title='bbox 1030 1115 1146 1172; x_wconf 79' lang='lat' dir='ltr'><strong>tendit?</strong></span> <span class='ocrx_word' id='word_1_98' title='bbox 1161 1115 1302 1187; x_wconf 88' lang='lat' dir='ltr'><strong>aitergc:</strong></span> <span class='ocrx_word' id='word_1_99' title='bbox 1319 1114 1860 1187; x_wconf 78' lang='lat' dir='ltr'><strong>Sioverteritsejustusojuatitiasuo‚</strong></span> 
     </span>
     <span class='ocr_line' id='line_1_10' title="bbox 149 1203 1863 1281; baseline -0.002 -16"><span class='ocrx_word' id='word_1_100' title='bbox 149 1206 304 1265; x_wconf 73' lang='lat' dir='ltr'><strong>salvabitur</strong></span> <span class='ocrx_word' id='word_1_101' title='bbox 315 1210 328 1261; x_wconf 85' lang='lat'><strong><em>?</em></strong></span> <span class='ocrx_word' id='word_1_102' title='bbox 341 1208 364 1281; x_wconf 88' lang='lat' dir='ltr'><strong>(i</strong></span> <span class='ocrx_word' id='word_1_103' title='bbox 378 1212 454 1273; x_wconf 76' lang='lat' dir='ltr'><strong>Patr,</strong></span> <span class='ocrx_word' id='word_1_104' title='bbox 470 1203 738 1280; x_wconf 65' lang='lat' dir='ltr'><strong>relaturorum</strong></span> <span class='ocrx_word' id='word_1_105' title='bbox 753 1221 821 1279; x_wconf 87' lang='lat' dir='ltr'><strong>argo</strong></span> <span class='ocrx_word' id='word_1_106' title='bbox 836 1222 902 1278; x_wconf 78' lang='lat' dir='ltr'><strong>qua</strong></span> <span class='ocrx_word' id='word_1_107' title='bbox 918 1221 975 1261; x_wconf 93' lang='lat' dir='ltr'><strong>non</strong></span> <span class='ocrx_word' id='word_1_108' title='bbox 1030 1207 1057 1260; x_wconf 86' lang='lat' dir='ltr'><strong>et</strong></span> <span class='ocrx_word' id='word_1_109' title='bbox 1070 1204 1166 1275; x_wconf 70' lang='lat' dir='ltr'><strong>sacerd</strong></span> <span class='ocrx_word' id='word_1_110' title='bbox 1181 1205 1368 1276; x_wconf 78' lang='lat' dir='ltr'><strong>iniquitatem.</strong></span> <span class='ocrx_word' id='word_1_111' title='bbox 1390 1218 1482 1260; x_wconf 83' lang='lat' dir='ltr'><strong>omnes</strong></span> <span class='ocrx_word' id='word_1_112' title='bbox 1500 1203 1620 1274; x_wconf 76' lang='lat' dir='ltr'><strong>justitie</strong></span> <span class='ocrx_word' id='word_1_113' title='bbox 1648 1207 1710 1277; x_wconf 82' lang='lat' dir='ltr'><strong>ejas</strong></span> <span class='ocrx_word' id='word_1_114' title='bbox 1733 1208 1816 1261; x_wconf 79' lang='lat' dir='ltr'><strong>erant</strong></span> <span class='ocrx_word' id='word_1_115' title='bbox 1828 1206 1863 1261; x_wconf 81' lang='lat' dir='ltr'><strong>in</strong></span> 
     </span>
     <span class='ocr_line' id='line_1_11' title="bbox 152 1290 1865 1370; baseline -0.002 -16"><span class='ocrx_word' id='word_1_116' title='bbox 152 1300 224 1354; x_wconf 91' lang='lat' dir='ltr'><strong>sunt</strong></span> <span class='ocrx_word' id='word_1_117' title='bbox 234 1296 395 1370; x_wconf 82' lang='lat' dir='ltr'><strong>cupienda3</strong></span> <span class='ocrx_word' id='word_1_118' title='bbox 409 1297 459 1353; x_wconf 89' lang='lat' dir='ltr'><strong>sed</strong></span> <span class='ocrx_word' id='word_1_119' title='bbox 470 1296 612 1369; x_wconf 90' lang='lat' dir='ltr'><strong>potiusad</strong></span> <span class='ocrx_word' id='word_1_120' title='bbox 626 1294 780 1352; x_wconf 89' lang='lat' dir='ltr'><strong>ealahoris</strong></span> <span class='ocrx_word' id='word_1_121' title='bbox 792 1295 834 1351; x_wconf 94' lang='lat' dir='ltr'><strong>tui</strong></span> <span class='ocrx_word' id='word_1_122' title='bbox 844 1295 977 1351; x_wconf 87' lang='lat' dir='ltr'><strong>studium</strong></span> <span class='ocrx_word' id='word_1_123' title='bbox 1031 1293 1196 1350; x_wconf 81' lang='lat' dir='ltr'><strong>oblivionem</strong></span> <span class='ocrx_word' id='word_1_124' title='bbox 1210 1293 1307 1366; x_wconf 76' lang='lat' dir='ltr'><strong>(laid,</strong></span> <span class='ocrx_word' id='word_1_125' title='bbox 1320 1293 1378 1363; x_wconf 77' lang='lat'><strong>24).</strong></span> <span class='ocrx_word' id='word_1_126' title='bbox 1393 1291 1467 1348; x_wconf 83' lang='lat' dir='ltr'><strong>ilinc</strong></span> <span class='ocrx_word' id='word_1_127' title='bbox 1482 1292 1618 1365; x_wconf 89' lang='lat' dir='ltr'><strong>estquod</strong></span> <span class='ocrx_word' id='word_1_128' title='bbox 1635 1290 1685 1348; x_wconf 91' lang='lat' dir='ltr'><strong>ille</strong></span> <span class='ocrx_word' id='word_1_129' title='bbox 1699 1292 1793 1350; x_wconf 82' lang='lat' dir='ltr'><strong>ludas</strong></span> <span class='ocrx_word' id='word_1_130' title='bbox 1804 1297 1865 1351; x_wconf 88' lang='lat' dir='ltr'><strong>tra·</strong></span> 
     </span>
     <span class='ocr_line' id='line_1_12' title="bbox 152 1380 1863 1458; baseline -0.003 -14"><span class='ocrx_word' id='word_1_131' title='bbox 152 1389 288 1444; x_wconf 85' lang='lat' dir='ltr'><strong>converte</strong></span> <span class='ocrx_word' id='word_1_132' title='bbox 302 1401 366 1458; x_wconf 83' lang='lat' dir='ltr'><strong>qua</strong></span> <span class='ocrx_word' id='word_1_133' title='bbox 382 1385 487 1443; x_wconf 90' lang='lat' dir='ltr'><strong>amodo</strong></span> <span class='ocrx_word' id='word_1_134' title='bbox 503 1385 599 1458; x_wconf 92' lang='lat' dir='ltr'><strong>possis</strong></span> <span class='ocrx_word' id='word_1_135' title='bbox 623 1383 764 1441; x_wconf 89' lang='lat' dir='ltr'><strong>obtinere.</strong></span> <span class='ocrx_word' id='word_1_136' title='bbox 788 1383 818 1439; x_wconf 91' lang='lat' dir='ltr'><strong>si</strong></span> <span class='ocrx_word' id='word_1_137' title='bbox 833 1383 911 1440; x_wconf 92' lang='lat' dir='ltr'><strong>enim</strong></span> <span class='ocrx_word' id='word_1_138' title='bbox 926 1383 977 1450; x_wconf 89' lang='lat' dir='ltr'><strong>ita,</strong></span> <span class='ocrx_word' id='word_1_139' title='bbox 1032 1381 1109 1438; x_wconf 91' lang='lat' dir='ltr'><strong>ditor</strong></span> <span class='ocrx_word' id='word_1_140' title='bbox 1120 1382 1248 1451; x_wconf 89' lang='lat' dir='ltr'><strong>Domini,</strong></span> <span class='ocrx_word' id='word_1_141' title='bbox 1261 1400 1329 1439; x_wconf 91' lang='lat' dir='ltr'><strong>cum</strong></span> <span class='ocrx_word' id='word_1_142' title='bbox 1340 1381 1395 1438; x_wconf 90' lang='lat' dir='ltr'><strong>hoc</strong></span> <span class='ocrx_word' id='word_1_143' title='bbox 1405 1398 1498 1438; x_wconf 91' lang='lat' dir='ltr'><strong>unum</strong></span> <span class='ocrx_word' id='word_1_144' title='bbox 1510 1380 1677 1439; x_wconf 88' lang='lat' dir='ltr'><strong>traditionis</strong></span> <span class='ocrx_word' id='word_1_145' title='bbox 1685 1382 1797 1439; x_wconf 88' lang='lat' dir='ltr'><strong>crimen</strong></span> <span class='ocrx_word' id='word_1_146' title='bbox 1809 1383 1863 1440; x_wconf 92' lang='lat' dir='ltr'><strong>ad·</strong></span> 
     </span>
     <span class='ocr_line' id='line_1_13' title="bbox 153 1470 1864 1545; baseline -0.002 -13"><span class='ocrx_word' id='word_1_147' title='bbox 153 1478 187 1533; x_wconf 91' lang='lat' dir='ltr'><strong>ut</strong></span> <span class='ocrx_word' id='word_1_148' title='bbox 200 1479 232 1531; x_wconf 93' lang='lat' dir='ltr'><strong>tu</strong></span> <span class='ocrx_word' id='word_1_149' title='bbox 248 1473 439 1531; x_wconf 76' lang='lat' dir='ltr'><strong>stolidissime</strong></span> <span class='ocrx_word' id='word_1_150' title='bbox 453 1473 593 1543; x_wconf 80' lang='lat' dir='ltr'><strong>metimus,</strong></span> <span class='ocrx_word' id='word_1_151' title='bbox 608 1473 896 1530; x_wconf 89' lang='lat' dir='ltr'><strong>omnibusconoessa</strong></span> <span class='ocrx_word' id='word_1_152' title='bbox 906 1472 980 1529; x_wconf 85' lang='lat' dir='ltr'><strong>ioret</strong></span> <span class='ocrx_word' id='word_1_153' title='bbox 1033 1471 1175 1543; x_wconf 87' lang='lat' dir='ltr'><strong>misisset,</strong></span> <span class='ocrx_word' id='word_1_154' title='bbox 1192 1476 1259 1544; x_wconf 91' lang='lat' dir='ltr'><strong>post</strong></span> <span class='ocrx_word' id='word_1_155' title='bbox 1271 1470 1447 1527; x_wconf 86' lang='lat' dir='ltr'><strong>multimoda</strong></span> <span class='ocrx_word' id='word_1_156' title='bbox 1457 1470 1582 1542; x_wconf 83' lang='lat' dir='ltr'><strong>justitia</strong></span> <span class='ocrx_word' id='word_1_157' title='bbox 1597 1487 1686 1545; x_wconf 89' lang='lat' dir='ltr'><strong>opera</strong></span> <span class='ocrx_word' id='word_1_158' title='bbox 1701 1470 1864 1529; x_wconf 81' lang='lat' dir='ltr'><strong>demontus</strong></span> 
     </span>
     <span class='ocr_line' id='line_1_14' title="bbox 153 1559 1864 1636; baseline -0.003 -15"><span class='ocrx_word' id='word_1_159' title='bbox 153 1562 326 1636; x_wconf 79' lang='lat' dir='ltr'><strong>huiusmodi</strong></span> <span class='ocrx_word' id='word_1_160' title='bbox 341 1561 466 1620; x_wconf 80' lang='lat' dir='ltr'><strong>facultas</strong></span> <span class='ocrx_word' id='word_1_161' title='bbox 486 1566 518 1619; x_wconf 91' lang='lat' dir='ltr'><strong>ut</strong></span> <span class='ocrx_word' id='word_1_162' title='bbox 544 1562 655 1621; x_wconf 89' lang='lat' dir='ltr'><strong>seilicet</strong></span> <span class='ocrx_word' id='word_1_163' title='bbox 678 1563 714 1619; x_wconf 89' lang='lat' dir='ltr'><strong>ad</strong></span> <span class='ocrx_word' id='word_1_164' title='bbox 738 1578 829 1636; x_wconf 87' lang='lat' dir='ltr'><strong>regna</strong></span> <span class='ocrx_word' id='word_1_165' title='bbox 851 1561 980 1619; x_wconf 78' lang='lat' dir='ltr'><strong>caelestia</strong></span> <span class='ocrx_word' id='word_1_166' title='bbox 1033 1559 1864 1633; x_wconf 80' lang='lat' dir='ltr'><strong>cst.attendeadhucetaliadncmaximahujusraticnis</strong></span> 
     </span>
     <span class='ocr_line' id='line_1_15' title="bbox 154 1648 1864 1725; baseline -0.001 -15"><span class='ocrx_word' id='word_1_167' title='bbox 154 1656 217 1711; x_wconf 86' lang='lat' dir='ltr'><strong>tam</strong></span> <span class='ocrx_word' id='word_1_168' title='bbox 227 1667 381 1725; x_wconf 86' lang='lat' dir='ltr'><strong>perversus</strong></span> <span class='ocrx_word' id='word_1_169' title='bbox 393 1650 859 1725; x_wconf 87' lang='lat' dir='ltr'><strong>quamjustushcmcpertiugere</strong></span> <span class='ocrx_word' id='word_1_170' title='bbox 869 1655 978 1724; x_wconf 90' lang='lat' dir='ltr'><strong>posset,</strong></span> <span class='ocrx_word' id='word_1_171' title='bbox 1033 1651 1178 1723; x_wconf 83' lang='lat' dir='ltr'><strong>exempta,</strong></span> <span class='ocrx_word' id='word_1_172' title='bbox 1194 1651 1223 1707; x_wconf 92' lang='lat' dir='ltr'><strong>in</strong></span> <span class='ocrx_word' id='word_1_173' title='bbox 1239 1650 1348 1723; x_wconf 91' lang='lat' dir='ltr'><strong>quibus</strong></span> <span class='ocrx_word' id='word_1_174' title='bbox 1358 1650 1475 1722; x_wconf 91' lang='lat' dir='ltr'><strong>probari</strong></span> <span class='ocrx_word' id='word_1_175' title='bbox 1486 1653 1515 1705; x_wconf 90' lang='lat' dir='ltr'><strong>et</strong></span> <span class='ocrx_word' id='word_1_176' title='bbox 1530 1648 1645 1706; x_wconf 83' lang='lat' dir='ltr'><strong>definiri</strong></span> <span class='ocrx_word' id='word_1_177' title='bbox 1656 1652 1753 1722; x_wconf 85' lang='lat' dir='ltr'><strong>potest</strong></span> <span class='ocrx_word' id='word_1_178' title='bbox 1764 1650 1864 1708; x_wconf 90' lang='lat' dir='ltr'><strong>omnis</strong></span> 
     </span>
     <span class='ocr_line' id='line_1_16' title="bbox 154 1736 1864 1815; baseline -0.002 -16"><span class='ocrx_word' id='word_1_179' title='bbox 154 1757 342 1815; x_wconf 85' lang='lat' dir='ltr'><strong>nequaquam</strong></span> <span class='ocrx_word' id='word_1_180' title='bbox 357 1741 509 1815; x_wconf 88' lang='lat' dir='ltr'><strong>apostolus</strong></span> <span class='ocrx_word' id='word_1_181' title='bbox 523 1740 572 1797; x_wconf 92' lang='lat' dir='ltr'><strong>ille</strong></span> <span class='ocrx_word' id='word_1_182' title='bbox 594 1739 857 1797; x_wconf 84' lang='lat' dir='ltr'><strong>excellentissimus</strong></span> <span class='ocrx_word' id='word_1_183' title='bbox 872 1739 980 1796; x_wconf 89' lang='lat' dir='ltr'><strong>Paulus</strong></span> <span class='ocrx_word' id='word_1_184' title='bbox 1035 1742 1135 1796; x_wconf 90' lang='lat' dir='ltr'><strong>nostra</strong></span> <span class='ocrx_word' id='word_1_185' title='bbox 1148 1739 1302 1796; x_wconf 89' lang='lat' dir='ltr'><strong>sententia.</strong></span> <span class='ocrx_word' id='word_1_186' title='bbox 1315 1739 1433 1812; x_wconf 80' lang='lat' dir='ltr'><strong>Legitur</strong></span> <span class='ocrx_word' id='word_1_187' title='bbox 1443 1738 1521 1794; x_wconf 88' lang='lat' dir='ltr'><strong>enim</strong></span> <span class='ocrx_word' id='word_1_188' title='bbox 1532 1737 1562 1794; x_wconf 94' lang='lat' dir='ltr'><strong>in</strong></span> <span class='ocrx_word' id='word_1_189' title='bbox 1579 1737 1670 1795; x_wconf 82' lang='lat' dir='ltr'><strong>Exodi</strong></span> <span class='ocrx_word' id='word_1_190' title='bbox 1687 1736 1775 1807; x_wconf 90' lang='lat' dir='ltr'><strong>libro,</strong></span> <span class='ocrx_word' id='word_1_191' title='bbox 1792 1738 1864 1811; x_wconf 89' lang='lat' dir='ltr'><strong>quia</strong></span> 
     </span>
     <span class='ocr_line' id='line_1_17' title="bbox 154 1827 1864 1931; baseline -0.002 -44"><span class='ocrx_word' id='word_1_192' title='bbox 154 1830 285 1888; x_wconf 89' lang='lat' dir='ltr'><strong>diceret:</strong></span> <span class='ocrx_word' id='word_1_193' title='bbox 300 1829 363 1888; x_wconf 85' lang='lat' dir='ltr'><strong>Neo</strong></span> <span class='ocrx_word' id='word_1_194' title='bbox 385 1832 461 1888; x_wconf 80' lang='lat' dir='ltr'><strong>euim</strong></span> <span class='ocrx_word' id='word_1_195' title='bbox 474 1833 514 1887; x_wconf 84' lang='lat' dir='ltr'><strong>est</strong></span> <span class='ocrx_word' id='word_1_196' title='bbox 535 1832 660 1887; x_wconf 84' lang='lat' dir='ltr'><strong>omnium</strong></span> <span class='ocrx_word' id='word_1_197' title='bbox 681 1830 750 1902; x_wconf 80' lang='lat' dir='ltr'><strong>fides</strong></span> <span class='ocrx_word' id='word_1_198' title='bbox 773 1828 809 1900; x_wconf 86' lang='lat' dir='ltr'><strong>(ll</strong></span> <span class='ocrx_word' id='word_1_199' title='bbox 832 1828 920 1885; x_wconf 78' lang='lat' dir='ltr'><strong>Thess.</strong></span> <span class='ocrx_word' id='word_1_200' title='bbox 936 1846 979 1898; x_wconf 86' lang='lat'><strong>111,</strong></span> <span class='ocrx_word' id='word_1_201' title='bbox 995 1863 1019 1931; x_wconf 77' lang='lat' dir='ltr'><strong>B</strong></span> <span class='ocrx_word' id='word_1_202' title='bbox 1035 1827 1140 1885; x_wconf 85' lang='lat' dir='ltr'><strong>dixerit</strong></span> <span class='ocrx_word' id='word_1_203' title='bbox 1150 1828 1292 1886; x_wconf 85' lang='lat' dir='ltr'><strong>Dominus</strong></span> <span class='ocrx_word' id='word_1_204' title='bbox 1303 1829 1339 1885; x_wconf 91' lang='lat' dir='ltr'><strong>ad</strong></span> <span class='ocrx_word' id='word_1_205' title='bbox 1349 1828 1698 1901; x_wconf 76' lang='lat' dir='ltr'><strong>Moysentldiseredorcui</strong></span> <span class='ocrx_word' id='word_1_206' title='bbox 1706 1828 1864 1899; x_wconf 60' lang='lat' dir='ltr'><strong>volueram</strong></span> 
     </span>
     <span class='ocr_line' id='line_1_18' title="bbox 154 1916 1862 1992; baseline -0.003 -16"><span class='ocrx_word' id='word_1_207' title='bbox 154 1922 194 1989; x_wconf 78' lang='lat'><strong>2).</strong></span> <span class='ocrx_word' id='word_1_208' title='bbox 211 1920 247 1976; x_wconf 83' lang='lat' dir='ltr'><strong>lit</strong></span> <span class='ocrx_word' id='word_1_209' title='bbox 260 1919 367 1977; x_wconf 90' lang='lat' dir='ltr'><strong>iterum</strong></span> <span class='ocrx_word' id='word_1_210' title='bbox 382 1918 460 1976; x_wconf 93' lang='lat' dir='ltr'><strong>idem</strong></span> <span class='ocrx_word' id='word_1_211' title='bbox 476 1917 562 1976; x_wconf 86' lang='lat' dir='ltr'><strong>dicit:</strong></span> <span class='ocrx_word' id='word_1_212' title='bbox 578 1920 637 1976; x_wconf 82' lang='lat' dir='ltr'><strong>Noe</strong></span> <span class='ocrx_word' id='word_1_213' title='bbox 651 1918 982 1976; x_wconf 74' lang='lat' dir='ltr'><strong>omnescbediuatdoaa·</strong></span> <span class='ocrx_word' id='word_1_214' title='bbox 1034 1919 1207 1976; x_wconf 83' lang='lat' dir='ltr'><strong>clemensero</strong></span> <span class='ocrx_word' id='word_1_215' title='bbox 1218 1916 1674 1992; x_wconf 67' lang='lat' dir='ltr'><strong>inqoemmileiplccueritffiaod.</strong></span> <span class='ocrx_word' id='word_1_216' title='bbox 1691 1933 1791 1985; x_wconf 82' lang='lat' dir='ltr'><strong>mur,</strong></span> <span class='ocrx_word' id='word_1_217' title='bbox 1804 1916 1862 1989; x_wconf 86' lang='lat'>19).</span> 
     </span>
     <span class='ocr_line' id='line_1_19' title="bbox 154 2005 1863 2081; baseline -0.002 -15"><span class='ocrx_word' id='word_1_218' title='bbox 154 2007 228 2081; x_wconf 74' lang='lat' dir='ltr'><strong>ostio</strong></span> <span class='ocrx_word' id='word_1_219' title='bbox 242 2008 330 2081; x_wconf 83' lang='lat' dir='ltr'><strong>(Rom.</strong></span> <span class='ocrx_word' id='word_1_220' title='bbox 345 2025 373 2080; x_wconf 84' lang='lat' dir='ltr'><strong>x,</strong></span> <span class='ocrx_word' id='word_1_221' title='bbox 392 2009 444 2080; x_wconf 82' lang='grc'>16).</span> <span class='ocrx_word' id='word_1_222' title='bbox 462 2009 584 2081; x_wconf 89' lang='lat' dir='ltr'><strong>ipseque</strong></span> <span class='ocrx_word' id='word_1_223' title='bbox 595 2007 727 2064; x_wconf 83' lang='lat' dir='ltr'><strong>Salvator</strong></span> <span class='ocrx_word' id='word_1_224' title='bbox 737 2011 766 2064; x_wconf 91' lang='lat' dir='ltr'><strong>et</strong></span> <span class='ocrx_word' id='word_1_225' title='bbox 774 2007 980 2064; x_wconf 89' lang='lat' dir='ltr'><strong>veracissimus</strong></span> <span class='ocrx_word' id='word_1_226' title='bbox 1036 2007 1225 2081; x_wconf 83' lang='lat' dir='ltr'><strong>Rursumquc</strong></span> <span class='ocrx_word' id='word_1_227' title='bbox 1240 2007 1270 2063; x_wconf 90' lang='lat' dir='ltr'><strong>in</strong></span> <span class='ocrx_word' id='word_1_228' title='bbox 1285 2005 1439 2079; x_wconf 82' lang='lat' dir='ltr'><strong>Evangelio</strong></span> <span class='ocrx_word' id='word_1_229' title='bbox 1455 2005 1600 2080; x_wconf 91' lang='lat' dir='ltr'><strong>scriptum</strong></span> <span class='ocrx_word' id='word_1_230' title='bbox 1615 2009 1661 2063; x_wconf 87' lang='lat' dir='ltr'><strong>est</strong></span> <span class='ocrx_word' id='word_1_231' title='bbox 1676 2006 1746 2079; x_wconf 89' lang='lat' dir='ltr'><strong>quia</strong></span> <span class='ocrx_word' id='word_1_232' title='bbox 1760 2005 1863 2063; x_wconf 89' lang='lat' dir='ltr'><strong>volens</strong></span> 
     </span>
     <span class='ocr_line' id='line_1_20' title="bbox 156 2094 1864 2170; baseline -0.003 -15"><span class='ocrx_word' id='word_1_233' title='bbox 156 2100 260 2155; x_wconf 88' lang='lat' dir='ltr'><strong>auctor</strong></span> <span class='ocrx_word' id='word_1_234' title='bbox 274 2096 335 2153; x_wconf 81' lang='lat' dir='ltr'><strong>haec</strong></span> <span class='ocrx_word' id='word_1_235' title='bbox 348 2097 517 2153; x_wconf 90' lang='lat' dir='ltr'><strong>rudimenta</strong></span> <span class='ocrx_word' id='word_1_236' title='bbox 531 2097 595 2153; x_wconf 92' lang='lat' dir='ltr'><strong>suis</strong></span> <span class='ocrx_word' id='word_1_237' title='bbox 610 2097 780 2169; x_wconf 88' lang='lat' dir='ltr'><strong>mundoque</strong></span> <span class='ocrx_word' id='word_1_238' title='bbox 795 2096 884 2153; x_wconf 91' lang='lat' dir='ltr'><strong>simul</strong></span> <span class='ocrx_word' id='word_1_239' title='bbox 901 2096 982 2153; x_wconf 89' lang='lat' dir='ltr'><strong>dedit</strong></span> <span class='ocrx_word' id='word_1_240' title='bbox 1038 2096 1159 2170; x_wconf 91' lang='lat' dir='ltr'><strong>quidam</strong></span> <span class='ocrx_word' id='word_1_241' title='bbox 1174 2095 1336 2168; x_wconf 88' lang='lat' dir='ltr'><strong>discipulus</strong></span> <span class='ocrx_word' id='word_1_242' title='bbox 1351 2096 1417 2168; x_wconf 87' lang='lat' dir='ltr'><strong>ejus</strong></span> <span class='ocrx_word' id='word_1_243' title='bbox 1432 2094 1505 2163; x_wconf 91' lang='lat' dir='ltr'><strong>sseri,</strong></span> <span class='ocrx_word' id='word_1_244' title='bbox 1523 2112 1557 2152; x_wconf 88' lang='lat' dir='ltr'><strong>ac</strong></span> <span class='ocrx_word' id='word_1_245' title='bbox 1572 2094 1673 2152; x_wconf 86' lang='lat' dir='ltr'><strong>dicens</strong></span> <span class='ocrx_word' id='word_1_246' title='bbox 1687 2112 1694 2151; x_wconf 93' lang='lat'>:</span> <span class='ocrx_word' id='word_1_247' title='bbox 1709 2096 1864 2169; x_wconf 79' lang='lat' dir='ltr'><strong>Sequaris,</strong></span> 
     </span>
     <span class='ocr_line' id='line_1_21' title="bbox 155 2180 1865 2259; baseline -0.003 -15"><span class='ocrx_word' id='word_1_248' title='bbox 155 2186 255 2245; x_wconf 89' lang='lat' dir='ltr'><strong>omni:</strong></span> <span class='ocrx_word' id='word_1_249' title='bbox 273 2187 326 2256; x_wconf 82' lang='lat' dir='ltr'><strong>Qui</strong></span> <span class='ocrx_word' id='word_1_250' title='bbox 339 2189 547 2259; x_wconf 73' lang='lat' dir='ltr'><strong>potedeopere,</strong></span> <span class='ocrx_word' id='word_1_251' title='bbox 564 2188 654 2259; x_wconf 77' lang='lat' dir='ltr'><strong>capiat</strong></span> <span class='ocrx_word' id='word_1_252' title='bbox 676 2180 781 2259; x_wconf 75' lang='lat' dir='ltr'><strong>(aaut.</strong></span> <span class='ocrx_word' id='word_1_253' title='bbox 796 2203 854 2258; x_wconf 80' lang='lat' dir='ltr'><strong>xrs,</strong></span> <span class='ocrx_word' id='word_1_254' title='bbox 871 2187 929 2259; x_wconf 80' lang='lat'><strong>12).</strong></span> <span class='ocrx_word' id='word_1_255' title='bbox 949 2186 982 2242; x_wconf 93' lang='lat' dir='ltr'><strong>ln</strong></span> <span class='ocrx_word' id='word_1_256' title='bbox 1038 2200 1198 2258; x_wconf 82' lang='lat' dir='ltr'><strong>quoeunque</strong></span> <span class='ocrx_word' id='word_1_257' title='bbox 1212 2187 1278 2242; x_wconf 82' lang='lat' dir='ltr'><strong>ieris</strong></span> <span class='ocrx_word' id='word_1_258' title='bbox 1308 2185 1412 2257; x_wconf 64' lang='lat' dir='ltr'><strong>(hoto.</strong></span> <span class='ocrx_word' id='word_1_259' title='bbox 1438 2201 1498 2253; x_wconf 84' lang='lat' dir='ltr'><strong>vru,</strong></span> <span class='ocrx_word' id='word_1_260' title='bbox 1529 2184 1585 2255; x_wconf 77' lang='lat'><strong>19),</strong></span> <span class='ocrx_word' id='word_1_261' title='bbox 1614 2182 1752 2258; x_wconf 89' lang='lat' dir='ltr'><strong>repulsus</strong></span> <span class='ocrx_word' id='word_1_262' title='bbox 1767 2186 1813 2241; x_wconf 89' lang='lat' dir='ltr'><strong>cst</strong></span> <span class='ocrx_word' id='word_1_263' title='bbox 1828 2184 1865 2240; x_wconf 87' lang='lat' dir='ltr'><strong>ab</strong></span> 
     </span>
     <span class='ocr_line' id='line_1_22' title="bbox 155 2272 1866 2351; baseline -0.004 -17"><span class='ocrx_word' id='word_1_264' title='bbox 155 2292 216 2351; x_wconf 89' lang='lat' dir='ltr'><strong>qua</strong></span> <span class='ocrx_word' id='word_1_265' title='bbox 229 2274 330 2349; x_wconf 87' lang='lat' dir='ltr'><strong>procul</strong></span> <span class='ocrx_word' id='word_1_266' title='bbox 346 2275 436 2333; x_wconf 93' lang='lat' dir='ltr'><strong>dubio</strong></span> <span class='ocrx_word' id='word_1_267' title='bbox 451 2276 599 2332; x_wconf 87' lang='lat' dir='ltr'><strong>sententia</strong></span> <span class='ocrx_word' id='word_1_268' title='bbox 613 2275 753 2349; x_wconf 81' lang='lat' dir='ltr'><strong>prescius</strong></span> <span class='ocrx_word' id='word_1_269' title='bbox 765 2275 894 2332; x_wconf 90' lang='lat' dir='ltr'><strong>innotuit</strong></span> <span class='ocrx_word' id='word_1_270' title='bbox 903 2275 982 2347; x_wconf 92' lang='lat' dir='ltr'><strong>quod</strong></span> <span class='ocrx_word' id='word_1_271' title='bbox 1038 2274 1140 2331; x_wconf 88' lang='lat' dir='ltr'><strong>eodem</strong></span> <span class='ocrx_word' id='word_1_272' title='bbox 1155 2273 1280 2330; x_wconf 91' lang='lat' dir='ltr'><strong>Domino</strong></span> <span class='ocrx_word' id='word_1_273' title='bbox 1291 2272 1405 2329; x_wconf 87' lang='lat' dir='ltr'><strong>dicente</strong></span> <span class='ocrx_word' id='word_1_274' title='bbox 1419 2290 1426 2329; x_wconf 92' lang='lat'>:</span> <span class='ocrx_word' id='word_1_275' title='bbox 1440 2273 1535 2344; x_wconf 83' lang='lat' dir='ltr'><strong>Vulpes</strong></span> <span class='ocrx_word' id='word_1_276' title='bbox 1549 2272 1643 2346; x_wconf 77' lang='lat' dir='ltr'><strong>foveas</strong></span> <span class='ocrx_word' id='word_1_277' title='bbox 1657 2272 1768 2341; x_wconf 79' lang='lat' dir='ltr'><strong>haheat,</strong></span> <span class='ocrx_word' id='word_1_278' title='bbox 1782 2279 1809 2328; x_wconf 86' lang='lat' dir='ltr'><strong>et</strong></span> <span class='ocrx_word' id='word_1_279' title='bbox 1818 2288 1866 2328; x_wconf 86' lang='lat' dir='ltr'><strong>vo·</strong></span> 
     </span>
     <span class='ocr_line' id='line_1_23' title="bbox 156 2360 1866 2437; baseline -0.003 -15"><span class='ocrx_word' id='word_1_280' title='bbox 156 2363 984 2437; x_wconf 85' lang='lat' dir='ltr'><strong>ncncmnisbonapossit.»Cumigiturdelusionibustor·</strong></span> <span class='ocrx_word' id='word_1_281' title='bbox 1038 2363 1128 2419; x_wconf 84' lang='lat' dir='ltr'><strong>lueres</strong></span> <span class='ocrx_word' id='word_1_282' title='bbox 1142 2362 1206 2418; x_wconf 85' lang='lat' dir='ltr'><strong>coeti</strong></span> <span class='ocrx_word' id='word_1_283' title='bbox 1225 2363 1326 2427; x_wconf 83' lang='lat' dir='ltr'><strong>nidoe;</strong></span> <span class='ocrx_word' id='word_1_284' title='bbox 1349 2362 1424 2432; x_wconf 78' lang='lat' dir='ltr'><strong>filias</strong></span> <span class='ocrx_word' id='word_1_285' title='bbox 1447 2366 1543 2418; x_wconf 84' lang='lat' dir='ltr'><strong>uatem</strong></span> <span class='ocrx_word' id='word_1_286' title='bbox 1567 2361 1685 2418; x_wconf 79' lang='lat' dir='ltr'><strong>hominis</strong></span> <span class='ocrx_word' id='word_1_287' title='bbox 1705 2377 1761 2417; x_wconf 82' lang='lat' dir='ltr'><strong>non</strong></span> <span class='ocrx_word' id='word_1_288' title='bbox 1773 2360 1866 2430; x_wconf 77' lang='lat' dir='ltr'><strong>lohet,</strong></span> 
     </span>
     <span class='ocr_line' id='line_1_24' title="bbox 157 2448 1868 2533; baseline -0.003 -23"><span class='ocrx_word' id='word_1_289' title='bbox 157 2467 264 2526; x_wconf 88' lang='lat' dir='ltr'><strong>querar</strong></span> <span class='ocrx_word' id='word_1_290' title='bbox 272 2450 392 2518; x_wconf 88' lang='lat' dir='ltr'><strong>talibus,</strong></span> <span class='ocrx_word' id='word_1_291' title='bbox 406 2451 483 2525; x_wconf 86' lang='lat' dir='ltr'><strong>quis,</strong></span> <span class='ocrx_word' id='word_1_292' title='bbox 495 2457 592 2525; x_wconf 87' lang='lat' dir='ltr'><strong>putas,</strong></span> <span class='ocrx_word' id='word_1_293' title='bbox 606 2452 680 2508; x_wconf 91' lang='lat' dir='ltr'><strong>mihi</strong></span> <span class='ocrx_word' id='word_1_294' title='bbox 692 2456 836 2533; x_wconf 26' lang='lat' dir='ltr'><strong>tunolerat</strong></span> <span class='ocrx_word' id='word_1_295' title='bbox 846 2453 985 2510; x_wconf 80' lang='lat' dir='ltr'><strong>animus?</strong></span> <span class='ocrx_word' id='word_1_296' title='bbox 1039 2452 1088 2507; x_wconf 82' lang='lat' dir='ltr'><strong>uhi</strong></span> <span class='ocrx_word' id='word_1_297' title='bbox 1101 2455 1182 2522; x_wconf 84' lang='lat' dir='ltr'><strong>caput</strong></span> <span class='ocrx_word' id='word_1_298' title='bbox 1196 2467 1278 2507; x_wconf 86' lang='lat' dir='ltr'><strong>suam</strong></span> <span class='ocrx_word' id='word_1_299' title='bbox 1292 2450 1407 2508; x_wconf 81' lang='lat' dir='ltr'><strong>rectinet</strong></span> <span class='ocrx_word' id='word_1_300' title='bbox 1418 2449 1511 2522; x_wconf 76' lang='lat' dir='ltr'><strong>(ibid,</strong></span> <span class='ocrx_word' id='word_1_301' title='bbox 1525 2450 1582 2522; x_wconf 77' lang='lat'>20).</span> <span class='ocrx_word' id='word_1_302' title='bbox 1598 2449 1621 2507; x_wconf 93' lang='grc'><strong>0</strong></span> <span class='ocrx_word' id='word_1_303' title='bbox 1641 2448 1801 2506; x_wconf 86' lang='lat' dir='ltr'><strong>indiscreta</strong></span> <span class='ocrx_word' id='word_1_304' title='bbox 1816 2464 1868 2505; x_wconf 91' lang='lat' dir='ltr'><strong>sa·</strong></span> 
     </span>
     <span class='ocr_line' id='line_1_25' title="bbox 158 2538 1867 2613; baseline -0.003 -14"><span class='ocrx_word' id='word_1_305' title='bbox 158 2538 207 2600; x_wconf 84' lang='lat' dir='ltr'><strong>Nil</strong></span> <span class='ocrx_word' id='word_1_306' title='bbox 221 2539 301 2597; x_wconf 89' lang='lat' dir='ltr'><strong>aliud</strong></span> <span class='ocrx_word' id='word_1_307' title='bbox 317 2543 395 2596; x_wconf 89' lang='lat' dir='ltr'><strong>certe</strong></span> <span class='ocrx_word' id='word_1_308' title='bbox 409 2544 480 2597; x_wconf 92' lang='lat' dir='ltr'><strong>tunc</strong></span> <span class='ocrx_word' id='word_1_309' title='bbox 502 2541 638 2613; x_wconf 88' lang='lat' dir='ltr'><strong>praevalui</strong></span> <span class='ocrx_word' id='word_1_310' title='bbox 664 2540 719 2596; x_wconf 90' lang='lat' dir='ltr'><strong>nisi</strong></span> <span class='ocrx_word' id='word_1_311' title='bbox 746 2541 826 2610; x_wconf 89' lang='lat' dir='ltr'><strong>llere,</strong></span> <span class='ocrx_word' id='word_1_312' title='bbox 849 2544 889 2613; x_wconf 88' lang='lat' dir='ltr'><strong>ct,</strong></span> <span class='ocrx_word' id='word_1_313' title='bbox 901 2541 985 2613; x_wconf 80' lang='lat' dir='ltr'><strong>juxta</strong></span> <span class='ocrx_word' id='word_1_314' title='bbox 1038 2540 1166 2597; x_wconf 91' lang='lat' dir='ltr'><strong>veritas!</strong></span> <span class='ocrx_word' id='word_1_315' title='bbox 1183 2539 1205 2595; x_wconf 91' lang='lat'>0</span> <span class='ocrx_word' id='word_1_316' title='bbox 1225 2539 1393 2596; x_wconf 89' lang='lat' dir='ltr'><strong>miseranda</strong></span> <span class='ocrx_word' id='word_1_317' title='bbox 1415 2538 1551 2611; x_wconf 83' lang='lat' dir='ltr'><strong>aequitas,</strong></span> <span class='ocrx_word' id='word_1_318' title='bbox 1573 2553 1636 2610; x_wconf 82' lang='lat' dir='ltr'><strong>que</strong></span> <span class='ocrx_word' id='word_1_319' title='bbox 1657 2539 1867 2594; x_wconf 89' lang='lat' dir='ltr'><strong>tantummodo</strong></span> 
     </span>
     <span class='ocr_line' id='line_1_26' title="bbox 159 2625 1867 2702; baseline -0.003 -14"><span class='ocrx_word' id='word_1_320' title='bbox 159 2627 361 2697; x_wconf 82' lang='lat' dir='ltr'><strong>Psalmistam,</strong></span> <span class='ocrx_word' id='word_1_321' title='bbox 376 2627 497 2685; x_wconf 87' lang='lat' dir='ltr'><strong>iucruat</strong></span> <span class='ocrx_word' id='word_1_322' title='bbox 511 2629 584 2686; x_wconf 91' lang='lat' dir='ltr'><strong>mihi</strong></span> <span class='ocrx_word' id='word_1_323' title='bbox 598 2629 733 2702; x_wconf 77' lang='lat' dir='ltr'><strong>lacryma</strong></span> <span class='ocrx_word' id='word_1_324' title='bbox 748 2645 819 2685; x_wconf 82' lang='lat' dir='ltr'><strong>mee</strong></span> <span class='ocrx_word' id='word_1_325' title='bbox 833 2646 924 2702; x_wconf 89' lang='lat' dir='ltr'><strong>panes</strong></span> <span class='ocrx_word' id='word_1_326' title='bbox 939 2630 986 2686; x_wconf 89' lang='lat' dir='ltr'><strong>die</strong></span> <span class='ocrx_word' id='word_1_327' title='bbox 1039 2628 1198 2685; x_wconf 88' lang='lat' dir='ltr'><strong>voluntatis</strong></span> <span class='ocrx_word' id='word_1_328' title='bbox 1213 2645 1272 2685; x_wconf 83' lang='lat' dir='ltr'><strong>sua</strong></span> <span class='ocrx_word' id='word_1_329' title='bbox 1287 2627 1443 2685; x_wconf 86' lang='lat' dir='ltr'><strong>arbitrium</strong></span> <span class='ocrx_word' id='word_1_330' title='bbox 1459 2627 1602 2701; x_wconf 86' lang='lat' dir='ltr'><strong>sequitur,</strong></span> <span class='ocrx_word' id='word_1_331' title='bbox 1622 2630 1651 2683; x_wconf 89' lang='lat' dir='ltr'><strong>et</strong></span> <span class='ocrx_word' id='word_1_332' title='bbox 1665 2626 1702 2682; x_wconf 88' lang='lat' dir='ltr'><strong>ad</strong></span> <span class='ocrx_word' id='word_1_333' title='bbox 1716 2642 1748 2685; x_wconf 88' lang='lat' dir='ltr'><strong>se</strong></span> <span class='ocrx_word' id='word_1_334' title='bbox 1761 2625 1867 2683; x_wconf 89' lang='lat' dir='ltr'><strong>coniu-</strong></span> 
     </span>
     <span class='ocr_line' id='line_1_27' title="bbox 162 2713 1868 2792; baseline -0.003 -16"><span class='ocrx_word' id='word_1_335' title='bbox 162 2732 197 2777; x_wconf 84' lang='lat' dir='ltr'><strong>ac</strong></span> <span class='ocrx_word' id='word_1_336' title='bbox 211 2720 296 2775; x_wconf 80' lang='lat' dir='ltr'><strong>nocte</strong></span> <span class='ocrx_word' id='word_1_337' title='bbox 310 2717 397 2790; x_wconf 83' lang='lat' dir='ltr'><strong>(Psoi.</strong></span> <span class='ocrx_word' id='word_1_338' title='bbox 412 2735 468 2787; x_wconf 80' lang='lat' dir='ltr'><strong>xus,</strong></span> <span class='ocrx_word' id='word_1_339' title='bbox 484 2718 523 2789; x_wconf 84' lang='lat' dir='ltr'><strong>i).</strong></span> <span class='ocrx_word' id='word_1_340' title='bbox 540 2718 643 2774; x_wconf 83' lang='lat' dir='ltr'><strong>Fateor</strong></span> <span class='ocrx_word' id='word_1_341' title='bbox 663 2718 804 2775; x_wconf 89' lang='lat' dir='ltr'><strong>nimirum</strong></span> <span class='ocrx_word' id='word_1_342' title='bbox 824 2735 859 2775; x_wconf 86' lang='lat' dir='ltr'><strong>ex</strong></span> <span class='ocrx_word' id='word_1_343' title='bbox 881 2718 985 2777; x_wconf 87' lang='lat' dir='ltr'><strong>intimo</strong></span> <span class='ocrx_word' id='word_1_344' title='bbox 1041 2718 1153 2792; x_wconf 59' lang='lat' dir='ltr'><strong>gentas</strong></span> <span class='ocrx_word' id='word_1_345' title='bbox 1163 2717 1312 2790; x_wconf 76' lang='lat' dir='ltr'><strong>suscipere</strong></span> <span class='ocrx_word' id='word_1_346' title='bbox 1323 2717 1499 2790; x_wconf 87' lang='lat' dir='ltr'><strong>dedignatur</strong></span> <span class='ocrx_word' id='word_1_347' title='bbox 1512 2716 1519 2771; x_wconf 86' lang='lat' dir='ltr'><strong>t</strong></span> <span class='ocrx_word' id='word_1_348' title='bbox 1532 2713 1726 2773; x_wconf 86' lang='lat' dir='ltr'><strong>Intolerabilis</strong></span> <span class='ocrx_word' id='word_1_349' title='bbox 1737 2718 1815 2772; x_wconf 89' lang='lat' dir='ltr'><strong>carte</strong></span> <span class='ocrx_word' id='word_1_350' title='bbox 1827 2719 1868 2772; x_wconf 90' lang='lat' dir='ltr'><strong>ta·</strong></span> 
     </span>
     <span class='ocr_line' id='line_1_28' title="bbox 162 2803 1778 2880; baseline -0.004 -14"><span class='ocrx_word' id='word_1_351' title='bbox 162 2807 261 2874; x_wconf 84' lang='lat' dir='ltr'><strong>corde,</strong></span> <span class='ocrx_word' id='word_1_352' title='bbox 278 2805 462 2880; x_wconf 91' lang='lat' dir='ltr'><strong>quianullus</strong></span> <span class='ocrx_word' id='word_1_353' title='bbox 477 2806 535 2864; x_wconf 93' lang='lat' dir='ltr'><strong>nisi</strong></span> <span class='ocrx_word' id='word_1_354' title='bbox 549 2823 602 2880; x_wconf 93' lang='lat' dir='ltr'><strong>per</strong></span> <span class='ocrx_word' id='word_1_355' title='bbox 621 2807 746 2880; x_wconf 87' lang='lat' dir='ltr'><strong>gratiam</strong></span> <span class='ocrx_word' id='word_1_356' title='bbox 764 2806 878 2864; x_wconf 86' lang='lat' dir='ltr'><strong>Domini</strong></span> <span class='ocrx_word' id='word_1_357' title='bbox 893 2808 986 2865; x_wconf 90' lang='lat' dir='ltr'><strong>sclam</strong></span> <span class='ocrx_word' id='word_1_358' title='bbox 1041 2805 1078 2863; x_wconf 89' lang='lat' dir='ltr'><strong>iis</strong></span> <span class='ocrx_word' id='word_1_359' title='bbox 1092 2810 1136 2862; x_wconf 91' lang='lat' dir='ltr'><strong>cst</strong></span> <span class='ocrx_word' id='word_1_360' title='bbox 1149 2805 1313 2879; x_wconf 88' lang='lat' dir='ltr'><strong>disciplina,</strong></span> <span class='ocrx_word' id='word_1_361' title='bbox 1330 2804 1462 2879; x_wconf 88' lang='lat' dir='ltr'><strong>nullique</strong></span> <span class='ocrx_word' id='word_1_362' title='bbox 1477 2804 1580 2861; x_wconf 91' lang='lat' dir='ltr'><strong>merito</strong></span> <span class='ocrx_word' id='word_1_363' title='bbox 1595 2803 1747 2878; x_wconf 88' lang='lat' dir='ltr'><strong>placitura.</strong></span> <span class='ocrx_word' id='word_1_364' title='bbox 1764 2825 1778 2853; x_wconf 81' lang='lat' dir='ltr'><strong>u</strong></span> 
     </span>
    </p>

    <p class='ocr_par' dir='ltr' id='par_1_3' title="bbox 162 2893 1869 3148">
     <span class='ocr_line' id='line_1_29' title="bbox 162 2893 1868 2975; baseline -0.003 -21"><span class='ocrx_word' id='word_1_365' title='bbox 162 2894 234 2975; x_wconf 82' lang='lat' dir='ltr'><strong>talia</strong></span> <span class='ocrx_word' id='word_1_366' title='bbox 243 2898 340 2968; x_wconf 78' lang='lat' dir='ltr'><strong>potest</strong></span> <span class='ocrx_word' id='word_1_367' title='bbox 349 2895 475 2952; x_wconf 88' lang='lat' dir='ltr'><strong>vincere.</strong></span> <span class='ocrx_word' id='word_1_368' title='bbox 487 2896 645 2969; x_wconf 90' lang='lat' dir='ltr'><strong>Postquam</strong></span> <span class='ocrx_word' id='word_1_369' title='bbox 656 2900 754 2952; x_wconf 91' lang='lat' dir='ltr'><strong>autem</strong></span> <span class='ocrx_word' id='word_1_370' title='bbox 774 2895 929 2953; x_wconf 89' lang='lat' dir='ltr'><strong>insidiator</strong></span> <span class='ocrx_word' id='word_1_371' title='bbox 939 2914 986 2954; x_wconf 91' lang='lat' dir='ltr'><strong>ca·</strong></span> <span class='ocrx_word' id='word_1_372' title='bbox 1076 2896 1252 2967; x_wconf 85' lang='lat' dir='ltr'><strong>Hujusmodi</strong></span> <span class='ocrx_word' id='word_1_373' title='bbox 1263 2912 1380 2968; x_wconf 92' lang='lat' dir='ltr'><strong>quoque</strong></span> <span class='ocrx_word' id='word_1_374' title='bbox 1388 2894 1555 2951; x_wconf 88' lang='lat' dir='ltr'><strong>delusiones</strong></span> <span class='ocrx_word' id='word_1_375' title='bbox 1563 2893 1613 2950; x_wconf 92' lang='lat' dir='ltr'><strong>diu</strong></span> <span class='ocrx_word' id='word_1_376' title='bbox 1623 2893 1868 2967; x_wconf 85' lang='lat' dir='ltr'><strong>perturbaverunt</strong></span> 
     </span>
     <span class='ocr_line' id='line_1_30' title="bbox 162 2981 1869 3058; baseline -0.002 -15"><span class='ocrx_word' id='word_1_377' title='bbox 162 2982 328 3043; x_wconf 86' lang='lat' dir='ltr'><strong>lldissimus</strong></span> <span class='ocrx_word' id='word_1_378' title='bbox 339 3000 386 3040; x_wconf 90' lang='lat' dir='ltr'><strong>me</strong></span> <span class='ocrx_word' id='word_1_379' title='bbox 394 2984 430 3040; x_wconf 92' lang='lat' dir='ltr'><strong>ad</strong></span> <span class='ocrx_word' id='word_1_380' title='bbox 439 2983 652 3057; x_wconf 90' lang='lat' dir='ltr'><strong>desperationis</strong></span> <span class='ocrx_word' id='word_1_381' title='bbox 660 2984 745 3042; x_wconf 81' lang='lat' dir='ltr'><strong>illata</strong></span> <span class='ocrx_word' id='word_1_382' title='bbox 754 3001 929 3043; x_wconf 89' lang='lat' dir='ltr'><strong>consensum</strong></span> <span class='ocrx_word' id='word_1_383' title='bbox 941 3002 988 3043; x_wconf 91' lang='lat' dir='ltr'><strong>ue-</strong></span> <span class='ocrx_word' id='word_1_384' title='bbox 1041 2999 1123 3041; x_wconf 85' lang='lat' dir='ltr'><strong>meas</strong></span> <span class='ocrx_word' id='word_1_385' title='bbox 1142 2984 1344 3058; x_wconf 88' lang='lat' dir='ltr'><strong>cogitationes,</strong></span> <span class='ocrx_word' id='word_1_386' title='bbox 1368 2983 1399 3039; x_wconf 89' lang='lat' dir='ltr'><strong>iu</strong></span> <span class='ocrx_word' id='word_1_387' title='bbox 1424 2983 1531 3056; x_wconf 92' lang='lat' dir='ltr'><strong>quibus</strong></span> <span class='ocrx_word' id='word_1_388' title='bbox 1555 2982 1628 3040; x_wconf 90' lang='lat' dir='ltr'><strong>satis</strong></span> <span class='ocrx_word' id='word_1_389' title='bbox 1650 2982 1767 3055; x_wconf 90' lang='lat' dir='ltr'><strong>probari</strong></span> <span class='ocrx_word' id='word_1_390' title='bbox 1789 2981 1869 3039; x_wconf 86' lang='lat' dir='ltr'><strong>valet</strong></span> 
     </span>
     <span class='ocr_line' id='line_1_31' title="bbox 163 3072 1685 3148; baseline 0 -18"><span class='ocrx_word' id='word_1_391' title='bbox 163 3072 229 3148; x_wconf 91' lang='lat' dir='ltr'><strong>quit</strong></span> <span class='ocrx_word' id='word_1_392' title='bbox 251 3072 430 3146; x_wconf 81' lang='lat' dir='ltr'><strong>pertrahere,</strong></span> <span class='ocrx_word' id='word_1_393' title='bbox 456 3077 579 3131; x_wconf 90' lang='lat' dir='ltr'><strong>conatus</strong></span> <span class='ocrx_word' id='word_1_394' title='bbox 603 3077 648 3130; x_wconf 91' lang='lat' dir='ltr'><strong>est</strong></span> <span class='ocrx_word' id='word_1_395' title='bbox 668 3073 756 3131; x_wconf 88' lang='lat' dir='ltr'><strong>etiam</strong></span> <span class='ocrx_word' id='word_1_396' title='bbox 780 3090 833 3148; x_wconf 88' lang='lat' dir='ltr'><strong>per</strong></span> <span class='ocrx_word' id='word_1_397' title='bbox 855 3073 913 3132; x_wconf 90' lang='lat' dir='ltr'><strong>alia</strong></span> <span class='ocrx_word' id='word_1_398' title='bbox 928 3092 987 3132; x_wconf 78' lang='lat' dir='ltr'><strong>sna</strong></span> <span class='ocrx_word' id='word_1_399' title='bbox 1042 3073 1161 3146; x_wconf 89' lang='lat' dir='ltr'><strong>quantis</strong></span> <span class='ocrx_word' id='word_1_400' title='bbox 1173 3072 1311 3145; x_wconf 88' lang='lat' dir='ltr'><strong>periculis</strong></span> <span class='ocrx_word' id='word_1_401' title='bbox 1327 3089 1412 3129; x_wconf 91' lang='lat' dir='ltr'><strong>mens</strong></span> <span class='ocrx_word' id='word_1_402' title='bbox 1426 3088 1492 3129; x_wconf 88' lang='lat' dir='ltr'><strong>mea</strong></span> <span class='ocrx_word' id='word_1_403' title='bbox 1510 3072 1685 3145; x_wconf 82' lang='lat' dir='ltr'><strong>subjaceret.</strong></span> 
     </span>
    </p>

    <p class='ocr_par' dir='ltr' id='par_1_4' title="bbox 79 3159 1882 5733">
     <span class='ocr_line' id='line_1_32' title="bbox 79 3159 1871 3237; baseline -0.001 -19"><span class='ocrx_word' id='word_1_404' title='bbox 79 3226 83 3235; x_wconf 35' lang='grc' dir='ltr'>Ι</span> <span class='ocrx_word' id='word_1_405' title='bbox 162 3159 275 3219; x_wconf 84' lang='lat' dir='ltr'><strong>lraudis</strong></span> <span class='ocrx_word' id='word_1_406' title='bbox 289 3165 464 3235; x_wconf 88' lang='lat' dir='ltr'><strong>argumenta</strong></span> <span class='ocrx_word' id='word_1_407' title='bbox 478 3163 644 3235; x_wconf 84' lang='lat' dir='ltr'><strong>adjustitiae</strong></span> <span class='ocrx_word' id='word_1_408' title='bbox 655 3163 759 3219; x_wconf 86' lang='lat' dir='ltr'><strong>divinae</strong></span> <span class='ocrx_word' id='word_1_409' title='bbox 771 3164 986 3237; x_wconf 90' lang='lat' dir='ltr'><strong>blasphemiam</strong></span> <span class='ocrx_word' id='word_1_410' title='bbox 1077 3163 1120 3219; x_wconf 85' lang='lat' dir='ltr'><strong>Ad</strong></span> <span class='ocrx_word' id='word_1_411' title='bbox 1129 3162 1247 3219; x_wconf 86' lang='lat' dir='ltr'><strong>easdem</strong></span> <span class='ocrx_word' id='word_1_412' title='bbox 1255 3161 1422 3220; x_wconf 89' lang='lat' dir='ltr'><strong>delusiones</strong></span> <span class='ocrx_word' id='word_1_413' title='bbox 1432 3161 1546 3218; x_wconf 88' lang='lat' dir='ltr'><strong>videtur</strong></span> <span class='ocrx_word' id='word_1_414' title='bbox 1556 3161 1702 3234; x_wconf 88' lang='lat' dir='ltr'><strong>pertinere</strong></span> <span class='ocrx_word' id='word_1_415' title='bbox 1712 3161 1791 3234; x_wconf 90' lang='lat' dir='ltr'><strong>quod</strong></span> <span class='ocrx_word' id='word_1_416' title='bbox 1801 3159 1871 3217; x_wconf 89' lang='lat' dir='ltr'><strong>sub-</strong></span> 
     </span>
     <span class='ocr_line' id='line_1_33' title="bbox 161 3228 1872 3325; baseline -0.001 -18"><span class='ocrx_word' id='word_1_417' title='bbox 161 3264 209 3307; x_wconf 86' lang='lat' dir='ltr'><strong>ma</strong></span> <span class='ocrx_word' id='word_1_418' title='bbox 223 3249 386 3321; x_wconf 83' lang='lat' dir='ltr'><strong>deflectere,</strong></span> <span class='ocrx_word' id='word_1_419' title='bbox 402 3267 460 3307; x_wconf 91' lang='lat' dir='ltr'><strong>non</strong></span> <span class='ocrx_word' id='word_1_420' title='bbox 481 3250 652 3308; x_wconf 88' lang='lat' dir='ltr'><strong>deterrendo</strong></span> <span class='ocrx_word' id='word_1_421' title='bbox 675 3250 721 3309; x_wconf 90' lang='lat' dir='ltr'><strong>vel</strong></span> <span class='ocrx_word' id='word_1_422' title='bbox 748 3251 984 3325; x_wconf 89' lang='lat' dir='ltr'><strong>improperando,</strong></span> <span class='ocrx_word' id='word_1_423' title='bbox 1001 3228 1024 3297; x_wconf 72' lang='lat' dir='ltr'>C</span> <span class='ocrx_word' id='word_1_424' title='bbox 1044 3256 1202 3325; x_wconf 86' lang='lat' dir='ltr'><strong>sequenter</strong></span> <span class='ocrx_word' id='word_1_425' title='bbox 1212 3250 1277 3308; x_wconf 91' lang='lat' dir='ltr'><strong>volo</strong></span> <span class='ocrx_word' id='word_1_426' title='bbox 1287 3252 1404 3309; x_wconf 85' lang='lat' dir='ltr'><strong>reterre.</strong></span> <span class='ocrx_word' id='word_1_427' title='bbox 1418 3251 1499 3323; x_wconf 82' lang='lat' dir='ltr'><strong>Seps</strong></span> <span class='ocrx_word' id='word_1_428' title='bbox 1508 3250 1599 3323; x_wconf 87' lang='lat' dir='ltr'><strong>igitur</strong></span> <span class='ocrx_word' id='word_1_429' title='bbox 1609 3250 1731 3324; x_wconf 90' lang='lat' dir='ltr'><strong>contigit</strong></span> <span class='ocrx_word' id='word_1_430' title='bbox 1741 3254 1784 3317; x_wconf 90' lang='lat' dir='ltr'><strong>ut,</strong></span> <span class='ocrx_word' id='word_1_431' title='bbox 1800 3249 1872 3322; x_wconf 88' lang='lat' dir='ltr'><strong>quia</strong></span> 
     </span>
     <span class='ocr_line' id='line_1_34' title="bbox 160 3336 1873 3413; baseline -0.001 -17"><span class='ocrx_word' id='word_1_432' title='bbox 160 3336 986 3413; x_wconf 84' lang='lat' dir='ltr'><strong>sedquasicondolendoetcompatiendcaiilicticnimea,</strong></span> <span class='ocrx_word' id='word_1_433' title='bbox 1043 3341 1200 3398; x_wconf 88' lang='lat' dir='ltr'><strong>matutinis</strong></span> <span class='ocrx_word' id='word_1_434' title='bbox 1215 3340 1296 3397; x_wconf 92' lang='lat' dir='ltr'><strong>horis</strong></span> <span class='ocrx_word' id='word_1_435' title='bbox 1312 3341 1349 3397; x_wconf 88' lang='lat' dir='ltr'><strong>ad</strong></span> <span class='ocrx_word' id='word_1_436' title='bbox 1368 3339 1487 3413; x_wconf 90' lang='lat' dir='ltr'><strong>signum</strong></span> <span class='ocrx_word' id='word_1_437' title='bbox 1512 3339 1652 3412; x_wconf 89' lang='lat' dir='ltr'><strong>primum,</strong></span> <span class='ocrx_word' id='word_1_438' title='bbox 1680 3339 1754 3396; x_wconf 90' lang='lat' dir='ltr'><strong>sicat</strong></span> <span class='ocrx_word' id='word_1_439' title='bbox 1767 3336 1873 3411; x_wconf 87' lang='lat' dir='ltr'><strong>regula</strong></span> 
     </span>
     <span class='ocr_line' id='line_1_35' title="bbox 160 3425 1873 3505; baseline -0.001 -20"><span class='ocrx_word' id='word_1_440' title='bbox 160 3441 322 3502; x_wconf 77' lang='lat' dir='ltr'><strong>suggerens</strong></span> <span class='ocrx_word' id='word_1_441' title='bbox 332 3426 467 3484; x_wconf 88' lang='lat' dir='ltr'><strong>videlicet</strong></span> <span class='ocrx_word' id='word_1_442' title='bbox 482 3427 561 3485; x_wconf 90' lang='lat' dir='ltr'><strong>cordi</strong></span> <span class='ocrx_word' id='word_1_443' title='bbox 577 3445 642 3486; x_wconf 87' lang='lat' dir='ltr'><strong>meo</strong></span> <span class='ocrx_word' id='word_1_444' title='bbox 653 3429 825 3503; x_wconf 89' lang='lat' dir='ltr'><strong>hujusmodi</strong></span> <span class='ocrx_word' id='word_1_445' title='bbox 835 3431 987 3505; x_wconf 86' lang='lat' dir='ltr'><strong>cogitatio·</strong></span> <span class='ocrx_word' id='word_1_446' title='bbox 1043 3434 1146 3488; x_wconf 88' lang='lat' dir='ltr'><strong>sancta</strong></span> <span class='ocrx_word' id='word_1_447' title='bbox 1157 3431 1250 3498; x_wconf 90' lang='lat' dir='ltr'><strong>docet,</strong></span> <span class='ocrx_word' id='word_1_448' title='bbox 1259 3426 1338 3487; x_wconf 91' lang='lat' dir='ltr'><strong>volui</strong></span> <span class='ocrx_word' id='word_1_449' title='bbox 1347 3443 1513 3502; x_wconf 86' lang='lat' dir='ltr'><strong>exsurgere,</strong></span> <span class='ocrx_word' id='word_1_450' title='bbox 1524 3428 1761 3500; x_wconf 88' lang='lat' dir='ltr'><strong>phantasmatico</strong></span> <span class='ocrx_word' id='word_1_451' title='bbox 1771 3425 1873 3500; x_wconf 89' lang='lat' dir='ltr'><strong>aliquo</strong></span> 
     </span>
     <span class='ocr_line' id='line_1_36' title="bbox 160 3516 1873 3591; baseline -0.001 -18"><span class='ocrx_word' id='word_1_452' title='bbox 160 3531 232 3574; x_wconf 85' lang='lat' dir='ltr'><strong>nes:</strong></span> <span class='ocrx_word' id='word_1_453' title='bbox 247 3538 262 3567; x_wconf 91' lang='lat'>«</span> <span class='ocrx_word' id='word_1_454' title='bbox 278 3516 300 3572; x_wconf 92' lang='grc' dir='ltr'><strong>Ο</strong></span> <span class='ocrx_word' id='word_1_455' title='bbox 316 3532 405 3588; x_wconf 85' lang='lat' dir='ltr'><strong>quana</strong></span> <span class='ocrx_word' id='word_1_456' title='bbox 422 3516 588 3573; x_wconf 87' lang='lat' dir='ltr'><strong>miserande</strong></span> <span class='ocrx_word' id='word_1_457' title='bbox 599 3517 729 3588; x_wconf 85' lang='lat' dir='ltr'><strong>juvenis,</strong></span> <span class='ocrx_word' id='word_1_458' title='bbox 754 3520 840 3589; x_wconf 89' lang='lat' dir='ltr'><strong>cujus</strong></span> <span class='ocrx_word' id='word_1_459' title='bbox 856 3519 987 3578; x_wconf 84' lang='lat' dir='ltr'><strong>dolorem</strong></span> <span class='ocrx_word' id='word_1_460' title='bbox 1042 3519 1128 3590; x_wconf 86' lang='lat' dir='ltr'><strong>longe</strong></span> <span class='ocrx_word' id='word_1_461' title='bbox 1139 3523 1334 3591; x_wconf 88' lang='lat' dir='ltr'><strong>antetempus</strong></span> <span class='ocrx_word' id='word_1_462' title='bbox 1345 3517 1487 3591; x_wconf 86' lang='lat' dir='ltr'><strong>surgendi</strong></span> <span class='ocrx_word' id='word_1_463' title='bbox 1500 3516 1813 3574; x_wconf 83' lang='lat' dir='ltr'><strong>excitatusoratiorum</strong></span> <span class='ocrx_word' id='word_1_464' title='bbox 1823 3530 1873 3573; x_wconf 84' lang='lat' dir='ltr'><strong>vc·</strong></span> 
     </span>
     <span class='ocr_line' id='line_1_37' title="bbox 161 3603 1872 3677; baseline -0.002 -14"><span class='ocrx_word' id='word_1_465' title='bbox 161 3603 264 3663; x_wconf 87' lang='lat' dir='ltr'><strong>nullus</strong></span> <span class='ocrx_word' id='word_1_466' title='bbox 276 3603 430 3660; x_wconf 92' lang='lat' dir='ltr'><strong>hominum</strong></span> <span class='ocrx_word' id='word_1_467' title='bbox 448 3604 588 3677; x_wconf 89' lang='lat' dir='ltr'><strong>dignatur</strong></span> <span class='ocrx_word' id='word_1_468' title='bbox 609 3606 777 3662; x_wconf 86' lang='lat' dir='ltr'><strong>attenderet</strong></span> <span class='ocrx_word' id='word_1_469' title='bbox 803 3607 873 3673; x_wconf 83' lang='lat' dir='ltr'><strong>Quis</strong></span> <span class='ocrx_word' id='word_1_470' title='bbox 889 3615 987 3666; x_wconf 88' lang='lat' dir='ltr'><strong>autem</strong></span> <span class='ocrx_word' id='word_1_471' title='bbox 1043 3607 1137 3664; x_wconf 83' lang='lat' dir='ltr'><strong>ninam</strong></span> <span class='ocrx_word' id='word_1_472' title='bbox 1148 3606 1284 3664; x_wconf 90' lang='lat' dir='ltr'><strong>iestiuus.</strong></span> <span class='ocrx_word' id='word_1_473' title='bbox 1302 3606 1362 3662; x_wconf 85' lang='lat' dir='ltr'><strong>ilco</strong></span> <span class='ocrx_word' id='word_1_474' title='bbox 1375 3607 1463 3662; x_wconf 89' lang='lat' dir='ltr'><strong>etiam</strong></span> <span class='ocrx_word' id='word_1_475' title='bbox 1477 3605 1580 3662; x_wconf 92' lang='lat' dir='ltr'><strong>tandiu</strong></span> <span class='ocrx_word' id='word_1_476' title='bbox 1595 3603 1704 3661; x_wconf 86' lang='lat' dir='ltr'><strong>credidi</strong></span> <span class='ocrx_word' id='word_1_477' title='bbox 1714 3620 1788 3676; x_wconf 91' lang='lat' dir='ltr'><strong>opus</strong></span> <span class='ocrx_word' id='word_1_478' title='bbox 1804 3618 1872 3660; x_wconf 84' lang='lat' dir='ltr'><strong>asse</strong></span> 
     </span>
     <span class='ocr_line' id='line_1_38' title="bbox 162 3690 1875 3769; baseline -0.001 -19"><span class='ocrx_word' id='word_1_479' title='bbox 162 3691 317 3750; x_wconf 86' lang='lat' dir='ltr'><strong>hominum</strong></span> <span class='ocrx_word' id='word_1_480' title='bbox 329 3690 375 3749; x_wconf 89' lang='lat' dir='ltr'><strong>vel</strong></span> <span class='ocrx_word' id='word_1_481' title='bbox 384 3691 549 3765; x_wconf 86' lang='lat' dir='ltr'><strong>excogitare</strong></span> <span class='ocrx_word' id='word_1_482' title='bbox 563 3696 660 3766; x_wconf 88' lang='lat' dir='ltr'><strong>potest</strong></span> <span class='ocrx_word' id='word_1_483' title='bbox 671 3697 751 3750; x_wconf 91' lang='lat' dir='ltr'><strong>tanta</strong></span> <span class='ocrx_word' id='word_1_484' title='bbox 763 3695 860 3766; x_wconf 88' lang='lat' dir='ltr'><strong>tejam</strong></span> <span class='ocrx_word' id='word_1_485' title='bbox 870 3698 987 3769; x_wconf 87' lang='lat' dir='ltr'><strong>depres-</strong></span> <span class='ocrx_word' id='word_1_486' title='bbox 1043 3696 1188 3763; x_wconf 90' lang='lat' dir='ltr'><strong>divinum,</strong></span> <span class='ocrx_word' id='word_1_487' title='bbox 1204 3710 1358 3768; x_wconf 88' lang='lat' dir='ltr'><strong>quousque</strong></span> <span class='ocrx_word' id='word_1_488' title='bbox 1372 3711 1407 3750; x_wconf 81' lang='lat' dir='ltr'><strong>ex</strong></span> <span class='ocrx_word' id='word_1_489' title='bbox 1431 3692 1597 3766; x_wconf 87' lang='lat' dir='ltr'><strong>tempestivi</strong></span> <span class='ocrx_word' id='word_1_490' title='bbox 1619 3692 1731 3768; x_wconf 89' lang='lat' dir='ltr'><strong>soporis</strong></span> <span class='ocrx_word' id='word_1_491' title='bbox 1745 3691 1875 3765; x_wconf 87' lang='lat' dir='ltr'><strong>impedi·</strong></span> 
     </span>
     <span class='ocr_line' id='line_1_39' title="bbox 163 3779 1873 3858; baseline -0.001 -20"><span class='ocrx_word' id='word_1_492' title='bbox 163 3779 990 3858; x_wconf 82' lang='lat' dir='ltr'><strong>sumaiilicticne‘lUndenecillisdehesimputare;quia</strong></span> <span class='ocrx_word' id='word_1_493' title='bbox 1044 3788 1143 3841; x_wconf 91' lang='lat' dir='ltr'><strong>mento</strong></span> <span class='ocrx_word' id='word_1_494' title='bbox 1163 3787 1298 3841; x_wconf 88' lang='lat' dir='ltr'><strong>coactum</strong></span> <span class='ocrx_word' id='word_1_495' title='bbox 1323 3798 1371 3839; x_wconf 91' lang='lat' dir='ltr'><strong>mc</strong></span> <span class='ocrx_word' id='word_1_496' title='bbox 1395 3783 1534 3840; x_wconf 86' lang='lat' dir='ltr'><strong>sentirem</strong></span> <span class='ocrx_word' id='word_1_497' title='bbox 1557 3784 1593 3839; x_wconf 91' lang='lat' dir='ltr'><strong>ad</strong></span> <span class='ocrx_word' id='word_1_498' title='bbox 1619 3780 1873 3856; x_wconf 85' lang='lat' dir='ltr'><strong>intempestivum.</strong></span> 
     </span>
     <span class='ocr_line' id='line_1_40' title="bbox 164 3869 1873 3944; baseline 0 -18"><span class='ocrx_word' id='word_1_499' title='bbox 164 3870 243 3942; x_wconf 93' lang='lat' dir='ltr'><strong>quod</strong></span> <span class='ocrx_word' id='word_1_500' title='bbox 255 3874 405 3943; x_wconf 87' lang='lat' dir='ltr'><strong>nequeunt</strong></span> <span class='ocrx_word' id='word_1_501' title='bbox 415 3870 500 3938; x_wconf 90' lang='lat' dir='ltr'><strong>scire,</strong></span> <span class='ocrx_word' id='word_1_502' title='bbox 511 3869 541 3926; x_wconf 92' lang='lat' dir='ltr'><strong>in</strong></span> <span class='ocrx_word' id='word_1_503' title='bbox 551 3887 585 3927; x_wconf 86' lang='lat' dir='ltr'><strong>ec</strong></span> <span class='ocrx_word' id='word_1_504' title='bbox 597 3887 656 3927; x_wconf 92' lang='lat' dir='ltr'><strong>non</strong></span> <span class='ocrx_word' id='word_1_505' title='bbox 678 3877 802 3944; x_wconf 90' lang='lat' dir='ltr'><strong>possunt</strong></span> <span class='ocrx_word' id='word_1_506' title='bbox 821 3875 988 3933; x_wconf 87' lang='lat' dir='ltr'><strong>subvenire.</strong></span> <span class='ocrx_word' id='word_1_507' title='bbox 1042 3873 1180 3930; x_wconf 85' lang='lat' dir='ltr'><strong>Patiebar</strong></span> <span class='ocrx_word' id='word_1_508' title='bbox 1189 3878 1218 3930; x_wconf 90' lang='lat' dir='ltr'><strong>ct</strong></span> <span class='ocrx_word' id='word_1_509' title='bbox 1228 3873 1283 3931; x_wconf 94' lang='lat' dir='ltr'><strong>hoc</strong></span> <span class='ocrx_word' id='word_1_510' title='bbox 1293 3889 1345 3944; x_wconf 88' lang='lat' dir='ltr'><strong>per</strong></span> <span class='ocrx_word' id='word_1_511' title='bbox 1354 3870 1467 3943; x_wconf 90' lang='lat' dir='ltr'><strong>aliquot</strong></span> <span class='ocrx_word' id='word_1_512' title='bbox 1476 3869 1768 3929; x_wconf 89' lang='lat' dir='ltr'><strong>annosinnccturnis</strong></span> <span class='ocrx_word' id='word_1_513' title='bbox 1777 3869 1873 3940; x_wconf 90' lang='lat' dir='ltr'><strong>horis,</strong></span> 
     </span>
     <span class='ocr_line' id='line_1_41' title="bbox 165 3957 1874 4034; baseline 0.001 -19"><span class='ocrx_word' id='word_1_514' title='bbox 165 3957 253 4015; x_wconf 86' lang='lat' dir='ltr'><strong>Novit</strong></span> <span class='ocrx_word' id='word_1_515' title='bbox 264 3958 343 4015; x_wconf 89' lang='lat' dir='ltr'><strong>enim</strong></span> <span class='ocrx_word' id='word_1_516' title='bbox 358 3958 502 4016; x_wconf 85' lang='lat' dir='ltr'><strong>Dominus</strong></span> <span class='ocrx_word' id='word_1_517' title='bbox 512 3964 541 4016; x_wconf 87' lang='lat' dir='ltr'><strong>et</strong></span> <span class='ocrx_word' id='word_1_518' title='bbox 551 3960 793 4033; x_wconf 80' lang='lat' dir='ltr'><strong>prevaletcmnia</strong></span> <span class='ocrx_word' id='word_1_519' title='bbox 806 3965 989 4023; x_wconf 75' lang='lat' dir='ltr'><strong>solualdec-</strong></span> <span class='ocrx_word' id='word_1_520' title='bbox 1043 3959 1874 4034; x_wconf 81' lang='lat' dir='ltr'><strong>ut,licetadmcdumcanusinlectulodormiensjaccram,</strong></span> 
     </span>
     <span class='ocr_line' id='line_1_42' title="bbox 167 4043 1876 4128; baseline 0.003 -27"><span class='ocrx_word' id='word_1_521' title='bbox 167 4060 223 4119; x_wconf 90' lang='lat' dir='ltr'><strong>quc</strong></span> <span class='ocrx_word' id='word_1_522' title='bbox 237 4043 281 4102; x_wconf 94' lang='lat' dir='ltr'><strong>illi</strong></span> <span class='ocrx_word' id='word_1_523' title='bbox 296 4045 351 4103; x_wconf 91' lang='lat' dir='ltr'><strong>soti</strong></span> <span class='ocrx_word' id='word_1_524' title='bbox 367 4051 482 4105; x_wconf 88' lang='lat' dir='ltr'><strong>constat</strong></span> <span class='ocrx_word' id='word_1_525' title='bbox 497 4047 704 4122; x_wconf 90' lang='lat' dir='ltr'><strong>imputandum</strong></span> <span class='ocrx_word' id='word_1_526' title='bbox 717 4053 861 4128; x_wconf 91' lang='lat' dir='ltr'><strong>quidquid</strong></span> <span class='ocrx_word' id='word_1_527' title='bbox 876 4055 991 4111; x_wconf 90' lang='lat' dir='ltr'><strong>videtur</strong></span> <span class='ocrx_word' id='word_1_528' title='bbox 1044 4068 1111 4108; x_wconf 90' lang='lat' dir='ltr'><strong>cum</strong></span> <span class='ocrx_word' id='word_1_529' title='bbox 1127 4053 1163 4109; x_wconf 90' lang='lat' dir='ltr'><strong>ad</strong></span> <span class='ocrx_word' id='word_1_530' title='bbox 1180 4051 1341 4108; x_wconf 89' lang='lat' dir='ltr'><strong>matutinae</strong></span> <span class='ocrx_word' id='word_1_531' title='bbox 1356 4048 1458 4107; x_wconf 91' lang='lat' dir='ltr'><strong>laudes</strong></span> <span class='ocrx_word' id='word_1_532' title='bbox 1477 4065 1597 4123; x_wconf 82' lang='lat' dir='ltr'><strong>surgere</strong></span> <span class='ocrx_word' id='word_1_533' title='bbox 1622 4050 1771 4117; x_wconf 87' lang='lat' dir='ltr'><strong>deberem,</strong></span> <span class='ocrx_word' id='word_1_534' title='bbox 1786 4047 1876 4122; x_wconf 88' lang='lat' dir='ltr'><strong>quasi</strong></span> 
     </span>
     <span class='ocr_line' id='line_1_43' title="bbox 165 4135 1876 4217; baseline 0.001 -25"><span class='ocrx_word' id='word_1_535' title='bbox 165 4135 299 4207; x_wconf 90' lang='lat' dir='ltr'><strong>ineptum</strong></span> <span class='ocrx_word' id='word_1_536' title='bbox 314 4137 344 4192; x_wconf 92' lang='lat' dir='ltr'><strong>et</strong></span> <span class='ocrx_word' id='word_1_537' title='bbox 356 4135 567 4195; x_wconf 90' lang='lat' dir='ltr'><strong>inordinatum.</strong></span> <span class='ocrx_word' id='word_1_538' title='bbox 587 4142 658 4196; x_wconf 88' lang='lat' dir='ltr'><strong>Cum</strong></span> <span class='ocrx_word' id='word_1_539' title='bbox 681 4155 749 4214; x_wconf 88' lang='lat' dir='ltr'><strong>ergo</strong></span> <span class='ocrx_word' id='word_1_540' title='bbox 764 4142 838 4200; x_wconf 90' lang='lat' dir='ltr'><strong>sciat</strong></span> <span class='ocrx_word' id='word_1_541' title='bbox 852 4148 881 4200; x_wconf 92' lang='lat' dir='ltr'><strong>et</strong></span> <span class='ocrx_word' id='word_1_542' title='bbox 895 4144 991 4217; x_wconf 92' lang='lat' dir='ltr'><strong>possit</strong></span> <span class='ocrx_word' id='word_1_543' title='bbox 1044 4142 1318 4213; x_wconf 89' lang='lat' dir='ltr'><strong>compedequcdam</strong></span> <span class='ocrx_word' id='word_1_544' title='bbox 1329 4139 1529 4197; x_wconf 87' lang='lat' dir='ltr'><strong>membrorum</strong></span> <span class='ocrx_word' id='word_1_545' title='bbox 1545 4139 1679 4196; x_wconf 90' lang='lat' dir='ltr'><strong>omnium</strong></span> <span class='ocrx_word' id='word_1_546' title='bbox 1689 4137 1876 4212; x_wconf 83' lang='lat' dir='ltr'><strong>constringe-</strong></span> 
     </span>
     <span class='ocr_line' id='line_1_44' title="bbox 167 4223 1876 4305; baseline 0 -22"><span class='ocrx_word' id='word_1_547' title='bbox 167 4223 276 4292; x_wconf 88' lang='lat' dir='ltr'><strong>0mnia,</strong></span> <span class='ocrx_word' id='word_1_548' title='bbox 288 4240 378 4298; x_wconf 87' lang='lat' dir='ltr'><strong>quare</strong></span> <span class='ocrx_word' id='word_1_549' title='bbox 388 4241 446 4282; x_wconf 92' lang='lat' dir='ltr'><strong>non</strong></span> <span class='ocrx_word' id='word_1_550' title='bbox 462 4226 583 4298; x_wconf 75' lang='lat' dir='ltr'><strong>adjrwat</strong></span> <span class='ocrx_word' id='word_1_551' title='bbox 593 4231 621 4284; x_wconf 90' lang='lat' dir='ltr'><strong>te</strong></span> <span class='ocrx_word' id='word_1_552' title='bbox 630 4227 661 4285; x_wconf 90' lang='lat' dir='ltr'><strong>in</strong></span> <span class='ocrx_word' id='word_1_553' title='bbox 671 4229 858 4289; x_wconf 91' lang='lat' dir='ltr'><strong>tribulatione</strong></span> <span class='ocrx_word' id='word_1_554' title='bbox 867 4237 927 4300; x_wconf 89' lang='lat' dir='ltr'><strong>tua,</strong></span> <span class='ocrx_word' id='word_1_555' title='bbox 939 4233 990 4305; x_wconf 93' lang='lat' dir='ltr'><strong>qui</strong></span> <span class='ocrx_word' id='word_1_556' title='bbox 1045 4246 1092 4287; x_wconf 90' lang='lat' dir='ltr'><strong>rer</strong></span> <span class='ocrx_word' id='word_1_557' title='bbox 1102 4229 1263 4301; x_wconf 88' lang='lat' dir='ltr'><strong>debilitate,</strong></span> <span class='ocrx_word' id='word_1_558' title='bbox 1275 4230 1377 4303; x_wconf 92' lang='lat' dir='ltr'><strong>sicque</strong></span> <span class='ocrx_word' id='word_1_559' title='bbox 1387 4228 1585 4286; x_wconf 90' lang='lat' dir='ltr'><strong>adecclesiam</strong></span> <span class='ocrx_word' id='word_1_560' title='bbox 1595 4227 1749 4286; x_wconf 90' lang='lat' dir='ltr'><strong>nutantiet</strong></span> <span class='ocrx_word' id='word_1_561' title='bbox 1758 4226 1876 4285; x_wconf 82' lang='lat' dir='ltr'><strong>difficil-</strong></span> 
     </span>
     <span class='ocr_line' id='line_1_45' title="bbox 167 4312 1877 4392; baseline 0.001 -22"><span class='ocrx_word' id='word_1_562' title='bbox 167 4327 220 4386; x_wconf 90' lang='lat' dir='ltr'><strong>pro</strong></span> <span class='ocrx_word' id='word_1_563' title='bbox 231 4312 298 4385; x_wconf 80' lang='lat' dir='ltr'><strong>ejus</strong></span> <span class='ocrx_word' id='word_1_564' title='bbox 307 4330 406 4371; x_wconf 89' lang='lat' dir='ltr'><strong>amore</strong></span> <span class='ocrx_word' id='word_1_565' title='bbox 415 4313 561 4389; x_wconf 90' lang='lat' dir='ltr'><strong>reliquisti</strong></span> <span class='ocrx_word' id='word_1_566' title='bbox 570 4321 600 4374; x_wconf 91' lang='lat' dir='ltr'><strong>at</strong></span> <span class='ocrx_word' id='word_1_567' title='bbox 611 4319 692 4391; x_wconf 89' lang='lat' dir='ltr'><strong>prius</strong></span> <span class='ocrx_word' id='word_1_568' title='bbox 703 4320 854 4390; x_wconf 77' lang='lat' dir='ltr'><strong>seculum,</strong></span> <span class='ocrx_word' id='word_1_569' title='bbox 865 4327 894 4378; x_wconf 90' lang='lat' dir='ltr'><strong>ct</strong></span> <span class='ocrx_word' id='word_1_570' title='bbox 904 4323 990 4379; x_wconf 91' lang='lat' dir='ltr'><strong>modo</strong></span> <span class='ocrx_word' id='word_1_571' title='bbox 1045 4318 1116 4376; x_wconf 92' lang='lat' dir='ltr'><strong>limo</strong></span> <span class='ocrx_word' id='word_1_572' title='bbox 1127 4335 1230 4392; x_wconf 90' lang='lat' dir='ltr'><strong>gressu</strong></span> <span class='ocrx_word' id='word_1_573' title='bbox 1239 4320 1430 4392; x_wconf 88' lang='lat' dir='ltr'><strong>pervenirem.</strong></span> <span class='ocrx_word' id='word_1_574' title='bbox 1442 4316 1617 4376; x_wconf 87' lang='lat' dir='ltr'><strong>Proierenda</strong></span> <span class='ocrx_word' id='word_1_575' title='bbox 1640 4321 1684 4374; x_wconf 90' lang='lat' dir='ltr'><strong>est</strong></span> <span class='ocrx_word' id='word_1_576' title='bbox 1699 4316 1797 4374; x_wconf 91' lang='lat' dir='ltr'><strong>adbuc</strong></span> <span class='ocrx_word' id='word_1_577' title='bbox 1809 4320 1877 4373; x_wconf 84' lang='lat' dir='ltr'><strong>tsn-</strong></span> 
     </span>
     <span class='ocr_line' id='line_1_46' title="bbox 167 4400 1878 4480; baseline 0.001 -21"><span class='ocrx_word' id='word_1_578' title='bbox 167 4400 280 4459; x_wconf 91' lang='lat' dir='ltr'><strong>diutius</strong></span> <span class='ocrx_word' id='word_1_579' title='bbox 294 4402 530 4462; x_wconf 79' lang='lat' dir='ltr'><strong>inestimabilem</strong></span> <span class='ocrx_word' id='word_1_580' title='bbox 555 4407 685 4464; x_wconf 84' lang='lat' dir='ltr'><strong>sustines</strong></span> <span class='ocrx_word' id='word_1_581' title='bbox 711 4409 897 4467; x_wconf 77' lang='lat' dir='ltr'><strong>cruciatum?</strong></span> <span class='ocrx_word' id='word_1_582' title='bbox 911 4414 989 4480; x_wconf 84' lang='lat' dir='ltr'><strong>Qua,</strong></span> <span class='ocrx_word' id='word_1_583' title='bbox 1044 4409 1117 4465; x_wconf 88' lang='lat' dir='ltr'><strong>tatio</strong></span> <span class='ocrx_word' id='word_1_584' title='bbox 1132 4413 1160 4464; x_wconf 87' lang='lat' dir='ltr'><strong>et</strong></span> <span class='ocrx_word' id='word_1_585' title='bbox 1175 4406 1288 4464; x_wconf 87' lang='lat' dir='ltr'><strong>delusio</strong></span> <span class='ocrx_word' id='word_1_586' title='bbox 1301 4424 1370 4476; x_wconf 90' lang='lat' dir='ltr'><strong>una,</strong></span> <span class='ocrx_word' id='word_1_587' title='bbox 1382 4424 1471 4479; x_wconf 89' lang='lat' dir='ltr'><strong>quam</strong></span> <span class='ocrx_word' id='word_1_588' title='bbox 1483 4410 1563 4462; x_wconf 89' lang='lat' dir='ltr'><strong>tanto</strong></span> <span class='ocrx_word' id='word_1_589' title='bbox 1574 4403 1724 4462; x_wconf 83' lang='lat' dir='ltr'><strong>difficilius</strong></span> <span class='ocrx_word' id='word_1_590' title='bbox 1735 4403 1878 4461; x_wconf 87' lang='lat' dir='ltr'><strong>intimare</strong></span> 
     </span>
     <span class='ocr_line' id='line_1_47' title="bbox 166 4491 1877 4573; baseline 0 -23"><span class='ocrx_word' id='word_1_591' title='bbox 166 4507 248 4565; x_wconf 86' lang='lat' dir='ltr'><strong>rogo,</strong></span> <span class='ocrx_word' id='word_1_592' title='bbox 259 4491 317 4550; x_wconf 89' lang='lat' dir='ltr'><strong>ista</strong></span> <span class='ocrx_word' id='word_1_593' title='bbox 326 4491 381 4549; x_wconf 89' lang='lat' dir='ltr'><strong>erit</strong></span> <span class='ocrx_word' id='word_1_594' title='bbox 391 4492 464 4551; x_wconf 88' lang='lat' dir='ltr'><strong>ratic</strong></span> <span class='ocrx_word' id='word_1_595' title='bbox 482 4494 686 4568; x_wconf 89' lang='lat' dir='ltr'><strong>districtionis,</strong></span> <span class='ocrx_word' id='word_1_596' title='bbox 699 4513 762 4570; x_wconf 86' lang='lat' dir='ltr'><strong>qua</strong></span> <span class='ocrx_word' id='word_1_597' title='bbox 782 4499 820 4556; x_wconf 88' lang='lat' dir='ltr'><strong>ad</strong></span> <span class='ocrx_word' id='word_1_598' title='bbox 839 4516 871 4556; x_wconf 89' lang='lat' dir='ltr'><strong>se</strong></span> <span class='ocrx_word' id='word_1_599' title='bbox 883 4499 992 4573; x_wconf 88' lang='lat' dir='ltr'><strong>jugiter</strong></span> <span class='ocrx_word' id='word_1_600' title='bbox 1046 4513 1131 4570; x_wconf 90' lang='lat' dir='ltr'><strong>queo,</strong></span> <span class='ocrx_word' id='word_1_601' title='bbox 1144 4501 1253 4570; x_wconf 90' lang='lat' dir='ltr'><strong>quanto</strong></span> <span class='ocrx_word' id='word_1_602' title='bbox 1264 4512 1415 4568; x_wconf 89' lang='lat' dir='ltr'><strong>nunquam</strong></span> <span class='ocrx_word' id='word_1_603' title='bbox 1429 4493 1540 4568; x_wconf 90' lang='lat' dir='ltr'><strong>aliquid</strong></span> <span class='ocrx_word' id='word_1_604' title='bbox 1554 4492 1728 4566; x_wconf 86' lang='lat' dir='ltr'><strong>hujusmodi</strong></span> <span class='ocrx_word' id='word_1_605' title='bbox 1738 4492 1877 4567; x_wconf 77' lang='lat' dir='ltr'><strong>legebam</strong></span> 
     </span>
     <span class='ocr_line' id='line_1_48' title="bbox 165 4579 1877 4667; baseline -0.001 -29"><span class='ocrx_word' id='word_1_606' title='bbox 165 4579 328 4640; x_wconf 87' lang='lat' dir='ltr'><strong>clamantes</strong></span> <span class='ocrx_word' id='word_1_607' title='bbox 337 4582 476 4641; x_wconf 89' lang='lat' dir='ltr'><strong>omnibus</strong></span> <span class='ocrx_word' id='word_1_608' title='bbox 486 4582 598 4642; x_wconf 88' lang='lat' dir='ltr'><strong>cruciat</strong></span> <span class='ocrx_word' id='word_1_609' title='bbox 609 4586 706 4644; x_wconf 89' lang='lat' dir='ltr'><strong>modis</strong></span> <span class='ocrx_word' id='word_1_610' title='bbox 717 4587 795 4644; x_wconf 83' lang='lat' dir='ltr'><strong>lFac</strong></span> <span class='ocrx_word' id='word_1_611' title='bbox 806 4588 885 4661; x_wconf 93' lang='lat' dir='ltr'><strong>quod</strong></span> <span class='ocrx_word' id='word_1_612' title='bbox 897 4589 991 4646; x_wconf 89' lang='lat' dir='ltr'><strong>iactu·</strong></span> <span class='ocrx_word' id='word_1_613' title='bbox 1007 4601 1031 4667; x_wconf 80' lang='lat'><strong>1)</strong></span> <span class='ocrx_word' id='word_1_614' title='bbox 1046 4584 1090 4643; x_wconf 90' lang='lat' dir='ltr'><strong>vel</strong></span> <span class='ocrx_word' id='word_1_615' title='bbox 1099 4586 1254 4643; x_wconf 85' lang='lat' dir='ltr'><strong>audiebam</strong></span> <span class='ocrx_word' id='word_1_616' title='bbox 1266 4585 1303 4642; x_wconf 94' lang='lat' dir='ltr'><strong>ab</strong></span> <span class='ocrx_word' id='word_1_617' title='bbox 1317 4584 1551 4657; x_wconf 89' lang='lat' dir='ltr'><strong>ullo.Postquam</strong></span> <span class='ocrx_word' id='word_1_618' title='bbox 1569 4583 1647 4641; x_wconf 88' lang='lat' dir='ltr'><strong>enim</strong></span> <span class='ocrx_word' id='word_1_619' title='bbox 1659 4580 1877 4656; x_wconf 83' lang='lat' dir='ltr'><strong>suprascriptis</strong></span> 
     </span>
     <span class='ocr_line' id='line_1_49' title="bbox 166 4668 1882 4752; baseline -0.001 -24"><span class='ocrx_word' id='word_1_620' title='bbox 166 4671 285 4729; x_wconf 89' lang='lat' dir='ltr'><strong>rueeris</strong></span> <span class='ocrx_word' id='word_1_621' title='bbox 297 4697 305 4740; x_wconf 89' lang='lat'>;</span> <span class='ocrx_word' id='word_1_622' title='bbox 317 4671 430 4746; x_wconf 88' lang='lat' dir='ltr'><strong>depone</strong></span> <span class='ocrx_word' id='word_1_623' title='bbox 442 4690 639 4748; x_wconf 88' lang='lat' dir='ltr'><strong>supervacuas</strong></span> <span class='ocrx_word' id='word_1_624' title='bbox 649 4681 788 4749; x_wconf 89' lang='lat' dir='ltr'><strong>prcceeet</strong></span> <span class='ocrx_word' id='word_1_625' title='bbox 799 4677 910 4747; x_wconf 88' lang='lat' dir='ltr'><strong>luctus;</strong></span> <span class='ocrx_word' id='word_1_626' title='bbox 923 4678 993 4752; x_wconf 91' lang='lat' dir='ltr'><strong>quia</strong></span> <span class='ocrx_word' id='word_1_627' title='bbox 1047 4680 1075 4731; x_wconf 89' lang='lat' dir='ltr'><strong>et</strong></span> <span class='ocrx_word' id='word_1_628' title='bbox 1089 4675 1154 4732; x_wconf 91' lang='lat' dir='ltr'><strong>aliis</strong></span> <span class='ocrx_word' id='word_1_629' title='bbox 1169 4675 1271 4732; x_wconf 88' lang='lat' dir='ltr'><strong>multis</strong></span> <span class='ocrx_word' id='word_1_630' title='bbox 1286 4673 1508 4741; x_wconf 90' lang='lat' dir='ltr'><strong>tentationibus,</strong></span> <span class='ocrx_word' id='word_1_631' title='bbox 1524 4689 1650 4745; x_wconf 90' lang='lat' dir='ltr'><strong>quarum</strong></span> <span class='ocrx_word' id='word_1_632' title='bbox 1665 4672 1812 4745; x_wconf 88' lang='lat' dir='ltr'><strong>quasdam</strong></span> <span class='ocrx_word' id='word_1_633' title='bbox 1823 4668 1882 4727; x_wconf 88' lang='lat' dir='ltr'><strong>mi·</strong></span> 
     </span>
     <span class='ocr_line' id='line_1_50' title="bbox 166 4757 1877 4838; baseline 0.001 -23"><span class='ocrx_word' id='word_1_634' title='bbox 166 4757 217 4816; x_wconf 90' lang='lat' dir='ltr'><strong>ille</strong></span> <span class='ocrx_word' id='word_1_635' title='bbox 231 4760 261 4815; x_wconf 95' lang='lat' dir='ltr'><strong>in</strong></span> <span class='ocrx_word' id='word_1_636' title='bbox 277 4760 332 4817; x_wconf 88' lang='lat' dir='ltr'><strong>hac</strong></span> <span class='ocrx_word' id='word_1_637' title='bbox 359 4762 511 4821; x_wconf 86' lang='lat' dir='ltr'><strong>severitate</strong></span> <span class='ocrx_word' id='word_1_638' title='bbox 535 4764 565 4821; x_wconf 89' lang='lat' dir='ltr'><strong>iu</strong></span> <span class='ocrx_word' id='word_1_639' title='bbox 581 4783 640 4838; x_wconf 81' lang='lat' dir='ltr'><strong>qua</strong></span> <span class='ocrx_word' id='word_1_640' title='bbox 651 4766 794 4824; x_wconf 87' lang='lat' dir='ltr'><strong>hactenus</strong></span> <span class='ocrx_word' id='word_1_641' title='bbox 806 4771 878 4837; x_wconf 87' lang='lat' dir='ltr'><strong>erat,</strong></span> <span class='ocrx_word' id='word_1_642' title='bbox 889 4768 993 4824; x_wconf 91' lang='lat' dir='ltr'><strong>amodo</strong></span> <span class='ocrx_word' id='word_1_643' title='bbox 1048 4764 1168 4820; x_wconf 90' lang='lat' dir='ltr'><strong>nimein</strong></span> <span class='ocrx_word' id='word_1_644' title='bbox 1179 4762 1434 4831; x_wconf 88' lang='lat' dir='ltr'><strong>memoriababco,</strong></span> <span class='ocrx_word' id='word_1_645' title='bbox 1447 4763 1590 4835; x_wconf 88' lang='lat' dir='ltr'><strong>quaedum</strong></span> <span class='ocrx_word' id='word_1_646' title='bbox 1611 4778 1689 4831; x_wconf 86' lang='lat' dir='ltr'><strong>vero,</strong></span> <span class='ocrx_word' id='word_1_647' title='bbox 1701 4777 1738 4822; x_wconf 91' lang='lat' dir='ltr'><strong>ne</strong></span> <span class='ocrx_word' id='word_1_648' title='bbox 1748 4759 1877 4834; x_wconf 88' lang='lat' dir='ltr'><strong>logenti-</strong></span> 
     </span>
     <span class='ocr_line' id='line_1_51' title="bbox 168 4847 1877 4929; baseline -0.001 -23"><span class='ocrx_word' id='word_1_649' title='bbox 168 4849 259 4906; x_wconf 88' lang='lat' dir='ltr'><strong>ctiam</strong></span> <span class='ocrx_word' id='word_1_650' title='bbox 275 4857 459 4923; x_wconf 86' lang='lat' dir='ltr'><strong>perseverat:</strong></span> <span class='ocrx_word' id='word_1_651' title='bbox 476 4870 545 4910; x_wconf 91' lang='lat' dir='ltr'><strong>nam</strong></span> <span class='ocrx_word' id='word_1_652' title='bbox 561 4856 650 4912; x_wconf 90' lang='lat' dir='ltr'><strong>nimis</strong></span> <span class='ocrx_word' id='word_1_653' title='bbox 665 4856 790 4913; x_wconf 91' lang='lat' dir='ltr'><strong>stultum</strong></span> <span class='ocrx_word' id='word_1_654' title='bbox 805 4857 996 4929; x_wconf 89' lang='lat' dir='ltr'><strong>eeteapreci·</strong></span> <span class='ocrx_word' id='word_1_655' title='bbox 1048 4853 1104 4909; x_wconf 93' lang='lat' dir='ltr'><strong>bus</strong></span> <span class='ocrx_word' id='word_1_656' title='bbox 1120 4851 1180 4909; x_wconf 90' lang='lat' dir='ltr'><strong>sint</strong></span> <span class='ocrx_word' id='word_1_657' title='bbox 1192 4851 1289 4924; x_wconf 82' lang='lat' dir='ltr'><strong>tedio,</strong></span> <span class='ocrx_word' id='word_1_658' title='bbox 1305 4852 1352 4908; x_wconf 89' lang='lat' dir='ltr'><strong>hic</strong></span> <span class='ocrx_word' id='word_1_659' title='bbox 1375 4853 1504 4925; x_wconf 88' lang='lat' dir='ltr'><strong>prolerre</strong></span> <span class='ocrx_word' id='word_1_660' title='bbox 1529 4850 1605 4919; x_wconf 92' lang='lat' dir='ltr'><strong>nolo,</strong></span> <span class='ocrx_word' id='word_1_661' title='bbox 1630 4866 1697 4908; x_wconf 91' lang='lat' dir='ltr'><strong>sum</strong></span> <span class='ocrx_word' id='word_1_662' title='bbox 1712 4847 1877 4922; x_wconf 83' lang='lat' dir='ltr'><strong>impulsas,</strong></span> 
     </span>
     <span class='ocr_line' id='line_1_52' title="bbox 169 4934 1878 5018; baseline -0.001 -23"><span class='ocrx_word' id='word_1_663' title='bbox 169 4937 227 4996; x_wconf 90' lang='lat' dir='ltr'><strong>bus</strong></span> <span class='ocrx_word' id='word_1_664' title='bbox 246 4941 389 4997; x_wconf 88' lang='lat' dir='ltr'><strong>attentare</strong></span> <span class='ocrx_word' id='word_1_665' title='bbox 402 4957 466 5013; x_wconf 84' lang='lat' dir='ltr'><strong>qua</strong></span> <span class='ocrx_word' id='word_1_666' title='bbox 481 4946 510 4998; x_wconf 90' lang='lat' dir='ltr'><strong>te</strong></span> <span class='ocrx_word' id='word_1_667' title='bbox 533 4943 610 5001; x_wconf 85' lang='lat' dir='ltr'><strong>scias</strong></span> <span class='ocrx_word' id='word_1_668' title='bbox 638 4960 696 5001; x_wconf 92' lang='lat' dir='ltr'><strong>non</strong></span> <span class='ocrx_word' id='word_1_669' title='bbox 722 4960 809 5018; x_wconf 89' lang='lat' dir='ltr'><strong>posse</strong></span> <span class='ocrx_word' id='word_1_670' title='bbox 823 4944 992 5018; x_wconf 86' lang='lat' dir='ltr'><strong>impetrare.</strong></span> <span class='ocrx_word' id='word_1_671' title='bbox 1048 4942 1110 5011; x_wconf 90' lang='lat' dir='ltr'><strong>sed,</strong></span> <span class='ocrx_word' id='word_1_672' title='bbox 1134 4959 1186 5015; x_wconf 90' lang='lat' dir='ltr'><strong>per</strong></span> <span class='ocrx_word' id='word_1_673' title='bbox 1204 4941 1256 4998; x_wconf 88' lang='lat' dir='ltr'><strong>Ilei</strong></span> <span class='ocrx_word' id='word_1_674' title='bbox 1276 4941 1412 5015; x_wconf 87' lang='lat' dir='ltr'><strong>gratiam,</strong></span> <span class='ocrx_word' id='word_1_675' title='bbox 1428 4941 1513 4997; x_wconf 83' lang='lat' dir='ltr'><strong>eilde</strong></span> <span class='ocrx_word' id='word_1_676' title='bbox 1522 4944 1552 4997; x_wconf 91' lang='lat' dir='ltr'><strong>et</strong></span> <span class='ocrx_word' id='word_1_677' title='bbox 1561 4955 1611 5012; x_wconf 83' lang='lat' dir='ltr'><strong>sps</strong></span> <span class='ocrx_word' id='word_1_678' title='bbox 1635 4934 1878 4996; x_wconf 83' lang='lat' dir='ltr'><strong>coelcstisauxilii</strong></span> 
     </span>
     <span class='ocr_line' id='line_1_53' title="bbox 169 5024 1875 5108; baseline -0.001 -25"><span class='ocrx_word' id='word_1_679' title='bbox 169 5024 375 5085; x_wconf 80' lang='lat' dir='ltr'><strong>Verumtamen</strong></span> <span class='ocrx_word' id='word_1_680' title='bbox 391 5026 451 5084; x_wconf 92' lang='lat' dir='ltr'><strong>noli</strong></span> <span class='ocrx_word' id='word_1_681' title='bbox 463 5027 576 5098; x_wconf 89' lang='lat' dir='ltr'><strong>timere,</strong></span> <span class='ocrx_word' id='word_1_682' title='bbox 589 5030 659 5104; x_wconf 90' lang='lat' dir='ltr'><strong>quia</strong></span> <span class='ocrx_word' id='word_1_683' title='bbox 669 5049 832 5104; x_wconf 90' lang='lat' dir='ltr'><strong>numquam</strong></span> <span class='ocrx_word' id='word_1_684' title='bbox 842 5032 930 5090; x_wconf 93' lang='lat' dir='ltr'><strong>unius</strong></span> <span class='ocrx_word' id='word_1_685' title='bbox 941 5050 993 5108; x_wconf 91' lang='lat' dir='ltr'><strong>pc·</strong></span> <span class='ocrx_word' id='word_1_686' title='bbox 1048 5028 1376 5104; x_wconf 82' lang='lat' dir='ltr'><strong>nequaquamevulsue3</strong></span> <span class='ocrx_word' id='word_1_687' title='bbox 1393 5024 1875 5102; x_wconf 85' lang='lat' dir='ltr'><strong>tuncimpugnationctalidiutiue</strong></span> 
     </span>
     <span class='ocr_line' id='line_1_54' title="bbox 168 5115 1878 5194; baseline -0.001 -18"><span class='ocrx_word' id='word_1_688' title='bbox 168 5116 993 5194; x_wconf 81' lang='lat' dir='ltr'><strong>tentisinjustitiaomnespermittiturperderc.0uomodc</strong></span> <span class='ocrx_word' id='word_1_689' title='bbox 1047 5120 1177 5193; x_wconf 91' lang='lat' dir='ltr'><strong>torqueri</strong></span> <span class='ocrx_word' id='word_1_690' title='bbox 1190 5136 1236 5176; x_wconf 88' lang='lat' dir='ltr'><strong>me</strong></span> <span class='ocrx_word' id='word_1_691' title='bbox 1257 5118 1432 5187; x_wconf 89' lang='lat' dir='ltr'><strong>sentiebam,</strong></span> <span class='ocrx_word' id='word_1_692' title='bbox 1449 5134 1606 5191; x_wconf 89' lang='lat' dir='ltr'><strong>perquam</strong></span> <span class='ocrx_word' id='word_1_693' title='bbox 1621 5121 1651 5174; x_wconf 88' lang='lat' dir='ltr'><strong>et</strong></span> <span class='ocrx_word' id='word_1_694' title='bbox 1664 5117 1699 5175; x_wconf 89' lang='lat' dir='ltr'><strong>de</strong></span> <span class='ocrx_word' id='word_1_695' title='bbox 1713 5115 1878 5190; x_wconf 81' lang='lat' dir='ltr'><strong>Scripturas</strong></span> 
     </span>
     <span class='ocr_line' id='line_1_55' title="bbox 167 5205 1880 5284; baseline 0 -20"><span class='ocrx_word' id='word_1_696' title='bbox 167 5206 554 5281; x_wconf 88' lang='lat' dir='ltr'><strong>enimpcssetsseriuthcmo</strong></span> <span class='ocrx_word' id='word_1_697' title='bbox 569 5208 727 5284; x_wconf 87' lang='lat' dir='ltr'><strong>quisquam</strong></span> <span class='ocrx_word' id='word_1_698' title='bbox 744 5216 905 5269; x_wconf 91' lang='lat' dir='ltr'><strong>mereretur</strong></span> <span class='ocrx_word' id='word_1_699' title='bbox 915 5229 992 5270; x_wconf 86' lang='lat' dir='ltr'><strong>som·</strong></span> <span class='ocrx_word' id='word_1_700' title='bbox 1047 5214 1156 5266; x_wconf 79' lang='lat' dir='ltr'><strong>sanctas</strong></span> <span class='ocrx_word' id='word_1_701' title='bbox 1166 5208 1290 5265; x_wconf 88' lang='lat' dir='ltr'><strong>scientia</strong></span> <span class='ocrx_word' id='word_1_702' title='bbox 1301 5213 1329 5265; x_wconf 91' lang='lat' dir='ltr'><strong>st</strong></span> <span class='ocrx_word' id='word_1_703' title='bbox 1342 5209 1437 5281; x_wconf 92' lang='lat' dir='ltr'><strong>ipsius</strong></span> <span class='ocrx_word' id='word_1_704' title='bbox 1453 5206 1501 5264; x_wconf 83' lang='lat' dir='ltr'><strong>Dei</strong></span> <span class='ocrx_word' id='word_1_705' title='bbox 1517 5207 1774 5280; x_wconf 87' lang='lat' dir='ltr'><strong>essentiaprorsus</strong></span> <span class='ocrx_word' id='word_1_706' title='bbox 1790 5205 1880 5264; x_wconf 85' lang='lat' dir='ltr'><strong>dubl-</strong></span> 
     </span>
     <span class='ocr_line' id='line_1_56' title="bbox 164 5294 1880 5372; baseline -0.001 -18"><span class='ocrx_word' id='word_1_707' title='bbox 164 5310 215 5370; x_wconf 86' lang='lat' dir='ltr'><strong>per</strong></span> <span class='ocrx_word' id='word_1_708' title='bbox 229 5297 321 5370; x_wconf 88' lang='lat' dir='ltr'><strong>aliligi</strong></span> <span class='ocrx_word' id='word_1_709' title='bbox 331 5296 399 5356; x_wconf 85' lang='lat' dir='ltr'><strong>‘ivel</strong></span> <span class='ocrx_word' id='word_1_710' title='bbox 413 5296 480 5370; x_wconf 90' lang='lat' dir='ltr'><strong>quis</strong></span> <span class='ocrx_word' id='word_1_711' title='bbox 491 5297 624 5356; x_wconf 90' lang='lat' dir='ltr'><strong>mortalis</strong></span> <span class='ocrx_word' id='word_1_712' title='bbox 637 5298 701 5356; x_wconf 90' lang='lat' dir='ltr'><strong>sine</strong></span> <span class='ocrx_word' id='word_1_713' title='bbox 712 5303 829 5372; x_wconf 89' lang='lat' dir='ltr'><strong>peccato</strong></span> <span class='ocrx_word' id='word_1_714' title='bbox 841 5301 918 5358; x_wconf 89' lang='lat' dir='ltr'><strong>valet</strong></span> <span class='ocrx_word' id='word_1_715' title='bbox 928 5318 992 5359; x_wconf 90' lang='lat' dir='ltr'><strong>esse</strong></span> <span class='ocrx_word' id='word_1_716' title='bbox 1045 5296 1489 5370; x_wconf 84' lang='lat' dir='ltr'><strong>taracompellabar.lnaliarum</strong></span> <span class='ocrx_word' id='word_1_717' title='bbox 1498 5295 1617 5369; x_wconf 89' lang='lat' dir='ltr'><strong>quidem</strong></span> <span class='ocrx_word' id='word_1_718' title='bbox 1625 5294 1823 5352; x_wconf 89' lang='lat' dir='ltr'><strong>tentationum</strong></span> <span class='ocrx_word' id='word_1_719' title='bbox 1830 5295 1880 5353; x_wconf 89' lang='lat' dir='ltr'><strong>di·</strong></span> 
     </span>
     <span class='ocr_line' id='line_1_57' title="bbox 160 5382 1879 5463; baseline -0.001 -18"><span class='ocrx_word' id='word_1_720' title='bbox 160 5385 204 5445; x_wconf 65' lang='lat' dir='ltr'><strong>sh</strong></span> <span class='ocrx_word' id='word_1_721' title='bbox 215 5382 300 5442; x_wconf 89' lang='lat' dir='ltr'><strong>initio</strong></span> <span class='ocrx_word' id='word_1_722' title='bbox 314 5388 453 5459; x_wconf 87' lang='lat' dir='ltr'><strong>usquead</strong></span> <span class='ocrx_word' id='word_1_723' title='bbox 464 5388 553 5444; x_wconf 83' lang='lat' dir='ltr'><strong>finem</strong></span> <span class='ocrx_word' id='word_1_724' title='bbox 569 5386 719 5445; x_wconf 72' lang='lat' dir='ltr'><strong>vicerant</strong></span> <span class='ocrx_word' id='word_1_725' title='bbox 729 5389 843 5461; x_wconf 89' lang='lat' dir='ltr'><strong>parvuli</strong></span> <span class='ocrx_word' id='word_1_726' title='bbox 853 5390 992 5448; x_wconf 84' lang='lat' dir='ltr'><strong>iunocen-</strong></span> <span class='ocrx_word' id='word_1_727' title='bbox 1045 5387 1184 5445; x_wconf 88' lang='lat' dir='ltr'><strong>scrimine</strong></span> <span class='ocrx_word' id='word_1_728' title='bbox 1194 5385 1312 5463; x_wconf 88' lang='lat' dir='ltr'><strong>aliquod</strong></span> <span class='ocrx_word' id='word_1_729' title='bbox 1323 5384 1670 5460; x_wconf 79' lang='lat' dir='ltr'><strong>refrigeriiiutervallum,</strong></span> <span class='ocrx_word' id='word_1_730' title='bbox 1677 5383 1799 5458; x_wconf 89' lang='lat' dir='ltr'><strong>aliquod</strong></span> <span class='ocrx_word' id='word_1_731' title='bbox 1810 5385 1879 5459; x_wconf 88' lang='lat' dir='ltr'><strong>spei</strong></span> 
     </span>
     <span class='ocr_line' id='line_1_58' title="bbox 164 5472 1877 5552; baseline 0.002 -22"><span class='ocrx_word' id='word_1_732' title='bbox 164 5472 208 5531; x_wconf 89' lang='lat' dir='ltr'><strong>tic</strong></span> <span class='ocrx_word' id='word_1_733' title='bbox 220 5473 346 5546; x_wconf 90' lang='lat' dir='ltr'><strong>qualiter</strong></span> <span class='ocrx_word' id='word_1_734' title='bbox 356 5475 467 5549; x_wconf 88' lang='lat' dir='ltr'><strong>acquiri</strong></span> <span class='ocrx_word' id='word_1_735' title='bbox 480 5478 615 5551; x_wconf 87' lang='lat' dir='ltr'><strong>potestin</strong></span> <span class='ocrx_word' id='word_1_736' title='bbox 627 5478 764 5535; x_wconf 78' lang='lat' dir='ltr'><strong>senecta?</strong></span> <span class='ocrx_word' id='word_1_737' title='bbox 774 5479 990 5539; x_wconf 76' lang='lat' dir='ltr'><strong>sicuttlbristus</strong></span> <span class='ocrx_word' id='word_1_738' title='bbox 1046 5479 1238 5551; x_wconf 77' lang='lat' dir='ltr'><strong>prestabatur</strong></span> <span class='ocrx_word' id='word_1_739' title='bbox 1252 5477 1415 5552; x_wconf 76' lang='lat' dir='ltr'><strong>refugium3</strong></span> <span class='ocrx_word' id='word_1_740' title='bbox 1432 5477 1462 5532; x_wconf 93' lang='lat' dir='ltr'><strong>in</strong></span> <span class='ocrx_word' id='word_1_741' title='bbox 1477 5473 1564 5533; x_wconf 90' lang='lat' dir='ltr'><strong>istius</strong></span> <span class='ocrx_word' id='word_1_742' title='bbox 1578 5489 1645 5531; x_wconf 89' lang='lat' dir='ltr'><strong>vero</strong></span> <span class='ocrx_word' id='word_1_743' title='bbox 1665 5472 1805 5548; x_wconf 89' lang='lat' dir='ltr'><strong>passione</strong></span> <span class='ocrx_word' id='word_1_744' title='bbox 1818 5490 1877 5548; x_wconf 80' lang='lat' dir='ltr'><strong>per</strong></span> 
     </span>
     <span class='ocr_line' id='line_1_59' title="bbox 88 5561 1875 5642; baseline 0.002 -24"><span class='ocrx_word' id='word_1_745' title='bbox 88 5622 93 5627; x_wconf 70' lang='grc'><strong>,</strong></span> <span class='ocrx_word' id='word_1_746' title='bbox 164 5561 271 5622; x_wconf 87' lang='lat' dir='ltr'><strong>dccet:</strong></span> <span class='ocrx_word' id='word_1_747' title='bbox 288 5563 348 5621; x_wconf 82' lang='lat' dir='ltr'><strong>Nisi</strong></span> <span class='ocrx_word' id='word_1_748' title='bbox 366 5564 513 5639; x_wconf 89' lang='lat' dir='ltr'><strong>inquiens,</strong></span> <span class='ocrx_word' id='word_1_749' title='bbox 529 5569 654 5625; x_wconf 82' lang='lat' dir='ltr'><strong>corruersi</strong></span> <span class='ocrx_word' id='word_1_750' title='bbox 660 5569 781 5640; x_wconf 75' lang='lat' dir='ltr'><strong>fueritis,</strong></span> <span class='ocrx_word' id='word_1_751' title='bbox 794 5572 820 5625; x_wconf 87' lang='lat' dir='ltr'><strong>et</strong></span> <span class='ocrx_word' id='word_1_752' title='bbox 828 5570 992 5642; x_wconf 65' lang='lat' dir='ltr'><strong>efficiamini</strong></span> <span class='ocrx_word' id='word_1_753' title='bbox 1044 5567 1132 5625; x_wconf 90' lang='lat' dir='ltr'><strong>boras</strong></span> <span class='ocrx_word' id='word_1_754' title='bbox 1146 5568 1300 5624; x_wconf 91' lang='lat' dir='ltr'><strong>continuas</strong></span> <span class='ocrx_word' id='word_1_755' title='bbox 1314 5564 1411 5624; x_wconf 88' lang='lat' dir='ltr'><strong>omnis</strong></span> <span class='ocrx_word' id='word_1_756' title='bbox 1426 5565 1484 5622; x_wconf 86' lang='lat' dir='ltr'><strong>iere</strong></span> <span class='ocrx_word' id='word_1_757' title='bbox 1498 5561 1595 5621; x_wconf 89' lang='lat' dir='ltr'><strong>solatii</strong></span> <span class='ocrx_word' id='word_1_758' title='bbox 1618 5563 1755 5637; x_wconf 87' lang='lat' dir='ltr'><strong>privabar</strong></span> <span class='ocrx_word' id='word_1_759' title='bbox 1768 5562 1875 5639; x_wconf 86' lang='lat' dir='ltr'><strong>cogni·</strong></span> 
     </span>
     <span class='ocr_line' id='line_1_60' title="bbox 170 5652 1880 5733; baseline 0.002 -22"><span class='ocrx_word' id='word_1_760' title='bbox 170 5653 243 5711; x_wconf 65' lang='lat' dir='ltr'><strong>daut</strong></span> <span class='ocrx_word' id='word_1_761' title='bbox 250 5652 436 5731; x_wconf 63' lang='lat' dir='ltr'><strong>perculimus</strong></span> <span class='ocrx_word' id='word_1_762' title='bbox 445 5656 988 5733; x_wconf 76' lang='lat' dir='ltr'><strong>tetrobttisioreqaumcoetorum(liotth</strong></span> <span class='ocrx_word' id='word_1_763' title='bbox 1042 5656 1315 5730; x_wconf 84' lang='lat' dir='ltr'><strong>tionc.1naliis,par</strong></span> <span class='ocrx_word' id='word_1_764' title='bbox 1333 5672 1422 5715; x_wconf 78' lang='lat' dir='ltr'><strong>sacre</strong></span> <span class='ocrx_word' id='word_1_765' title='bbox 1440 5655 1617 5714; x_wconf 83' lang='lat' dir='ltr'><strong>documenta</strong></span> <span class='ocrx_word' id='word_1_766' title='bbox 1632 5653 1797 5729; x_wconf 76' lang='lat' dir='ltr'><strong>scriptore</strong></span> <span class='ocrx_word' id='word_1_767' title='bbox 1811 5652 1880 5714; x_wconf 83' lang='lat' dir='ltr'><strong>ati·-</strong></span> 
     </span>
    </p>
   </div>
   <div class='ocr_carea' id='block_1_3' title="bbox 0 0 1972 6096">
    <p class='ocr_par' dir='ltr' id='par_1_5' title="bbox 0 0 1972 6096">
     <span class='ocr_line' id='line_1_61' title="bbox 0 0 1972 6096; baseline 0 0"><span class='ocrx_word' id='word_1_768' title='bbox 0 0 1972 6096; x_wconf 95' lang='lat' dir='ltr'><strong> </strong></span> 
     </span>
    </p>
   </div>
  </div>
 </body>
</html>
