3892 6096
56 318 61 324 ·
116 295 177 359 see
526 276 543 290 ‘
642 288 673 353 s.
696 289 862 352 scaurus
885 287 1107 352 aneensem
1127 287 1295 350 cesaris
1762 281 1815 345 ccc

116 425 255 486 scrlmlna
282 440 380 482 rerum
410 438 518 496 supera
530 421 668 496 petiisse:
697 438 766 479 nam
797 421 941 494 patienter
955 423 983 492 Α
997 421 1032 479 de
1046 420 1130 495 plebe
1144 421 1173 478 S.
1190 420 1341 494 Stephani,
1358 419 1407 477 alii
1429 420 1465 476 ad
1488 416 1620 492 Virginis
1633 415 1735 475 Marias
1748 421 1814 475 tem·

115 516 267 574 tolerando
277 531 336 570 non
347 512 554 586 regnainania,
564 527 621 567 non
633 510 737 569 fluxius
748 511 939 578 divitias,non
994 511 1088 584 plum,
1104 510 1153 567 alii
1168 511 1288 567 domum
1304 508 1494 566 contendunt.

113 605 274 680 potentiam
301 620 368 660 mcx
383 603 555 676 perituram,
573 618 672 658 verum
689 617 787 657 veram
803 600 939 673 patriam,
1030 601 1093 656 387.
1110 601 1144 657 lli
1160 601 1268 672 itaque,
1285 599 1368 656 utilli
1380 600 1555 671 superiores,
1572 596 1815 671 aVirginsilaria

112 694 290 765 libertatem,
301 695 451 766 vitamque
462 692 623 765 querimus
637 696 786 759 aternam,
798 707 862 763 qua
874 706 941 746 om·
995 690 1154 764 impetrare
1179 689 1263 746 lacila
1290 706 1352 762 qua
1381 689 1527 760 petebant.
1557 691 1623 742 Mox
1653 686 1817 751 lastidonia

114 784 162 839 nia
177 781 288 851 aiesu,
304 782 329 839 ei
346 783 561 854 duraverimus,
576 782 738 838 dabuntur.
994 778 1103 851 templo
1119 779 1238 844 additis,
1251 782 1283 834 ut
1307 769 1394 834 sociis
1410 794 1441 834 se
1451 778 1622 848 jungerent,
1639 781 1817 835 maturavere

149 919 212 974 385·
227 918 380 986 omum,
398 916 467 991 quia
482 932 515 973 eo
529 916 588 972 huo
602 914 734 987 venistis,
746 919 778 970 ut
788 913 836 969 hio
846 911 940 985 mpi-
994 869 1058 926 iter.
1075 869 1164 924 Primi
1181 869 1216 925 de
1231 869 1377 924 industria
1391 883 1441 923 eos
1461 871 1611 923 morantes
1626 867 1746 922 tardius
1759 868 1814 924 ire:

115 1011 205 1064 tatem
221 1006 428 1079 integrumque
442 1009 594 1078 recuperet
608 1021 739 1073 sensum,
752 1002 853 1076 paucis
864 1001 940 1058 acci·
994 957 1157 1103 ffis⁸⁰¹li¹¹⁸
1174 974 1232 1013 ΠΜ
1250 962 1368 1057 ,mntem
1396 957 1511 1012 saevum
1536 960 1622 1057 lum
1650 971 1813 1078 mulium:

115 1095 184 1169 pite.
198 1096 259 1152 llos
286 1095 370 1152 nobie
396 1099 451 1166 est,
479 1111 528 1151 eos
543 1094 724 1151 orationibus
740 1091 940 1165 Reliquiisque
1030 1064 1057 1104 ¹⁰
1071 1053 1189 1119 mpenoe
1200 1052 1338 1119 utrmque
1348 1047 1444 1101 d⁰⁰⁰⁰
1455 1046 1597 1118 3⁸¹¹d¹⁰m
1609 1049 1812 1115 mmmm·

115 1187 278 1257 conjurare,
292 1184 469 1257 quidiabolo
480 1183 556 1257 capti
572 1184 618 1240 sui
634 1200 698 1240 esse
713 1182 863 1248 desierint,
876 1179 940 1253 qui·
994 1137 1144 1280 Virginea}
1164 1137 1296 1207 Mmam’
1327 1133 1708 1235 sanctumqmomem.
1726 1151 1815 1207 pm

995 1243 1119 1299 quisque
1145 1226 1263 1292 andare,
1279 1224 1425 1291 extollere,
1438 1224 1641 1296 magnificare.
1655 1225 1815 1297 Quipperes

115 1291 172 1348 ‘1¹²⁰
186 1275 275 1331 eliam
302 1273 463 1341 d0V⁰ii⁰¹¹³³
489 1272 534 1329 vel
564 1273 676 1329 dudum
705 1271 855 1329 be⁰⁶fi⁰¹¹⁵
878 1269 939 1327 ³5⁸
995 1312 1815 1386 mortaliumitasebabent;inprosperisvelmalnsla·

115 1363 228 1420 «Ioanne
244 1362 364 1429 habitis,
380 1362 442 1419 suis
456 1363 486 1418 in
501 1361 726 1419 adversitatibus
737 1358 940 1432 languoribus·
994 1411 1074 1462 mus
1087 1406 1145 1462 Deo
1160 1405 1268 1477 gratias
1279 1405 1348 1477 agit,
1365 1404 1547 1475 sanctosque
1560 1403 1629 1474 ejus
1644 1401 1758 1459 laudnt·
1773 1403 1815 1460 Μ

115 1468 172 1524 que
187 1452 252 1509 aliis
267 1442 409 1525 quotidie,
434 1452 476 1509 ita
489 1456 521 1508 ut
541 1452 585 1525 iit,
607 1452 708 1508 devote
730 1450 785 1506 boc
800 1451 829 1506 S.
844 1447 939 1505 Marias
994 1496 1084 1568 igitur
1097 1511 1163 1550 cum
1180 1493 1236 1550 alio
1252 1494 1365 1559 itinere,
1379 1498 1478 1565 [quam
1494 1492 1687 1561 advenerant,
1703 1492 1814 1549 domm

995 1585 1100 1653 redire,
1114 1584 1164 1657 [ct]
1188 1586 1255 1640 vota
1269 1582 1357 1638 etiam
1387 1598 1451 1654 qua
1466 1585 1568 1638 sancto
1581 1581 1696 1638 Joanni
1718 1581 1815 1639 emim

994 1678 1069 1739 rant,
1085 1672 1248 1745 persolvere
1256 1670 1374 1737 vellent,
1387 1670 1489 1728 nasibi
1501 1670 1813 1742 caterisqueoneriaa·

994 1767 1069 1833 sent,
1086 1762 1160 1819 inito
1174 1763 1252 1819 inter
1267 1778 1300 1818 se
1314 1759 1446 1832 consilio,
1461 1759 1593 1817 exomni
1610 1775 1739 1817 numero
1751 1776 1812 1833 qua

993 1857 1061 1910 tuor
1075 1851 1201 1908 maxime
1216 1852 1359 1924 impigros
1373 1849 1498 1924 eligunt,
1521 1855 1551 1906 et
1564 1865 1619 1906 eos
1634 1850 1672 1906 ad
1688 1866 1744 1907 noa
1755 1865 1810 1906 nnn

116 1541 329 1598 monasterinm
345 1540 499 1614 petierint;
529 1557 595 1597 eum
625 1539 726 1597 stultis
754 1543 851 1595 antem
867 1536 939 1594 nibil

115 1631 394 1703 agitursanctorum
417 1631 496 1687 enim
525 1630 654 1703 reliquas
682 1627 773 1703 pollui
788 1632 939 1700 putamus,

115 1720 141 1777 si
156 1737 216 1793 eas,
233 1717 366 1794 quamvis
390 1718 534 1792 egregias,
563 1718 588 1774 si
604 1718 644 1774 sit
670 1719 804 1786 insanus,
819 1721 939 1790 tangere

114 1807 301 1880 oscularique
316 1807 355 1863 eit
370 1824 460 1864 ausus
476 1806 570 1881 (223);
600 1807 746 1878 quocirca,
762 1811 795 1862 ut
808 1805 873 1862 aliis
889 1805 941 1862 bo·
955 1803 978 1868 B

114 1896 284 1966 sternadie,
301 1895 437 1952 itavobis
467 1893 587 1952 consulo
614 1896 717 1951 urbam
740 1893 937 1951 Florentinum
1118 1939 1123 1952 ,
1261 1940 1266 1953 ,
1329 1939 1335 1952 ,
1476 1937 1501 1950 ..
1666 1935 1674 1950 ·
1745 1936 1751 1948 ¹

114 1989 221 2058 petere,
244 1983 448 2057 templumque
459 1985 487 2042 Β.
498 1981 939 2056 Mariaesfflvommsupplioster
992 1940 1141 1998 mandatis
1156 1943 1184 1995 et
1199 1941 1285 1996 donis
1297 1941 1428 1994 mittunt.
1440 1936 1484 1994 1111
1493 1939 1607 2009 itaque,
1622 1937 1676 1994 ubr
1691 1936 1808 1994 adistat

114 2090 182 2130 cum
192 2075 274 2131 vobis
285 2074 365 2130 edire
377 2093 383 2131 :
397 2091 465 2130 nam
476 2089 571 2146 neque
580 2073 664 2129 locus
675 2071 748 2129 altar
757 2071 938 2130 sancticrbis
992 2028 1133 2129 SZMUEae
1150 2028 1361 2084 mmmmm
1376 2042 1489 2094 ΜΝ
1501 2040 1556 2083 ¹¹⁰⁸
1567 2025 1709 2127 mmmm!
1724 2026 1807 2099 'W

898 2161 905 2174 .
992 2122 1101 2176 sartum
1117 2120 1313 2190 expectantes,
1338 2119 1403 2172 scta
1430 2115 1562 2187 edocent,
1586 2119 1621 2171 ut
1636 2118 1740 2171 statim
1753 2130 1805 2188 prs·

112 2163 144 2220 in
160 2162 339 2238 regionibus,
354 2161 563 2235 miraculisque
585 2161 709 2230 clarior;
739 2177 835 2234 neque
856 2178 937 2234 ans·
992 2207 1141 2263 cibuffir
1162 2205 1377 2263 iniflMariaeet
1397 2205 1426 2262 S·
1440 2204 1565 2261 Jomis
1587 2204 1803 2261 mmmm

114 2270 203 2327 quam
219 2253 391 2324 Sanctorum
403 2252 603 2321 auxiliaretur,
617 2250 664 2308 cui
674 2250 762 2325 Virgo
777 2249 937 2308 Marianon
991 2297 1064 2353 mm
1078 2223 1196 2352 redigit
1209 2294 1258 2351 ine
1269 2311 1277 2363 3
1290 2300 1323 2351 ut
1333 2295 1488 2351 redeuntes
1500 2293 1563 2350 suin
1573 2293 1770 2362 mmm
1778 2297 1801 2348 m

113 2343 202 2399 ferret
215 2359 311 2413 ‘mm'
991 2384 1148 2442 incolumis
1164 2384 1214 2441 ille
1229 2384 1321 2452 altem
1338 2388 1372 2440 nt
1385 2400 1440 2440 sna
1452 2383 1531 2440 venit
1557 2388 1628 2440 vcta
1642 2382 1798 2457 pemolrcra

149 2477 211 2533 386.
228 2474 256 2531 ld
272 2491 375 2531 omnes
389 2491 448 2530 uno
462 2491 512 2531 cre
526 2474 643 2531 salubre
671 2473 800 2545 utileque
814 2473 874 2531 iore
889 2491 936 2531 as·
991 2475 1043 2532 His
1057 2473 1176 2545 auditis,
1191 2478 1260 2530 iesu
1277 2478 1306 2529 et
1318 2471 1432 2546 Virgini
1446 2472 1542 2529 Maria
1557 2471 1648 2529 matri
1663 2473 1737 2544 ejus,
1750 2486 1798 2542 qus

112 2567 288 2632 serenantes,
309 2564 476 2636 nostrisque
491 2562 672 2620 orationibus
695 2561 843 2635 supplices
857 2579 936 2620 cem·
992 2582 1045 2621 sna
1060 2563 1146 2621 solita
1156 2562 1262 2636 pietate
1277 2563 1384 2619 deserit
1398 2562 1557 2631 nerninem,
1568 2562 1683 2636 gratias
1691 2560 1797 2635 spanus.

113 2653 299 2722 mandantes,
310 2657 427 2725 postera
436 2652 483 2709 die
494 2652 604 2726 pariter
613 2668 681 2708 cum
690 2656 754 2708 ortu
764 2650 836 2707 solis
846 2653 937 2710 disce·
991 2655 1110 2711 Postera
1123 2652 1180 2721 die,
1196 2652 1294 2709 Missis
1309 2667 1344 2708 ex
1356 2655 1422 2709 voto
1432 2667 1534 2708 eorum
1546 2650 1716 2719 celebratis,
1724 2650 1752 2706 in
1762 2664 1798 2723 pa

113 2743 226 2810 dentes,
241 2741 417 2798 Florentiam
445 2757 625 2798 concessere.
654 2740 703 2797 liis
729 2741 777 2796 vix
792 2740 937 2798 civitatem
991 2742 1077 2798 triam
1093 2742 1276 2798 contendunt
1290 2755 1386 2797 suam.

113 2831 264 2904 ingressis,
281 2830 330 2887 aiii
346 2830 397 2903 qni
424 2831 461 2887 ab
476 2831 537 2887 ade
564 2829 693 2903 Virginis
714 2829 810 2886 Maris
823 2834 939 2887 sacrata
1027 2832 1089 2887 388.
1107 2830 1162 2886 Sed
1174 2829 1258 2896 mihi,
1270 2829 1405 2886 Laurenti
1418 2829 1586 2901 magnifice,
1598 2826 1796 2902 multslegaati,

115 2922 237 2978 domum
253 2920 396 2988 redibant,
413 2920 487 2975 liunt
501 2919 617 2976 obviam
635 2923 703 2975 ante
719 2923 843 2992 portam,
859 2936 939 2991 qnaeu
992 2919 1143 2992 multaque
1158 2920 1298 2986 audienti,
1314 2918 1424 2976 videnti
1435 2919 1525 2975 etism
1549 2918 1738 2992 quamplura,
1749 2931 1797 2989 qna

113 3012 284 3081 rectosque:
294 3007 696 3070 Bessatinzsalrce‘lMinime
706 3008 937 3082 inquiunt;quid
992 3011 1079 3068 iesus
1094 3026 1145 3083 per
1159 3008 1308 3081 Virginem
1325 3008 1448 3065 Mariam
1463 3013 1492 3064 st
1506 3012 1627 3065 sanctos
1652 3024 1722 3065 suos
1740 3004 1796 3062 mari

115 3097 195 3156 enim
208 3096 278 3154 salvi
294 3101 340 3155 est
353 3097 476 3168 bomini,
491 3113 558 3154 vero
573 3114 661 3155 sensu
678 3097 810 3154 amissc‘l
826 3099 938 3164 Quibus
992 3103 1128 3172 terraque
1143 3098 1281 3171 preclara
1301 3096 1432 3155 facinora
1442 3114 1475 3155 ac
1503 3097 1642 3170 prodigia
1658 3096 1732 3167 iecit,
1743 3110 1796 3152 sen-

115 3186 180 3243 illi:
196 3187 227 3243 ln
243 3189 300 3244 ceo
314 3202 396 3259 spem
412 3202 528 3258 ponere,
548 3191 578 3243 et
591 3186 700 3242 tidelite
713 3186 862 3260 Virginem
879 3188 937 3245 llu-
953 3177 975 3246 C
993 3192 1052 3247 stat
1068 3204 1126 3244 non
1141 3191 1256 3243 tantum
1272 3187 1445 3243 Sanctorum
1470 3185 1583 3243 meritis
1604 3202 1696 3260 quam
1709 3186 1796 3242 morta·

113 3275 190 3332 riam
204 3290 333 3344 exorere,
344 3278 475 3332 vestrum
486 3278 541 3332 est.
557 3276 592 3332 ut
607 3275 704 3332 utisto
716 3275 804 3349 paulo
816 3281 883 3334 ante
893 3277 937 3332 in·
991 3277 1065 3335 lium
1080 3277 1138 3334 lide
1152 3277 1213 3332 bac
1227 3279 1341 3349 patrata
1354 3290 1438 3332 sese:
1453 3291 1533 3347 nam,
1550 3278 1738 3332 uisscranca
1747 3287 1795 3328 ear·

114 3381 216 3433 sanus,
228 3365 292 3436 lam
309 3380 388 3421 nnnc
411 3365 490 3421 hona
517 3368 614 3421 mente
642 3380 731 3421 auum
746 3365 859 3438 peragit
873 3364 937 3422 olii·
993 3367 1074 3424 mina
1087 3366 1220 3438 edocent,
1236 3364 1367 3421 credenti
1381 3365 1517 3437 bonoque
1528 3364 1618 3422 corde
1631 3362 1750 3439 exigenti
1757 3361 1794 3417 in·

114 3456 205 3527 cium,
221 3469 371 3512 necessus
381 3453 451 3510 huie
461 3451 545 3511 alteri
559 3453 685 3526 Virginis
696 3453 793 3510 Maria
803 3453 939 3525 precibus
994 3455 1134 3529 possibile
1149 3453 1241 3522 nihil;
1257 3453 1317 3510 imo
1333 3452 1417 3510 iacile
1431 3452 1531 3509 omnia
1544 3451 1709 3526 impetrare
1723 3447 1794 3525 quivi·

116 3559 271 3602 censemus
286 3548 471 3601 eventurum.
487 3543 560 3600 cum
575 3542 616 3599 ita
630 3540 770 3615 utrinque
783 3557 829 3599 res
843 3542 939 3599 verbis
994 3544 1089 3601 tidelis
1104 3548 1212 3617 posset.
1228 3543 1324 3599 idaea
1341 3558 1386 3599 me
1400 3542 1429 3597 in
1444 3541 1522 3598 calce
1534 3541 1648 3599 borum
1664 3536 1795 3599 mineris

20 3664 23 3668 .
117 3632 264 3691 solatoriis
279 3636 423 3706 ageretur,
437 3631 614 3688 conveniunt
628 3630 782 3698 miraculo,
792 3635 826 3687 ut
839 3632 881 3699 iit,
899 3631 940 3688 rei
995 3650 1059 3690 rum
1072 3631 1357 3704 breviterperetricts
1366 3635 1445 3699 sunt,
1457 3630 1794 3688 utaommtnfldelitaun

116 3716 207 3794 nova,
218 3720 268 3795 qui
275 3723 361 3794 juxta
374 3706 488 3794 portam
499 3719 581 3777 intus
595 3720 725 3794 lorisque
737 3721 869 3789 aderant,
885 3721 940 3777 ho·
995 3740 1057 3795 seu,
1075 3722 1182 3778 rectius
1194 3720 1300 3787 dicam,
1311 3719 1498 3777 insolentiam
1510 3720 1707 3793 perfringam,
1716 3717 1798 3792 qnid

115 3812 220 3869 minas.
239 3811 281 3868 lte
295 3809 396 3883 itaque
409 3811 536 3882 cognita,
552 3811 678 3884 quisque
692 3809 822 3882 Virginis
834 3808 940 3882 Maria,
994 3811 1198 3885 Crispuslitl)
1209 3810 1259 3876 ait,
1272 3826 1335 3882 quea
1346 3809 1401 3865 sibi
1412 3810 1509 3866 l'acilie
1520 3809 1602 3866 iaetu
1614 3814 1797 3883 putantem

117 3901 272 3974 sanctique
280 3898 403 3957 ioannis
414 3898 639 3972 preclarissima
648 3902 724 3956 lacta
735 3897 830 3954 verbis
840 3898 876 3954 ad
888 3914 942 3954 cos·
996 3901 1095 3957 animo
1110 3899 1275 3973 accipiunt;
1302 3915 1397 3971 nuper
1410 3914 1454 3969 ee,
1468 3896 1561 3955 veluti
1590 3898 1664 3956 licta
1677 3914 1728 3973 pra
1739 3893 1799 3953 inicit

115 3990 179 4047 lum
196 3990 304 4057 lerunt,
320 3988 370 4060 qui
385 3992 429 4044 tot
442 3988 629 4045 celeberrime
640 3993 670 4045 et
684 3987 800 4061 egregia
809 3986 942 4061 prodigia
996 3991 1117 4046 ducunt.
1134 3989 1204 4047 Vale
1218 3989 1263 4046 vir
1277 3987 1473 4061 magnaminis
1501 3987 1553 4043 diu
1569 3987 1652 4061 latix,
1667 3981 1800 4060 ncaqnsin

119 4083 148 4134 et
162 4076 275 4151 operati
288 4079 398 4147 essent,
409 4080 439 4133 et
453 4081 643 4149 operarentur
653 4076 784 4149 quotidie
796 4094 803 4147 ;
817 4076 885 4133 inde
899 4076 942 4134 illi
996 4079 1056 4136 tuis
1070 4079 1209 4137 secundis
1224 4079 1313 4135 rebus
1327 4077 1437 4151 respice
1449 4075 1534 4149 (225).

155 4237 230 4311 (223)
244 4237 327 4295 Certe
339 4251 462 4294 erronea
471 4235 588 4294 initilla
617 4238 758 4307 ersnasio,
770 4255 830 4311 qna
839 4239 870 4296 bi
880 4256 942 4298 mo·
997 4239 1056 4298 alia
1068 4239 1279 4297 obscuritatem
1294 4238 1414 4312 pariunt
1428 4237 1564 4311 quadam
1572 4236 1734 4322 particula,
1744 4245 1800 4314 quq·

118 4308 206 4368 nacbi
221 4309 365 4383 putabant
384 4309 557 4367 Sanctorum
610 4309 722 4383 aliquas
746 4311 943 4369 contaminari
997 4316 1049 4370 aut
1062 4313 1163 4369 crebro
1178 4311 1297 4379 omittit,
1322 4311 1416 4367 autin
1436 4326 1526 4367 sensu
1551 4327 1602 4368 vix
1617 4303 1799 4369 usitatoadltr

120 4381 279 4440 stultorum
295 4384 404 4438 attactu
417 4399 423 4438 :
438 4397 507 4438 nam
527 4381 558 4437 in
582 4381 669 4438 valiis
691 4383 793 4439 mundi
808 4383 943 4457 partibus
996 4384 1056 4441 bet.
1071 4384 1118 4441 Sic
1133 4401 1210 4457 sape
1225 4383 1333 4439 omittit
1356 4382 1595 4455 conjunctionem
1611 4388 1656 4454 ast,
1675 4382 1724 4439 ubi
1734 4376 1799 4461 pili!

117 4453 291 4512 Sanctorum
307 4451 446 4526 Reliquiae
457 4452 570 4510 insanis
581 4452 776 4527 applicantur,
790 4461 822 4511 nt
837 4472 940 4513 sanam
998 4459 1042 4512 est
1070 4455 1252 4523 necessaria;
1282 4471 1370 4527 quam
1402 4459 1500 4510 tamen
1531 4454 1660 4525 majoris
1685 4448 1799 4510 claritati!

115 4529 244 4583 mentam
258 4528 441 4597 recuperent.
955 4551 977 4616 D
997 4543 1086 4584 causa
1099 4526 1272 4601 plerumque
1287 4525 1429 4599 supplevi.
1440 4525 1536 4582 liliam
1552 4526 1717 4599 saepissime
1726 4518 1798 4604 etism

135 4595 940 4682 ¹(524)Quemputemusbnncilrispum,antaaindica·
994 4615 1092 4726 ecgm
1107 4599 1176 4670 idea
1192 4603 1264 4656 etot
1293 4615 1452 4672 proquam.
1475 4601 1624 4654 Praeterea
1652 4597 1796 4655 cretum

115 4684 222 4727 vimus.
995 4671 1035 4727 ha
1055 4676 1084 4728 et
1098 4670 1238 4728 Infinitivi
1253 4687 1392 4744 presens,
1408 4685 1460 4743 pro
1476 4669 1653 4742 imperfecto
1665 4658 1793 4727 bomiri,

152 4737 943 4824 (225)Notauniveraiminhocanetoreplurimoeesee
996 4742 1112 4827 aliaque
1141 4742 1236 4800 multa
1262 4742 1292 4799 in
1320 4741 1386 4800 aliis
1414 4741 1614 4816 scriptoribus
1643 4746 1793 4800 rarooctut·

117 4827 222 4869 seusus
246 4810 378 4877 mutilos,
405 4810 557 4884 oblongos,
585 4815 705 4869 vitiosos
734 4817 763 4869 et
790 4813 941 4882 obscuros,
997 4820 1101 4872 rectia.

117 4899 192 4955 quos
207 4899 324 4956 semper
338 4882 483 4956 corrigere
498 4899 551 4940 nec
573 4882 671 4940 lubuit
689 4900 742 4942 nec
756 4883 848 4941 licuit.
866 4884 944 4944 lnter
