3892 6096
783 366 898 433 ebbe.
1632 368 1693 440 a„

91 498 206 562 sterium
229 500 259 560 in
283 502 423 562 eminenti
449 501 509 573 siti,
525 502 656 577 undique
680 518 817 561 resonare
829 503 859 571 Α
872 508 1031 574 annuente,
1046 504 1158 580 liquido
1172 505 1317 583 intelliget
1329 511 1360 566 st
1376 506 1413 567 sd
1427 506 1552 584 hujusce
1566 506 1609 569 rei
1621 526 1692 570 con·

91 596 169 650 ntur.
183 593 257 650 Cum
272 598 370 651 autem
389 609 424 650 ex
438 610 519 650 more
543 594 573 649 in
597 592 770 664 sacrarium,
786 598 815 649 et
868 594 1064 653 firmationem
1079 597 1179 669 aliqua
1193 599 1224 654 in
1245 599 1376 656 medium
1390 600 1536 671 afferrem,
1549 599 1581 659 nl
1595 616 1692 660 earu

91 682 237 739 tionibus
256 682 387 755 undique
411 682 622 749 circumdatus,
637 682 812 754 traheretur,
867 699 915 741 me
930 685 1047 758 longius
1062 687 1099 743 ab
1112 686 1229 761 incepto
1242 687 1381 746 traheret.
1393 688 1520 747 itedcam
1529 706 1599 765 ergo
1611 691 1692 749 unde

93 772 243 830 standem
257 777 324 846 post
338 771 447 829 multae
460 772 491 829 in
506 790 574 829 aum
585 773 731 830 orationes
744 789 812 829 con·
866 773 1020 847 digressus
1034 790 1112 832 sum.
1125 775 1327 834 Redeuntibus
1341 778 1433 851 igitur
1446 779 1534 836 sociis
1548 796 1615 837 cnm
1625 779 1693 838 Ber·

91 877 212 935 suesque
233 860 349 918 habitas
377 861 438 918 hec
466 862 578 930 retulit;
604 879 636 919 se
657 863 812 934 cujusdam
867 864 959 919 nardo
972 863 1115 920 incolumi
1130 864 1316 937 Florentiam,
1332 865 1544 924 monachorum
1568 867 1690 925 monitis

92 950 179 1008 iiviri
194 950 376 1008 carminibus
391 955 420 1008 at
434 951 685 1008 incantationibus
699 951 758 1009 illis
771 951 813 1008 ita
866 951 946 1008 haud
967 969 1100 1026 paruere.
1116 954 1261 1011 nudarant
1282 953 1363 1011 enim
1378 954 1409 1010 hi
1423 954 1454 1010 in
1478 955 1637 1030 mandstis,
1653 971 1690 1015 ne

92 1044 163 1099 itum
178 1043 207 1097 et
225 1040 349 1114 ligatum
363 1041 467 1112 maeri,
478 1046 510 1097 ut
534 1041 615 1098 nulio
629 1047 715 1114 pacto
731 1040 812 1098 nulla
866 1041 1080 1100 incantationes
1102 1043 1306 1116 perquirerent
1325 1042 1403 1100 illas.
1418 1044 1561 1101 Getarum
1581 1045 1624 1102 uti
1638 1061 1690 1103 cu·

92 1130 120 1187 vi
133 1146 166 1187 se
179 1130 248 1186 inda
263 1130 394 1187 abstrahi
417 1146 503 1203 posse
517 1131 666 1197 fateretur,
683 1128 714 1186 ni
728 1129 811 1203 prius
865 1131 936 1187 riosi
950 1136 980 1187 ct
992 1148 1069 1189 nova
1082 1148 1258 1205 cognoscere
1272 1132 1442 1191 affectantes
1458 1131 1586 1206 ostiique
1598 1133 1689 1192 limen

92 1218 195 1277 itiones
209 1224 238 1275 et
252 1219 465 1278 incantationes
481 1218 537 1276 ille
561 1220 598 1276 de
621 1220 676 1277 sub
691 1219 758 1277 ostii
774 1219 811 1275 li·
865 1221 1018 1293 adeuntes,
1041 1226 1082 1293 et,
1098 1226 1130 1279 ut
1151 1221 1243 1279 libido
1267 1223 1332 1293 tart,
1348 1222 1449 1280 omnia
1472 1225 1690 1295 perscrutantes

92 1310 189 1367 lomus
203 1325 264 1364 sues
279 1314 493 1366 amoverentur.
865 1326 997 1382 pennum
1018 1309 1130 1368 lineum
1145 1312 1354 1385 conglobatum
1374 1312 1493 1384 illisque
1513 1311 1617 1370 sericis
1631 1312 1689 1370 cir·

92 1402 224 1457 letarum
246 1414 314 1454 cum
341 1397 487 1466 monachi,
511 1403 541 1456 at
568 1397 689 1455 monitis
703 1396 811 1455 Christi
864 1399 1058 1473 cumtigetum
1085 1400 1232 1473 invenere,
1251 1417 1309 1474 quo
1337 1400 1491 1475 explicato,
1513 1400 1690 1474 partientem

92 1490 116 1546 et
143 1487 174 1544 B.
190 1485 349 1543 Hilarionis
376 1486 510 1560 exemplo
539 1488 630 1556 ducti,
645 1502 749 1560 parum
764 1486 809 1544 vsi
864 1489 941 1545 ossis
954 1488 1038 1562 pueri
1061 1488 1203 1558 defuncti,
1219 1506 1272 1547 neo
1286 1505 1344 1549 non
1358 1493 1388 1547 et
1401 1487 1534 1548 mulieris
1555 1488 1689 1564 capillos,

92 1575 138 1635 dei
148 1576 370 1647 adhiberent,eo
382 1576 452 1649 quia
463 1577 493 1632 in
504 1576 571 1633 aliis
581 1592 657 1650 sape
667 1575 809 1633 mentitus
863 1577 970 1650 pellem
984 1578 1106 1651 insuper
1120 1578 1194 1652 pulli
1207 1579 1329 1648 asinini,
1344 1583 1378 1637 ut
1388 1579 1446 1653 ipsi
1462 1578 1641 1653 quibusdem
1654 1594 1691 1637 ss

92 1665 205 1724 instare
218 1665 402 1723 orationibus
417 1666 540 1739 insuper
553 1664 809 1737 sacerdosjugiter
863 1667 974 1725 nostris
998 1672 1101 1739 postea
1126 1666 1301 1736 retulerunt,
1315 1669 1398 1726 intus
1420 1668 1599 1741 quibusdam
1619 1683 1689 1726 cnm

92 1772 132 1825 rs,
146 1755 261 1828 sibique
274 1772 309 1813 cx
321 1755 427 1811 virtute
449 1755 500 1811 Dei
515 1754 638 1812 exitium
653 1753 808 1811 imminere
862 1756 956 1830 signis
970 1759 1001 1813 et
1011 1756 1231 1814 characteribus
1242 1772 1436 1832 conspexere;
1447 1757 1622 1831 quaomnia
1633 1756 1688 1814 viri

92 1850 117 1917 t;
131 1850 252 1903 econtra
263 1844 311 1902 ille
320 1844 402 1902 uultu
413 1845 490 1903 truci
499 1844 729 1917 ardentibusque
739 1859 807 1900 ocu-
823 1846 1017 1941 Bcujusdam
1043 1845 1172 1919 religiosi
1199 1847 1313 1903 monitu
1340 1845 1403 1920 igni
1431 1845 1587 1904 tradidere.
1607 1846 1691 1905 Patet

92 1950 143 1992 reo
157 1935 291 2008 prorupit
308 1935 396 1991 rerba
412 1952 418 1991 ι
435 1933 457 1990 0
472 1934 589 1992 cruces!
615 1932 807 1990 otormental
863 1935 954 2009 igitur
967 1934 1184 1993 incantationes
1197 1935 1380 1993 carminibus
1394 1935 1459 1993 heri
1472 1951 1574 2009 posss3
1589 1935 1646 1995 boc
1658 1938 1691 1992 et

92 2024 191 2083 rabor?
205 2023 279 2087 Quid
304 2040 378 2097 opus
398 2027 452 2090 est,
469 2040 486 2080 o
502 2022 623 2097 pessimi
644 2023 761 2094 iratres,
776 2027 810 2079 ut
863 2025 957 2083 nostri
982 2040 1111 2083 canones
1138 2025 1314 2099 approbent,
1335 2029 1366 2083 et
1391 2040 1439 2083 res
1464 2025 1554 2084 etiam
1578 2024 1691 2083 indicat

92 2114 256 2187 oeem[per]
272 2118 317 2170 tot
336 2112 501 2170 orationes?
514 2112 573 2169 Cur
593 2112 809 2170 incessumhcs
862 2116 938 2188 ipss.

92 2201 688 2276 ⁴srerbaquehaecdivinaett'unditistQuid
699 2200 810 2257 trustra
1195 2203 1287 2260 PARS
1306 2204 1354 2260 iii.

92 2292 220 2351 claberis
228 2291 383 2365 perfertis?
392 2291 443 2347 Sat
452 2293 507 2357 est,
515 2290 667 2347 hooexme
677 2289 810 2363 potuisse
898 2294 944 2348 23.
956 2291 1059 2350 itelatu
1071 2292 1187 2349 abbatis
1195 2291 1383 2349 Cultus-boni
1389 2290 1529 2364 (133),ουὶ
1540 2291 1631 2350 Paulo
1640 2309 1691 2351 no-

92 2423 98 2449 ,
120 2381 152 2439 in
176 2381 244 2438 ostii
269 2381 372 2438 limina
396 2379 610 2436 incantationes
632 2379 692 2452 pati
707 2379 748 2452 [id
770 2387 809 2436 cat
864 2398 931 2438 men
947 2379 1689 2455 tuit,exS.Gaudsutiioppido(l3t)puellemqnem-

93 2471 135 2544 ri]‚
146 2471 225 2543 quod
241 2470 312 2526 mihi
329 2471 489 2542 plurimum
503 2470 669 2528 nociturum
683 2485 741 2525 non
758 2469 811 2524 du·
864 2471 931 2527 dem
943 2471 1143 2544 huctempore
1153 2469 1269 2527 abbatis
1279 2467 1691 2543 Bernerdidstiienflgliessis

93 2561 249 2634 *ptantibus
264 2559 415 2616 nonnullis
427 2575 461 2616 ex
476 2560 524 2617 his
539 2559 589 2632 qui
601 2576 669 2616 cum
685 2559 749 2632 ipso
763 2573 810 2614 ve·
863 2560 979 2617 venisse
993 2559 1259 2632 accepimuslienc
1268 2557 1337 2615 telis
1349 2562 1471 2631 tamque
1483 2557 1606 2630 iniquus
1619 2574 1691 2631 pos·

93 2694 99 2721 ‚
114 2653 149 2706 nt
162 2666 226 2722 que
243 2649 356 2706 damon
379 2648 485 2716 aiebat,
500 2649 611 2706 lamina
625 2654 655 2705 et
670 2648 765 2704 tinum
780 2651 809 2704 et
863 2650 980 2706 sederat
992 2648 1118 2720 demon,
1131 2654 1164 2704 ut
1174 2663 1239 2704 eam
1254 2646 1336 2705 edire
1350 2645 1409 2703 nisi
1421 2646 1689 2718 cautaprasertim

101 2739 331 2810 inquirerentur,
346 2744 376 2795 et
390 2756 407 2793 a
421 2738 483 2795 ioco
507 2742 725 2805 amoverentur;
742 2754 808 2810 pro·
862 2738 934 2794 dum
949 2736 1104 2794 tormentis
1119 2736 1295 2803 afficeretur,
1307 2750 1394 2793 nemo
1405 2736 1544 2793 auderet:
1559 2733 1691 2809 complu-

93 2828 269 2897 emouachi‚
287 2843 323 2883 na
345 2832 395 2884 aut
418 2826 533 2885 solutus
557 2826 808 2884 incantationibus
862 2827 941 2883 rium
957 2824 1036 2883 enim
1052 2829 1082 2883 ct
1096 2840 1203 2882 manns
1218 2829 1249 2881 et
1262 2840 1349 2882 neres
1362 2823 1501 2882 dentibus
1516 2824 1692 2882 mordaciter

93 2933 140 2976 sse
154 2919 280 2985 demon,
293 2920 344 2973 aut
356 2916 413 2990 ipsi
425 2916 488 2973 suis
499 2916 684 2973 sermonibus
697 2931 809 2971 arcem·
863 2920 1018 2973 attrectare
1031 2918 1193 2972 tentaverat
1203 2914 1322 2988 saepius,
1333 2913 1375 2970 ite
1387 2916 1430 2982 ut,
1442 2914 1514 2970 dum
1523 2912 1690 2971 omnobium

93 3024 120 3065 se
133 3007 222 3064 iidem
244 3007 334 3062 videri
351 3009 486 3079 possent;
513 3008 677 3062 asserentes
692 3020 809 3076 semper
862 3008 982 3078 propter
995 3004 1041 3060 sui
1059 3018 1124 3060 eam
1140 3003 1175 3059 de
1192 3003 1339 3076 jumento,
1354 3017 1414 3074 quo
1428 3001 1586 3071 insidebat,
1602 3001 1691 3075 depo·

93 3112 181 3154 sesso
196 3097 344 3152 demones
360 3099 389 3151 et
400 3094 436 3151 ad
457 3093 659 3151 simulandum
673 3092 806 3150 callidos.
862 3109 931 3149 nere
946 3095 1094 3158 curarent,
1107 3091 1207 3164 ipsius
1222 3092 1364 3148 cervicem
1378 3089 1518 3148 dentibus
1532 3090 1694 3164 apprehen·

93 3201 142 3243 sus
154 3183 256 3258 itaque
270 3189 299 3241 ct
313 3184 456 3257 virginem
475 3182 597 3239 Mariam
613 3185 807 3253 sanctumque
863 3182 937 3237 dens
952 3180 1146 3248 incumberet,
1157 3180 1229 3236 edeo
1245 3184 1280 3235 ut
1289 3182 1379 3251 caput
1394 3177 1497 3251 puella
1510 3177 1639 3236 summis
1652 3177 1694 3236 si·

93 3290 128 3331 nn
142 3275 253 3349 jugiter
275 3273 421 3345 religiosis
444 3271 514 3329 viris
538 3270 774 3343 deprecantibus,
792 3287 807 3325 e
822 3244 844 3314 C
864 3269 947 3325 ribus
962 3267 1031 3325 inde
1045 3283 1180 3324 amovere
1195 3267 1245 3339 qui
1261 3267 1393 3336 ederant,
1406 3266 1531 3323 minime
1543 3267 1693 3334 valerent;

93 3363 292 3421 nstenmtium
302 3379 365 3419 sese
375 3367 455 3432 (nam
465 3362 595 3418 nudatus
605 3358 809 3429 lunibuaerat)
863 3357 912 3414 cni
927 3355 1105 3430 spectaculo,
1117 3355 1220 3412 multis
1234 3354 1489 3425 concurrentibus,
1498 3352 1589 3411 etiam
1604 3355 1696 3410 etPe·

94 3468 150 3510 one
162 3457 264 3525 ceptus
278 3467 446 3522 erumpens,
458 3451 494 3507 ert
509 3449 630 3506 sacrarii
645 3451 809 3505 extremum
864 3446 988 3504 tresvir
1007 3444 1175 3518 religiosus,
1192 3442 1283 3515 hujus
1306 3441 1431 3499 cmnobii
1454 3444 1527 3499 tuno
1551 3440 1694 3510 decenus,

93 3556 267 3614 summoque
277 3539 449 3614 ingentique
463 3539 574 3612 impetu
586 3538 741 3612 proripuit,
754 3536 809 3592 ibi·
864 3535 1009 3603 interfuit,
1019 3537 1048 3591 et
1059 3535 1144 3606 signo
1154 3531 1254 3590 crucis
1265 3531 1295 3589 in
1307 3530 1437 3604 puellam
1447 3530 1537 3598 edito,
1549 3545 1618 3588 mox
1628 3529 1695 3603 ipsa

93 3630 206 3689 iiebolo
220 3631 303 3687 humi
328 3633 457 3686 tartarea
469 3627 687 3685 inhumanitate
710 3625 808 3683 detru-
864 3623 950 3697 quasi
964 3624 1001 3680 de
1012 3620 1159 3679 industrie
1174 3620 1280 3678 extulit
1294 3622 1393 3692 ceput.

94 3723 146 3778 nta
158 3720 269 3794 telique
291 3718 400 3775 ibidem
421 3717 497 3773 allici
521 3732 617 3789 poena,
632 3720 743 3788 quante
757 3731 810 3771 nec
898 3713 945 3769 st.
953 3712 1025 3769 liam
1035 3711 1126 3784 igitur
1135 3710 1172 3766 ed
1184 3708 1326 3782 capellam
1336 3724 1431 3781 usqne
1440 3707 1469 3764 si
1479 3706 1694 3781 pertrahentes,

94 3809 167 3867 lomi
181 3825 235 3866 nec
251 3809 281 3865 in
296 3808 400 3864 itinere
410 3809 454 3880 (ut
469 3806 520 3879 qui
535 3822 603 3862 cum
617 3821 652 3862 eo
666 3805 721 3861 iter
734 3804 811 3860 tece-
865 3817 934 3858 curn
959 3815 1046 3857 cruce
1068 3796 1308 3870 venerabilique
1322 3797 1354 3854 S.
1368 3796 1514 3855 ioannem
1529 3795 1695 3853 damonem

94 3898 257 3971 llrmavere)
271 3914 324 3954 nec
339 3897 369 3953 in
385 3896 524 3962 sacrario,
537 3895 732 3968 presentibus
747 3910 810 3949 mo·
868 3890 996 3964 legimus
1011 3887 1204 3962 percussisse,
1216 3886 1379 3944 monachus
1394 3884 1515 3958 quidem
1527 3883 1695 3959 [attigisset]

94 4031 101 4060 ,
117 3989 212 4045 inerat
225 3989 360 4055 allectus,
376 3986 417 4043 ite
435 3991 469 4042 ut
488 3985 628 4042 omnibus
643 3980 812 4040 miserabile
871 3976 1279 4049 nonmuItotemporeineam
1287 3974 1500 4047 conjurandam
1508 3975 1695 4047 consumpto,

94 4077 284 4152 tpaotacnlum
300 4076 450 4148 preberet.
873 4066 1106 4142 puellamipsem
1118 4064 1214 4121 modis
1223 4062 1405 4120 terribilibus
1414 4066 1443 4120 et
1456 4060 1638 4120 cruciatibus
1649 4060 1697 4118 in·

94 4168 156 4225 lum
179 4182 245 4223 vero
260 4170 290 4222 et
303 4168 333 4223 S.
350 4164 472 4221 ioannis
487 4163 594 4219 virtute
609 4167 638 4220 et
653 4159 811 4219 monacho·
866 4155 978 4212 auditis
993 4158 1140 4226 torquens
1155 4153 1191 4209 ad
1210 4156 1320 4209 terram
1345 4151 1472 4208 detrusit
1485 4149 1630 4207 diabolus.
1644 4152 1698 4206 Sa·

94 4256 334 4330 rppiicetionibue
359 4253 465 4327 oppido
481 4251 652 4324 latigaretur
666 4249 810 4321 diabolus,
867 4245 1059 4310 cendosvero,
1071 4257 1195 4298 monens
1206 4257 1243 4297 ne
1258 4241 1372 4314 quises
1385 4238 1484 4312 iisqui
1500 4239 1698 4297 ederanteem

94 4362 172 4421 isque
195 4350 265 4402 Jesu
294 4345 430 4400 virtutem
460 4342 587 4415 perterre
611 4357 670 4397 non
693 4340 811 4409 valeret,
866 4334 1032 4406 attingeret,
1042 4330 1146 4388 leviter
1155 4347 1237 4403 aqua
1251 4329 1410 4386 benedicte
1425 4328 1544 4387 roribus
1559 4326 1697 4401 aspersit.

102 4436 246 4494 miserum
256 4435 339 4507 prius
349 4433 399 4488 diu
411 4432 581 4502 discerpens
592 4434 621 4485 et
631 4427 813 4495 lanienade-
866 4427 1008 4478 Caeterum
1024 4420 1140 4489 mulier,
1151 4419 1194 4474 uti
1209 4416 1347 4491 presenti
1362 4418 1422 4474 vita
1434 4418 1546 4489 iuncte,
1557 4432 1610 4489 per
1620 4415 1699 4472 hora

94 4524 295 4582 liscessit.Sed
306 4538 399 4595 operar
415 4520 541 4594 pretium
552 4521 615 4575 erat
624 4517 812 4591 audire‚quas
866 4509 1055 4568 intervallum
1067 4510 1183 4581 iacens,
1197 4505 1271 4563 nihii
1291 4505 1371 4562 aliud
1384 4505 1449 4561 vita
1463 4504 1627 4571 ostendere,
1643 4500 1701 4559 nisi

94 4614 174 4672 ctiam
186 4617 252 4686 post
266 4613 294 4668 in
312 4612 377 4685 ipso
386 4609 512 4667 volitans
523 4607 650 4664 sacrario
663 4605 811 4663 emiserit:
828 4614 853 4680 Β
868 4601 938 4674 quia
951 4602 1067 4655 tantum
1085 4602 1191 4653 tenuas
1217 4609 1267 4652 ore
1292 4593 1415 4666 spiritus
1433 4589 1701 4649 vicissitudinarios

94 4701 340 4762 acredibiliamihi
351 4698 641 4773 peneiuisssnt,qua
653 4697 814 4753 narraban·
867 4690 1001 4746 emittere
1014 4686 1195 4758 quandoque
1218 4680 1374 4755 paululum
1395 4679 1552 4738 videretur.
1568 4677 1699 4737 Tandem

113 4793 150 4849 ab
166 4791 213 4847 his
228 4789 279 4863 qui
294 4789 345 4846 tali
360 4785 527 4860 spectaculo
542 4786 674 4851 adorant,
686 4784 815 4857 accepis·
869 4790 1030 4847 exsurgens
1038 4779 1066 4831 et
1074 4772 1207 4843 undique
1215 4768 1457 4841 circumspiciens
1466 4785 1527 4826 non
1534 4783 1623 4842 parva
1631 4783 1700 4824 cum

94 4884 204 4951 fantus,
216 4879 288 4953 proh
306 4880 380 4934 bone
393 4878 407 4933 J
413 4876 480 4933 esui
494 4880 523 4932 et
533 4875 675 4947 strepitus
690 4878 720 4929 et
734 4877 818 4929 terrm
873 4870 1024 4924 teneretur
1050 4860 1253 4929 admiratione,
1277 4859 1476 4933 interrogavit,
1496 4857 1547 4914 uhi
1568 4857 1701 4932 gentium

108 4972 202 5028 tectus
216 4972 272 5036 est,
284 4969 355 5024 dum
371 4966 429 5024 alio
442 4967 575 5021 tonderet
586 4965 710 5031 demon,
722 4967 756 5018 ut
771 4979 818 5018 sa·
873 4958 994 5011 essolet
1007 4953 1086 5008 unde
1100 4950 1171 5007 illuc
1181 4948 1381 5024 applicuisset,
1393 4953 1423 5006 et
1433 4946 1503 5021 quid
1517 4946 1574 5005 sibi
1586 4944 1704 5006 totreli.

94 5077 122 5118 nr
132 5059 345 5130 ecclesiamque
354 5061 490 5113 totocum
500 5053 678 5111 monastario
687 5050 820 5109 funditus
874 5044 949 5119 giesi
958 5040 1077 5100 velient.
1089 5040 1213 5114 Cognita
1227 5038 1355 5110 denique
1367 5054 1385 5095 a
1395 5035 1586 5095 sacerdoteet
1599 5034 1705 5103 asnis,

94 5152 221 5215 curent,
237 5147 288 5220 qui
313 5147 445 5214 aderaut,
462 5158 566 5199 omnes
578 5159 585 5198 ι
599 5142 647 5199 cui
669 5156 736 5198 vero
760 5140 820 5196 haec
878 5150 937 5207 que
951 5130 1115 5188 lebarasset
1129 5128 1311 5200 infirmitate,
1322 5132 1351 5185 et
1360 5131 1395 5184 ut
1404 5124 1562 5184 incolumis
1572 5125 1603 5182 S.
1615 5127 1704 5181 toen-

95 5238 178 5297 ibilia
188 5237 356 5303 existerent,
368 5232 442 5291 alios
452 5231 531 5304 legat
544 5231 636 5288 libros
646 5235 676 5287 et
685 5229 821 5287 ecclesie·
875 5224 922 5280 nis
938 5219 1053 5278 meritis
1066 5217 1202 5290 cessent,
1213 5218 1312 5276 Decet
1324 5215 1381 5274 sibi
1396 5215 1507 5290 gratias
1522 5228 1624 5289 mens,
1634 5210 1704 5271 laste

109 5333 139 5388 st
162 5326 296 5402 gentiles,
312 5328 341 5381 et
361 5322 430 5397 quid
455 5321 585 5394 potuerit
604 5319 750 5388 diabolus,
765 5323 822 5375 Deo
876 5326 943 5369 cum
960 5307 1024 5367 suis
1036 5307 1068 5364 in
1085 5307 1234 5381 propriam
1249 5305 1354 5363 redivit
1367 5304 1503 5377 patriam.

98 5472 107 5545 )
123 5468 331 5527 ilonesterium
357 5465 439 5535 illud,
455 5467 530 5520 teste
552 5461 666 5516 Lubino
683 5460 712 5516 in
728 5460 822 5515 hbba-
885 5453 950 5509 vide
967 5449 1044 5523 apud
1060 5448 1217 5523 Ugheiium
1231 5451 1303 5504 tom.
1319 5448 1346 5518 3,
1362 5444 1453 5502 italie
1468 5459 1557 5529 secra
1572 5444 1627 5501 col.
1642 5444 1705 5502 aet.

95 5561 106 5600 ι
122 5542 209 5599 ltalia
229 5540 312 5596 Brevi
336 5538 440 5594 notitia
463 5552 529 5608 pag.
550 5535 608 5603 1¹5,
627 5534 716 5587 situm
733 5537 778 5589 est
792 5532 822 5587 in
916 5523 991 5595 (te-t)
1004 5522 1064 5577 iioc
1078 5521 1220 5604 oppidum
1236 5519 1380 5575 situmest
1394 5518 1424 5573 in
1435 5516 1541 5574 medris
1555 5516 1706 5575 montibus

95 5614 263 5681 iiorentino,
280 5615 383 5684 estque
397 5608 538 5664 dioeccsos
552 5604 711 5662 Fesuienar.
727 5604 823 5668 Quen·
881 5597 958 5652 circa
973 5600 1182 5676 eppennrnunr
1197 5596 1274 5647 inter
1284 5590 1395 5647 Vellem
1408 5589 1586 5674 Umbrenum
1600 5592 1630 5645 ct
1644 5602 1705 5643 mo-

95 5704 111 5746 n
135 5682 352 5760 congregationi
365 5680 617 5739 vallumbrosana
643 5677 759 5734 unitum
775 5675 823 5746 sit,
880 5670 1043 5725 naetcrrum
1057 5663 1259 5722 hlerrathense
1271 5662 1359 5737 uulgo
1373 5661 1504 5720 herram.
