3892 6096
75 283 118 351 oa
563 289 718 354 aranon.
741 290 793 352 nn
813 284 957 350 nutans
978 285 1289 358 demanoamus.
1749 310 1791 376 ῃ

72 419 246 494 justissima
260 422 289 477 el
302 421 414 493 optima
428 425 497 478 sunt
511 423 767 499 dicendalegitur
782 441 909 496 namque
924 424 951 492 Α
965 420 1118 478 humilitas
1135 425 1197 481 sine
1212 429 1493 499 superbia,cbaritas
1508 436 1572 494 sine
1588 441 1789 514 odio‚castitse

77 511 151 584 qnia
164 516 242 568 Deus
257 510 454 584 omnipotens,
471 513 609 571 omnibus
624 515 766 572 creaturis
781 514 906 587 impera·
963 510 1026 565 sine
1040 510 1348 577 luxuriaabstinentia
1362 519 1425 576 sine
1439 523 1519 596 gula,
1535 525 1641 587 lenitas
1651 533 1714 591 sinc
1725 553 1789 594 cru·

77 600 137 658 tivo
152 604 269 658 tantum
285 601 525 675 verbo'conditis,
541 602 581 659 ita
595 605 659 677 ipso
676 605 791 661 dicante
814 605 911 674 :fiae
963 597 1235 673 delitate,patientia
1249 606 1313 662 sine
1323 609 1441 679 injuria,
1451 614 1558 672 veritas
1573 617 1636 676 sine
1648 622 1784 696 falsitate,

76 691 157 764 (dea.
182 690 203 764 1)
217 689 274 747 hoo
299 695 328 746 et
352 690 440 761 illnd;
466 691 615 749 bominem
641 698 739 753 autem
766 694 908 761 facturus,
963 694 1131 762 ceteraque
1144 692 1423 754 virtutsssinevitiis
1437 706 1591 762 contrariis
1602 709 1644 764 vel
1657 715 1788 788 agnosci,

78 782 165 856 qnasi
181 778 362 838 consulendo
381 785 411 837 et
430 783 581 839 tractando
605 783 669 854 ejus
693 783 906 850 excellentiam,
961 777 1005 832 vel
1021 778 1131 850 aliquid
1143 781 1238 837 meriti
1251 782 1358 841 habere
1372 790 1557 858 potuissent?
1572 796 1599 851 Si
1616 800 1694 857 enim
1705 805 1787 862 nulla

78 871 262 947 preveniens
277 871 384 928 dixerit
401 888 407 928 :
424 873 570 930 Faciamus
587 874 730 931 homiaem
747 874 783 929 ad
807 874 908 944 imapi-
963 883 1061 923 rerum
1087 871 1279 928 contrarietas
1308 874 1353 929 vel
1381 877 1534 937 diversitas
1562 892 1649 958 esset,
1675 908 1727 947 nec
1756 911 1788 951 se

77 979 143 1020 nem
155 969 184 1018 st
196 961 414 1018 similitudinem
429 970 560 1019 nostram.
577 963 612 1019 et
626 967 693 1037 post
710 978 814 1037 pauca,
830 959 907 1017 Sori-
963 957 1120 1029 quisquam
1135 976 1333 1028 exercere‚nec
1347 966 1505 1037 quuslibet
1519 974 1655 1032 meritum
1669 982 1787 1051 probari

78 1056 170 1126 ptura
185 1050 295 1108 refert:
310 1053 349 1106 Et
362 1051 627 1124 aseviainquiens,
638 1056 711 1109 Deae
725 1051 909 1109 baraiaomad
963 1046 1117 1118 potuisset·
1131 1049 1173 1104 Ad
1185 1049 1243 1106 haec
1254 1052 1341 1108 otiam
1353 1055 1377 1109 si
1391 1056 1472 1113 nulle
1487 1075 1595 1135 pugna,
1613 1066 1694 1124 nulla
1709 1077 1786 1128 esset

78 1142 233 1211 imaginem
247 1157 326 1197 raam
341 1141 444 1213 (loia).
461 1141 528 1206 Oua
544 1141 687 1198 nimirum
713 1142 790 1198 dicta
813 1139 908 1197 omni·
962 1140 991 1194 et
1017 1136 1148 1193 victoria.
1170 1140 1199 1194 Si
1224 1157 1290 1197 vero
1315 1143 1396 1201 nulle
1419 1145 1549 1216 victoria,
1570 1153 1651 1210 nulla
1673 1173 1790 1232 quoque

79 1231 170 1289 mode
186 1233 255 1287 snut
269 1231 431 1302 pensanda,
443 1231 513 1304 quia
526 1247 561 1287 ex
576 1230 623 1287 his
638 1231 784 1304 colligitur
799 1233 909 1302 quanta
963 1226 1109 1296 speranda
1119 1228 1298 1301 assetgloria
1308 1231 1356 1288 his
1370 1234 1478 1305 quibus
1493 1243 1788 1305 estoertendum.Sed

80 1322 163 1378 Deus
177 1319 322 1377 hominem
338 1319 514 1376 conditionis
529 1320 672 1394 dignitate
687 1318 821 1377 extulerit
836 1335 907 1391 quo·
965 1330 1019 1369 neo
1034 1313 1146 1372 luciferi
1162 1316 1218 1373 diei
1232 1317 1349 1377 claritas
1364 1322 1427 1379 aine
1443 1327 1603 1386 tenebrose
1628 1336 1722 1392 noctis
1736 1353 1787 1411 op·

80 1425 142 1483 que
159 1410 246 1465 modo
259 1425 326 1465 enm
343 1409 438 1466 vivere
453 1408 587 1466 voluerit,
963 1403 1109 1476 positione
1122 1411 1215 1478 grata,
1231 1408 1275 1463 vel
1289 1411 1416 1481 pretiosa
1431 1421 1519 1472 esset.
1544 1418 1617 1476 Nam
1633 1423 1706 1479 nibil
1722 1442 1788 1498 gra·

113 1499 171 1555 Sed
199 1503 232 1554 nt
254 1499 479 1573 omnigenarum
503 1499 656 1567 virtutum,
682 1515 756 1572 quas
780 1497 908 1571 profecto
963 1492 1083 1558 temnet
1099 1495 1260 1566 pretiosum
1276 1496 1476 1569 babetur,nisi
1492 1507 1569 1576 quod
1585 1517 1788 1582 comparatum

79 1586 204 1661 imagini
220 1587 908 1657 divinae,idesthominiinsitasesseoredimus,
963 1581 1047 1637 elteri
1069 1581 1256 1640 excellentius
1282 1586 1406 1644 videtur.
1436 1591 1491 1647 Sed
1516 1596 1585 1665 qnia
1608 1603 1790 1673 comparatio

80 1677 235 1734 scientiam
261 1677 489 1750 facultatemque
514 1679 782 1751 pretermittamus,
808 1678 843 1733 de
865 1693 909 1759 ar·
963 1688 1022 1726 non
1038 1671 1137 1727 minus
1152 1674 1787 1762 quaminduobusagitur‚ubicomparanda

78 1766 159 1824 bitrii
175 1764 311 1823 libertate
326 1765 512 1823 solummodo
534 1765 633 1839 aliqua
657 1767 801 1833 dieamus,
819 1781 908 1838 quam
963 1760 1118 1816 alteritatis
1133 1761 1217 1832 copia
1237 1761 1340 1829 deerit.
1357 1767 1451 1837 gratia
1474 1768 1562 1826 simul
1577 1779 1605 1829 et
1621 1779 1789 1847 pretiositas

80 1856 230 1930 accepisse
241 1854 371 1912 creditur
380 1872 447 1911 oum
462 1856 573 1912 ceteris
587 1857 756 1913 virtutibus.
772 1854 909 1927 Alioquin
965 1849 1074 1905 deficit·
1092 1850 1165 1913 Quia
1180 1867 1248 1922 ergo
1262 1868 1315 1924 per
1332 1852 1502 1926 hujusmodi
1528 1867 1789 1935 comparationem.

78 1947 140 2015 Dei,
156 1945 209 2018 qui
223 1945 316 2002 libero
331 1944 453 2001 arbitrio
476 1945 580 2018 utique
602 1945 772 2018 perimitur,
788 1943 911 2000 minime
964 1938 1008 1994 vel
1019 1938 1232 2011 oppositionem
1248 1942 1342 2013 gratia
1352 1943 1499 2003 Deietiam
1510 1950 1721 2012 consideranda
1733 1963 1788 2027 ost3

79 2036 257 2110 exprimeret
272 2034 442 2108 imaginem.
459 2039 624 2091 attestatur
643 2035 732 2092 etiam
756 2034 810 2090 boe
834 2031 910 2089 Scri·
965 2029 1102 2100 angelico
1114 2030 1406 2103 naturadignitatem
1415 2035 1539 2109 ejusque
1549 2039 1665 2097 ruinam
1676 2045 1791 2103 existis-

80 2131 180 2198 ptura,
193 2136 274 2180 ¹cum
302 2124 337 2179 de
361 2122 420 2180 Deo
445 2123 631 2196 praecipiente
654 2124 743 2179 refert
757 2120 827 2178 talia
842 2139 849 2178 ε
864 2123 912 2177 Ee
964 2118 1065 2185 bilem,
1082 2117 1111 2173 in
1129 2135 1187 2190 qua
1202 2119 1252 2175 Dei
1262 2121 1408 2190 judicium
1424 2125 1552 2196 primum
1568 2134 1718 2202 apparuit;
1737 2152 1789 2191 uec

78 2213 287 2286 amai,inquit,
301 2214 382 2286 iipao
400 2213 529 2286 paradisi
546 2213 671 2282 carew
686 2213 718 2269 ds
733 2213 808 2282 liqna
821 2215 910 2268 naara
966 2224 1024 2263 non
1035 2207 1122 2278 primi
1135 2208 1262 2264 bominis
1272 2208 1388 2282 lapsum
1398 2213 1616 2287 veniabilem‚in
1631 2224 1788 2293 quostiam

78 2305 204 2361 scimtiae
219 2303 283 2359 toni
295 2306 322 2360 et
336 2302 411 2358 mali
424 2319 459 2359 aa
470 2302 594 2360 comedas
610 2301 686 2374 (Gen.
697 2302 739 2374 ιι).
751 2301 911 2357 cumcuim
965 2295 995 2351 in
1016 2295 1150 2352 homines
1165 2299 1239 2352 laeta
1254 2298 1350 2370 prima
1373 2300 1423 2356 Dei
1447 2304 1542 2374 grstia
1565 2311 1718 2380 apparuit;
1738 2313 1790 2369 sed

82 2393 202 2450 homini
213 2392 470 2464 conditaquaedam
482 2392 832 2464 conceduntur,quaedam
844 2405 912 2447 aare
966 2388 995 2440 et
1009 2384 1200 2441 multimodas
1223 2386 1273 2442 Dei
1300 2388 1514 2458 miserationes,
1531 2400 1632 2466 postea
1651 2401 1790 2459 omnibus

81 2482 311 2549 interdicuntur,
329 2486 410 2555 patet
425 2483 553 2555 prefecto
569 2481 638 2555 quia
659 2481 750 2537 libero
772 2480 912 2553 preditus
966 2473 1035 2545 [aad.
1054 2475 1145 2530 lamb.
1168 2474 1348 2544 hominibus]
1362 2478 1519 2547 exhibitu,
1544 2484 1668 2543 invicem
1692 2491 1790 2548 confe-

81 2571 173 2629 tuerit
185 2570 317 2627 arbitrio.
334 2571 419 2627 biber
433 2575 531 2626 autem
558 2572 654 2628 factus
676 2572 741 2641 ejus
756 2571 843 2641 jussa
856 2570 911 2624 im·
965 2580 1032 2619 rens
1047 2562 1155 2631 animo,
1167 2569 1310 2635 quantum
1327 2567 1465 2638 possibile
1480 2575 1536 2640 est,
1547 2579 1790 2644 pertractaCnm·

85 2661 168 2734 plere
181 2660 313 2730 debuit,a
328 2677 385 2732 quo
401 2664 429 2716 et
442 2659 607 2716 libertatem
621 2659 808 2732 accepitfloc
823 2658 914 2732 igitur
966 2669 1023 2724 que
1047 2654 1108 2708 hoec
1132 2654 1231 2709 animo
1260 2656 1414 2713 revolveris
1438 2663 1467 2713 et
1488 2659 1670 2732 quibuslibet
1694 2669 1790 2740 culpis

84 2767 153 2808 cum
165 2752 283 2823 justum
297 2749 526 2820 esset,veluntns
539 2748 588 2806 Dei
599 2749 654 2805 luit
665 2750 700 2805 ad
717 2748 911 2821 implendum.
965 2759 1118 2815 poenarutn
1134 2744 1238 2799 merita
1253 2745 1405 2815 eburneus,
1422 2747 1559 2806 fateberis
1574 2755 1674 2823 procul
1699 2757 1789 2814 dubio

85 2839 169 2895 Unde
180 2839 253 2895 gatis
265 2837 356 2894 claret
366 2837 436 2910 quia
447 2839 525 2910 quod
544 2855 601 2894 „011
616 2843 661 2894 est
676 2836 798 2910 impleta
812 2837 914 2910 hujus.
970 2856 980 2882 ι
997 2832 1199 2888 misericordia
1215 2833 1329 2889 bomini
1345 2837 1461 2907 plenam
1477 2854 1542 2895 esse
1557 2845 1675 2899 terram.
1691 2867 1706 2897 a

84 2928 167 2985 modi
187 2927 325 2984 voluntas
339 2945 397 2983 non
414 2928 449 2983 ad
465 2926 609 2984 libertatis
633 2927 780 2996 naamam,
802 2928 851 2982 aed
876 2929 912 2984 ad
1002 2921 1789 3008 Quamviscnimplurimaesaeouligenerationes‚culpis

83 3014 222 3089 precepti
239 3015 331 3069 divini
343 3015 529 3070 referendum
547 3018 592 3070 est
606 3019 864 3087 transgressorem.
967 3011 1159 3082 exigentibus,
1172 3011 1283 3080 judicio
1299 3012 1349 3068 Dei
1363 3014 1530 3083 ¹justissimo
1551 3021 1611 3075 sint
1632 3022 1789 3095 damnate,

120 3106 152 3160 ll.
168 3103 240 3160 Cum
255 3103 413 3160 verborum
429 3109 547 3160 tuorum
562 3103 668 3160 seriem
679 3103 806 3172 attendo,
823 3120 910 3176 quor·
966 3100 1045 3155 idam
1055 3100 1308 3172 tamenjudicium
1320 3104 1452 3160 evenisse
1462 3107 1589 3163 creditur
1600 3126 1652 3181 pro
1665 3111 1790 3171 aliorum

83 3210 150 3250 snm
168 3195 290 3250 madent
305 3193 406 3248 miror.
926 3175 949 3242 G
968 3189 1072 3260 salute,
1089 3189 1164 3246 sicut
1186 3195 1215 3245 et
1227 3190 1307 3246 salus
1329 3193 1460 3263 gentium
1485 3196 1671 3257 damnatione
1694 3204 1791 3260 evenit

119 3284 150 3340 0.
168 3282 206 3339 Ut
220 3282 500 3355 interrogationibus
523 3282 583 3338 tuis
608 3282 797 3340 satisfaciam.
820 3286 912 3340 luter·
934 3299 938 3304 *
965 3280 1145 3335 laneorum.
1161 3279 1235 3336 Nam
1255 3284 1343 3334 tantae
1358 3281 1463 3338 scholae
1478 3284 1635 3358 disciplina
1649 3306 1707 3345 non
1728 3291 1791 3348 sine

84 3373 212 3446 rogabas
228 3387 356 3443 namque
370 3371 400 3426 in
416 3371 519 3444 primia
535 3388 624 3443 quare
640 3377 715 3427 Deus
740 3372 912 3429 afflictiones
967 3369 1133 3440 aliquorum
1157 3368 1219 3423 lieri
1244 3373 1339 3439 potest
1362 3373 1456 3441 ruina,
1483 3373 1559 3428 siout
1586 3390 1639 3431 nec
1661 3392 1786 3449 granum

83 3466 186 3518 tentas
201 3461 233 3515 in
248 3460 355 3515 mundo
371 3460 552 3532 permiserit;
568 3461 683 3532 deinde,
698 3477 751 3517 cur
762 3461 912 3518 bominem
967 3459 1078 3530 absque
1093 3459 1244 3529 palearum
1257 3458 1402 3513 excutitur
1416 3459 1532 3530 tritura,
1548 3464 1684 3534 quamvis
1703 3483 1789 3538 quos·

84 3555 147 3607 um
165 3547 300 3622 fragilem
311 3549 550 3613 condiderit.0nae
564 3550 766 3621 utraquequia
780 3566 813 3605 ex
825 3549 912 3622 prlmi
966 3548 1046 3614 dam,
1063 3561 1137 3617 quos
1153 3545 1182 3599 in
1199 3545 1253 3600 bac
1268 3545 1327 3600 vita
1341 3547 1496 3604 damnatos
1510 3550 1654 3624 videmus,
1665 3554 1694 3609 in
1709 3558 1788 3612 fulu-

87 3639 218 3695 bominis
241 3638 408 3694 conditione
431 3643 496 3695 orta
522 3655 587 3695 ease
609 3638 755 3708 videntur,
779 3640 912 3710 ejusdem
967 3653 1000 3692 ra
1014 3634 1171 3692 salvandos
1185 3651 1250 3690 esse
1264 3651 1427 3707 speremus.
1873 3628 1876 3637 ‘

86 3744 204 3802 quoqne
219 3727 350 3783 hominis
365 3727 508 3800 originem
523 3727 664 3799 replicare
679 3727 775 3796 libuit,
792 3730 912 3796 ut,dum
1004 3731 1040 3782 Η.
1055 3725 1120 3780 lam
1135 3725 1206 3780 satis
1221 3723 1375 3780 declarasti
1392 3727 1460 3797 quia
1476 3727 1591 3802 flagella
1613 3732 1713 3790 divina
1731 3736 1791 3792 sint

87 3817 116 3874 in
131 3823 197 3875 ortu
214 3817 400 3873 cansafieret
415 3818 542 3900 cognita,
558 3816 640 3873 nrrlla
655 3817 792 3890 deinceps
815 3834 913 3890 ques·
968 3812 1132 3870 necessaria
1147 3814 1284 3885 quodque
1297 3814 1398 3886 gratie
1420 3816 1514 3889 magis
1539 3836 1627 3892 quam
1643 3824 1703 3878 siut
1717 3841 1790 3899 sup-

87 3908 276 3979 tiosgeretur
289 3903 448 3978 superflua.
967 3902 1054 3975 plicia
1069 3903 1247 3975 deputanda.
1263 3903 1317 3957 Sed
1342 3908 1371 3958 et
1394 3904 1481 3976 primi
1507 3906 1636 3966 heminis
1659 3910 1787 3985 lapsum,

122 4001 157 4053 Η.
174 3997 243 4053 Esto
257 4000 290 4051 ut
301 3996 360 4052 ista
371 3995 502 4068 questio,
520 3996 604 4069 quasi
619 3995 778 4068 superflua,
794 3995 913 4067 abjicia-
967 4008 1055 4064 quem
1071 3991 1274 4062 imperitorum
1289 3991 1396 4064 vulgus
1418 3998 1505 4050 refert
1529 3998 1564 4052 ad
1590 3998 1789 4073 Conditorem,

87 4084 369 4159 tnr,qnid,qneso,
395 4085 498 4141 divinae
524 4085 717 4158 greaeque
740 4088 826 4156 plena
848 4100 912 4140 osse
966 4085 998 4135 tu
1013 4080 1132 4153 quidem
1148 4079 1331 4151 apertissime
1343 4082 1468 4138 docuisti
1483 4085 1519 4140 ad
1533 4088 1664 4156 ejusdem
1691 4089 1789 4146 homi·
1823 4114 1824 4117 ¹

86 4178 163 4231 terra
176 4174 364 4242 describitur,
381 4174 410 4230 in
426 4174 559 4245 ejusdem
572 4174 660 4246 primi
676 4173 805 4230 bominis
815 4174 914 4231 condi·
967 4169 1014 4226 nia
1029 4169 1213 4227 referendum
1229 4184 1293 4225 essa
1308 4168 1546 4228 inobedientiam.

87 4264 167 4319 tione
182 4263 362 4336 deputatur?
1285 4274 1402 4332 CAPUT
1421 4277 1467 4334 [v.

125 4352 155 4410 0·
171 4351 255 4408 Nulli*
269 4368 369 4408 lerum
384 4351 522 4425 qualitas,
539 4352 596 4409 nisi
612 4369 662 4425 W
679 4355 861 4421 aalaimene,
882 4354 912 4409 id
966 4368 998 4423 ln
1012 4365 1189 4421 damnatione
1207 4365 1370 4437 angelorum
1392 4371 1582 4438 apostatarum
1600 4372 1709 4443 justam
1736 4376 1790 4432 ora·

86 4447 131 4499 est
145 4441 386 4511 contraria,valet
399 4443 530 4515 agnosci.
546 4443 672 4514 Ideoque
686 4443 710 4500 si
726 4444 850 4516 gratiam
863 4443 912 4500 Dei
997 4437 1154 4510 judicium·
1170 4439 1200 4492 ia
1214 4439 1391 4508 reparatione
1404 4439 1522 4496 bominis
1537 4444 1607 4514 lapsi
1621 4444 1716 4502 dieiaa
1729 4449 1789 4517 pie·

87 4532 172 4605 cupis
183 4532 487 4605 agnoscare‚ejusdem
499 4531 599 4604 gratiae
613 4532 912 4604 oppositumvclcon-
926 4551 950 4616 D
1002 4514 1045 4565 ⁸⁰⁸
1056 4519 1181 4581 affara·

86 4621 210 4677 mnam
223 4621 295 4694 quid
310 4622 349 4677 sit
363 4621 446 4694 prius
461 4621 549 4677 debes
566 4621 857 4686 attenderaNecesse
867 4628 913 4678 est
959 4680 961 4688 .
1002 4618 1096 4673 llaiar.
1111 4621 1195 4671 Nunc
1209 4632 1277 4688 ergo
1294 4633 1395 4689 precor
1409 4622 1452 4684 ul,
1468 4620 1537 4691 quia
1549 4621 1636 4691 paulo
1651 4623 1788 4696 superius

87 4711 164 4766 eninr
181 4711 341 4783 cujuslibet
355 4711 396 4766 rei
412 4711 590 4784 agnitionem
606 4711 911 4784 essengnitloautem
969 4708 1127 4764 maximam
1143 4706 1259 4777 pietatis
1274 4704 1377 4760 divina
1392 4707 1640 4778 dispensationem
1657 4712 1787 4771 humano

87 4798 259 4871 hujusmodi
270 4800 460 4857 essevidetur
471 4798 669 4867 distenderet
682 4800 912 4872 diversitasque
967 4795 1066 4869 generi
1082 4794 1240 4850 exhibitam
1260 4793 1289 4847 in
1313 4794 1449 4866 angelieas
1472 4802 1501 4852 et
1514 4797 1651 4856 humana,
1676 4809 1788 4858 aarum

87 4888 163 4946 inter
184 4888 323 4961 quelibet
347 4889 483 4962 opposita
497 4893 526 4945 et
541 4888 689 4945 contraria
711 4889 914 4961 reperturus
968 4885 1120 4941 collatione
1146 4882 1247 4938 sentiri
1273 4898 1359 4953 posse
1383 4885 1492 4955 dixisti,
1509 4889 1545 4944 de
1566 4889 1612 4945 his
1628 4892 1717 4947 etiam
1732 4890 1789 4946 ali·

87 4975 163 5033 inter
178 4979 281 5034 album
296 4983 325 5035 ot
339 4978 468 5051 nigrum.
483 4977 591 5034 Album
615 4978 693 5033 enim
719 4977 750 5033 in
776 4977 852 5044 elbo,
868 4977 913 5034 vel
967 4975 1037 5047 quid
1054 4973 1169 5045 planius
1186 4971 1335 5043 disputare
1350 4975 1474 5031 coneris.

88 5067 205 5140 nigrum
221 5067 252 5123 in
266 5068 349 5141 nigro
362 5067 474 5140 pictum
490 5067 573 5123 facile
589 5069 707 5139 agnosci
723 5067 845 5139 nequit;
861 5068 911 5123 aad
1003 5064 1035 5119 0.
1051 5063 1182 5118 Obscura
1196 5066 1266 5116 sunt
1278 5061 1360 5118 valde
1375 5078 1439 5134 quae
1454 5067 1561 5136 queris
1575 5072 1605 5124 ct
1620 5085 1653 5124 oo
1668 5070 1704 5125 ad
1722 5086 1788 5142 pro·

86 5162 246 5230 utramque
270 5174 322 5230 per
345 5157 527 5231 oppositum,
553 5154 596 5212 vel
621 5156 770 5213 diversum
786 5156 912 5213 colorem
968 5153 1120 5209 ferendum
1133 5150 1298 5206 difficiliora
1310 5168 1367 5224 que
1381 5154 1411 5207 in
1422 5158 1597 5225 quaestione
1612 5159 1788 5215 rariorased

87 5248 267 5320 egrescitnr.
281 5247 468 5320 ltaetgratia
478 5246 576 5302 divina
586 5246 798 5302 consideranda
808 5251 853 5302 est
863 5263 914 5318 per
967 5243 1046 5317 quia,
1064 5247 1096 5297 ut
1113 5241 1270 5312 Apostolus
1285 5240 1355 5296 dicit
1370 5258 1377 5298 :
1393 5244 1551 5301 laeiaititr'a
1570 5248 1619 5302 Dei
1632 5264 1649 5302 a
1661 5251 1789 5305 creatura

85 5336 150 5408 ejus
165 5337 349 5411 oppositum,
365 5338 443 5409 quod
466 5340 511 5392 est
536 5337 667 5392 divinum
687 5335 845 5407 judicium.
861 5336 913 5393 llis
967 5332 1063 5388 mandi
1075 5347 1126 5404 prr
1138 5346 1169 5385 aa
1184 5345 1247 5401 quae
1260 5332 1334 5402 iacta
1345 5337 1411 5386 sant
1427 5334 1568 5390 intellecta
1580 5337 1789 5408 conspiciantur

86 5441 214 5498 umque
228 5427 347 5483 dnobus
363 5425 517 5499 oppositis,
538 5426 584 5482 vel
608 5425 731 5496 cellatis,
753 5433 912 5496 utrumque
967 5422 1055 5494 (liora.
1072 5421 1104 5494 1),
1120 5420 1327 5493 aggrediamur
1349 5420 1458 5493 aliqua,
1475 5440 1538 5495 quas
1554 5425 1597 5481 vel
1613 5427 1661 5482 Dei
1682 5428 1788 5500 gratia,

84 5514 427 5591 intelligitur.Sieetiam
443 5516 553 5572 bonum
569 5513 805 5586 molientesque
816 5515 912 5571 omnis
967 5514 1002 5569 de
1017 5508 1789 5591 qualequimur,vellidessanctssugg'arit,bincpro·
1819 5534 1825 5544 “

82 5604 148 5693 pto
161 5605 305 5669 matroni
320 5605 505 5690 oppositione
516 5602 662 5667 clarescit.
677 5603 828 5677 Quomodo
843 5618 912 5683 ergo
965 5599 1125 5714 palareKIn
1139 5600 1249 5683 quibus
1263 5603 1373 5681 amen,
1388 5616 1425 5663 ns
1448 5602 1516 5688 quis
1539 5619 1593 5670 nos
1615 5605 1790 5691 amentatis
