3892 6096
112 330 189 396 tota
658 332 857 395 trpuuotx
880 330 932 392 Ati
954 328 1264 396 nonantulanis.
1741 328 1819 392 {bib

111 469 231 526 econtra
245 464 344 522 vinum
360 464 518 537 optimum,
534 464 620 535 eujus
637 464 692 521 sibi
713 482 819 538 magna
835 465 931 538 copia,
947 465 974 532 Α
988 462 1612 537 sponensidaretservitium,arcbiepiscopo
1623 459 1748 521 cuilibet
1760 481 1817 523 non

113 556 221 614 seniori
236 559 332 612 autem
349 570 406 609 non
423 571 510 626 parva
525 559 587 609 erat
602 555 734 626 penuria,
760 555 931 611 retribuere.
989 553 1062 608 nihil
1078 551 1675 626 lorinidaudumtiuieumregiuslegatua
1686 554 1818 627 singula·

114 643 165 702 llle
179 646 311 700 nostrum
328 643 461 714 interius,
479 648 578 700 noster
592 643 675 699 illum
688 644 814 701 exterius
828 661 933 716 procu·
988 642 1042 697 lim
1058 659 1122 714 qum
1138 643 1235 697 danda
1249 647 1347 698 essent
1358 642 1511 715 magnifice
1538 647 1739 711 enumeraret,
1754 648 1818 701 tan-

112 732 206 801 rabat,
222 732 307 789 etsie
323 732 462 788 munifica
481 749 586 788 manus
607 732 768 788 amicitiam
798 737 933 788 mutuam
989 731 1115 803 demque
1125 733 1161 786 ad
1173 732 1348 787 immensam
1356 730 1415 786 viui
1426 747 1597 786 mensuram
1607 735 1732 787 uentum
1741 738 1820 791 esset

114 820 936 893 confirmabat.Quodamautomantumpnomissisnoster
989 823 1111 876 Pessime
1125 825 1138 874 ?
1152 820 1258 893 iuquit,
1274 821 1400 876 domiuus
1414 826 1479 875 ttius
1494 824 1587 892 operte
1606 822 1727 876 insanit.
1744 822 1817 879 Unde

115 909 287 968 muneribus
296 910 391 967 solitis
400 928 466 966 cum
478 915 625 983 speratam
646 911 705 966 vini
723 910 934 967 remuneratio·
989 909 1114 966 deberem
1128 911 1183 965 sibi
1196 913 1303 966 tautum
1317 912 1462 966 seruitium
1475 910 1606 981 dore,qui
1619 927 1673 966 uec
1702 921 1819 969 meme·

51 1025 57 1034 ¹
115 1015 181 1055 nem
197 999 343 1072 pendulus
358 1003 531 1074 expectaret,
548 1001 633 1056 sodes
655 1001 718 1072 ejus
734 1000 936 1073 sollempniter
990 1001 1081 1070 ipsum
1095 1002 1164 1054 sotis
1186 1016 1253 1072 queo
1276 999 1478 1071 pasceretltpo
1503 999 1614 1070 quidem
1638 1002 1734 1056 sociati
1761 1001 1817 1073 efai

110 1088 205 1161 jocari
220 1088 332 1158 volens,
347 1090 447 1145 decem
464 1089 582 1162 quidem
602 1090 738 1145 carradas
749 1088 865 1145 delicati
877 1088 935 1144 vini
989 1103 1064 1143 erum
1079 1088 1242 1161 peiere-seu
1257 1091 1314 1160 ipse
1326 1090 1391 1161 fecit
1401 1089 1482 1144 rebus
1497 1089 1578 1160 quasi
1584 1105 1742 1161 pauperem
1750 1107 1817 1161 por·

114 1177 310 1247 misit‚verum
319 1179 457 1235 urbnnc²l
469 1177 551 1233 illum
568 1178 650 1251 prius
660 1177 935 1235 clusitPraemiesus
990 1176 1190 1249 rorbicuum‚et
1205 1193 1278 1232 nuuc
1290 1178 1387 1249 repete
1397 1178 1483 1249 poscit
1494 1195 1511 1231 o
1521 1178 1722 1232 meservitium
1731 1177 1817 1237 illude

114 1267 222 1340 quippe
237 1268 363 1324 nuncius
374 1268 437 1338 ejus
452 1267 674 1339 saccos‚quibus
685 1267 790 1324 vellera
805 1267 936 1323 serebant
990 1266 1044 1321 sibi
1058 1271 1095 1322 tot
1110 1267 1243 1322 carrades
1271 1268 1331 1321 vau
1345 1267 1357 1321 ‘l
1369 1269 1428 1337 Epo
1453 1266 1562 1337 quidem
1587 1266 1624 1322 de
1651 1268 1719 1323 uiuo
1746 1266 1814 1323 aaut

115 1360 173 1424 tur,
188 1362 287 1413 musto
301 1357 438 1430 impletos
454 1374 552 1413 coram
583 1358 720 1429 episeopo
749 1357 937 1430 indignanter
991 1357 1146 1410 bubeouisi
1168 1373 1252 1411 uuum
1279 1356 1427 1427 porculam
1450 1355 1603 1412 remuriam
1632 1371 1720 1427 quam
1747 1355 1816 1413 dedit

115 1445 237 1518 projecit
247 1452 276 1503 et
290 1445 372 1502 nulla
385 1446 562 1502 salutatione
578 1446 811 1519 premissa,Ecce,
829 1446 934 1518 inquit,
990 1446 1061 1500 utilit
1087 1444 1164 1500 sodes
1203 1461 1280 1499 isaeus
1302 1444 1428 1500 diabotus
1459 1445 1637 1516 tuqustensis
1676 1446 1814 1519 episcopm

114 1534 332 1592 domiuusmeus
361 1536 467 1609 remisit
495 1536 569 1591 uobis
588 1537 751 1592 munusculo
781 1536 939 1592 uestrusibi
990 1533 1630 1602 tentumuuisocrificium——dicebatautem
1646 1533 1813 1591 Bruaoaam

114 1624 317 1696 iudipua,uotis
331 1625 539 1682 necessarimetd
553 1624 780 1697 becepiscopus,
796 1627 935 1695 Furcifer,
991 1622 1085 1695 ipsius
1100 1622 1285 1695 imperatoris
1301 1638 1475 1695 germanum
1487 1622 1606 1679 fratrem
1621 1639 1628 1691 ;
1647 1639 1744 1695 -per
1754 1640 1812 1680 sn·

116 1714 224 1787 inquit,
240 1715 439 1770 tuusdomiuus
453 1729 508 1770 stou
525 1717 587 1769 erat
612 1714 716 1769 tutibus
729 1713 809 1771 dorsis
837 1714 937 1785 dipuus
991 1719 1074 1779 ctum,
1091 1712 1196 1784 iuquit,
1215 1709 1419 1782 Wiliibotdum,
1435 1728 1469 1767 ue
1481 1712 1662 1784 utruquideur
1671 1715 1757 1784 putto
1770 1713 1813 1769 iu·

115 1805 227 1877 ideoque
242 1804 313 1868 iuste
326 1804 435 1859 remisit
449 1820 509 1874 qua
519 1819 576 1859 sue
604 1802 757 1858 conditioni
784 1805 938 1875 iueouprua
987 1802 1036 1873 jus
1052 1802 1111 1857 uiui
1124 1803 1146 1841 ²⁸
1162 1802 1321 1858 intrabitur
1337 1817 1365 1857 os
1380 1801 1488 1856 deruiui
1502 1801 1554 1856 tui.
1583 1801 1722 1859 Tandem
1752 1817 1810 1859 oum

114 1910 173 1952 esse
186 1894 458 1965 receptissimarum
472 1908 525 1948 reu
537 1891 603 1964 quid
615 1894 706 1963 fucere
720 1892 859 1962 iquoruvit
872 1908 937 1950 crim
992 1891 1163 1947 deservisset
1178 1891 1222 1946 ira
1236 1890 1261 1961 ej
1266 1907 1313 1957 us,
1336 1889 1479 1962 pretiosos
1509 1888 1683 1963 imperatori
1709 1890 1814 1964 aliquot

115 1984 166 2040 rati
177 1983 258 2040 tutem
272 1983 453 2054 episcopatum
477 1979 564 2036 dedit.
594 1985 674 2036 Tunc
703 1980 817 2054 legatus
834 1981 935 2038 stricto
992 1996 1104 2051 pannos
1121 1979 1211 2048 misit,
1227 1984 1255 2035 et
1270 1978 1363 2051 legato
1379 1979 1452 2034 dixit
1471 1995 1477 2033 :
1496 1983 1554 2034 Hoc
1575 1980 1667 2036 uoluit
1691 1979 1811 2037 douae

114 2070 208 2129 cultro
222 2087 321 2128 saccos
331 2075 438 2127 temere
449 2069 609 2136 discidit,et
618 2070 815 2127 effusomusio
824 2070 937 2144 episco·
991 2073 1054 2124 tuus
1076 2069 1124 2124 boo
1147 2069 1244 2124 iubeat
1258 2086 1268 2131 ;
1284 2068 1333 2125 lios
1350 2077 1390 2125 est
1405 2069 1601 2124 liisteteusium
1629 2070 1811 2141 episcoporum

114 2177 185 2233 pum
202 2159 313 2215 inicam
322 2157 480 2214 maximam
488 2156 847 2230 provocavittlxclamavit
857 2159 935 2216 enim
988 2161 1080 2230 potiris
1095 2175 1177 2230 quum
1188 2159 1302 2230 plenum
1316 2159 1425 2229 rupibus
1439 2157 1504 2212 dure
1517 2158 1679 2213 seruitium.

111 2266 180 2305 voce
195 2264 303 2322 magne
328 2251 357 2304 et
383 2246 457 2303 dixit
472 2264 479 2302 ε
494 2246 584 2303 Filius
610 2249 774 2318 meretricis,
805 2249 934 2306 domiuus
1025 2247 1070 2301 et.
1088 2247 1208 2310 Quando
1225 2247 1261 2302 ad
1277 2246 1389 2303 curiam
1404 2245 1494 2314 venit,
1511 2246 1537 2302 si
1551 2246 1600 2302 via
1628 2245 1732 2304 lutosa
1757 2249 1810 2303 erat

113 2343 177 2396 tuus
191 2340 267 2394 ilaue
276 2341 373 2410 operte
384 2353 469 2392 ausus
478 2341 516 2392 esi
527 2337 600 2393 mibi
609 2336 795 2393 ittudemtl’er
809 2346 935 2394 sunctum
991 2351 1086 2407 usque
1101 2335 1137 2390 ad
1153 2335 1248 2408 ipsam
1264 2334 1371 2408 regalis
1386 2334 1513 2390 cubiculi
1534 2335 1664 2406 januam
1688 2335 1809 2409 equitare

114 2425 304 2484 Willibaidum
315 2426 404 2481 eustos
420 2428 479 2480 tuos
492 2440 547 2480 uou
562 2426 686 2497 auferres
701 2441 717 2479 u
738 2441 792 2480 me.
811 2426 935 2492 Interea,
991 2424 1111 2480 solebat.
1127 2425 1208 2488 Quod
1224 2440 1290 2481 oum
1306 2422 1372 2479 aliis
1382 2423 1510 2497 episcopi
1527 2423 1744 2482 inconveniens
1754 2440 1810 2481 ease

113 2521 147 2572 ut
161 2518 223 2570 erat
236 2513 467 2586 preordinatum,
484 2513 595 2568 intrant
624 2513 782 2570 ordinatim
803 2513 937 2587 plaustra
992 2513 1131 2580 dicerent,
1144 2512 1202 2568 hiis
1230 2511 1324 2568 verbis
1352 2513 1532 2585 compescuit
1560 2529 1623 2581 eos,
1654 2512 1808 2571 dicenszt

113 2603 251 2659 ducentia
265 2602 454 2657 trinomium
469 2618 534 2658 vero
550 2600 664 2673 legatus
680 2607 845 2658 reverenter
855 2620 936 2661 acoe-
990 2602 1169 2671 stuttiepoue
1194 2601 1318 2658 deberem
1330 2603 1554 2674 propteriuuues
1582 2601 1809 2674 facetioseestrni

115 2692 198 2762 dens,
215 2692 350 2748 Dmniuus
368 2706 452 2762 meus,
467 2690 575 2762 inquit,
591 2690 799 2759 umudotuobis,
814 2692 934 2760 domiue,
991 2691 1314 2762 quesivitemuucipium
1330 2691 1386 2746 tuto
1400 2692 1509 2763 asperpi
1522 2689 1709 2761 aerumma·
1733 2706 1808 2763 meai

114 2781 258 2858 servitium
271 2795 353 2835 suum
368 2786 393 2834 et
408 2794 487 2835 omne
514 2779 623 2834 bonum.
651 2779 742 2843 Quem
772 2780 938 2838 terribiliter
991 2779 1114 2835 eubulius
1142 2780 1166 2834 si
1189 2778 1225 2835 od
1257 2780 1367 2835 curiam
1406 2780 1529 2836 uenirem
1565 2781 1662 2836 vietor
1689 2776 1808 2837 latomi

115 2869 241 2926 intuitus
255 2868 411 2941 episcopus
426 2867 517 2924 dixit:
533 2867 600 2937 uto,
617 2869 770 2940 trifurcifer
786 2874 795 2924 t
810 2870 875 2938 Quis
884 2888 936 2927 uu·
992 2870 1174 2925 Transeunte
1190 2884 1305 2937 cesare,
1331 2884 1398 2924 cum
1415 2867 1464 2924 alii
1481 2867 1610 2941 episcopi
1622 2867 1728 2925 debita
1739 2882 1806 2924 rere·

116 2963 171 3014 tem
185 2958 234 3014 iiie
246 2957 374 3013 dominus
386 2961 451 3013 tuus
465 2960 518 3013 est?
532 2956 734 3014 totuedomioos
746 2957 936 3031 liutesudpis·
992 2956 1086 3012 rentia
1101 2962 1255 3029 surgerent
1267 2955 1375 3029 illeque
1390 2956 1541 3024 resideret,
1563 2956 1684 3014 ceteris
1697 2957 1752 3014 boc
1763 2971 1806 3012 no

112 3063 176 3119 pus,
193 3046 301 3118 inquit,
316 3054 355 3102 est
373 3046 613 3116 Wirseburpeusis‚
634 3050 659 3101 ei
674 3045 724 3102 itus
737 3047 828 3103 decem
842 3065 937 3105 curra·
989 3044 1120 3101 tentibus
1134 3043 1307 3118 simpliciter
1322 3061 1353 3102 se
1379 3045 1559 3117 absolvebat,
1575 3047 1642 3117 Eoo,
1669 3044 1805 3120 inquiens,

114 3134 163 3190 das
173 3136 233 3190 uiui
246 3135 322 3189 misit
332 3134 416 3190 uobis.
426 3135 527 3190 »Tarm
538 3133 586 3189 ille
597 3133 692 3190 alacer
701 3139 730 3190 et
740 3135 934 3205 letabundus,
990 3136 1082 3189 serior
1097 3150 1159 3189 sum
1174 3139 1314 3205 coquetur,
1330 3138 1357 3190 et
1373 3136 1510 3191 seniorem
1522 3134 1662 3193 bonorare
1676 3143 1735 3192 tum
1746 3149 1805 3206 pea-

112 3223 227 3279 Serioue
240 3231 280 3290 tu,
296 3222 347 3292 ait,
362 3221 418 3279 bec
437 3223 515 3290 dicis,
545 3239 582 3279 uit
606 3223 709 3278 iterum
737 3223 810 3280 ludis
825 3230 835 3279 t
851 3226 936 3282 Credo
951 3208 972 3276 G
991 3224 1053 3279 tiles
1068 3239 1150 3296 quom
1164 3238 1252 3280 suerae
1260 3223 1358 3298 jubent
1372 3224 1484 3282 titterae.
1504 3223 1599 3280 Multa
1614 3224 1743 3282 scienter
1753 3237 1806 3296 pre

112 3321 142 3368 ut
152 3313 192 3368 eat
205 3310 316 3367 ridendi
327 3319 423 3383 spiere
437 3312 687 3383 montanismum
705 3314 782 3368 misit
794 3329 844 3385 pro
860 3317 933 3371 uiuo.
990 3316 1079 3379 terso,
1096 3311 1165 3384 quia
1187 3314 1215 3367 et
1242 3312 1278 3367 de
1293 3311 1358 3367 aliis
1373 3311 1469 3368 dicere
1480 3316 1509 3367 et
1523 3312 1557 3368 ad
1575 3311 1805 3386 propositumre-

111 3401 236 3457 licontra
247 3399 341 3472 legato
353 3399 498 3471 optimum
509 3399 687 3457 vinumesse
698 3401 936 3476 affirmanteepi-
990 3400 1309 3474 diredebeo,ideoque
1339 3401 1375 3457 de
1399 3400 1569 3458 novissimis
1598 3402 1667 3474 ejus
1696 3400 1805 3459 breviter

112 3506 201 3546 curus
214 3488 370 3563 episcopua
381 3490 445 3559 jam
461 3489 546 3562 plane
562 3489 743 3562 latissimus,
761 3494 935 3561 Beriedictus,
990 3505 1219 3546 commemorare
1231 3488 1306 3546 volo.

111 3577 220 3650 iuquit,
235 3579 353 3634 Domino
368 3579 420 3634 Deo
434 3578 510 3634 sodes
524 3595 600 3634 meus
623 3578 831 3647 dilectissimus,
860 3582 936 3639 leue-
1025 3579 1070 3633 25.
1087 3577 1357 3636 Christianissimus
1376 3580 1536 3651 imperator
1563 3579 1721 3637 Helorinus
1746 3593 1802 3635 oum

111 3667 184 3723 dicto
197 3682 314 3725 munero
327 3667 405 3740 ejuu
418 3668 516 3723 Revera
526 3667 606 3723 decus
617 3671 655 3723 est
671 3669 936 3741 Wirseburpeusium
990 3666 1262 3738 Bubeubergeusem
1277 3669 1299 3709 ¹⁹
1314 3667 1516 3740 episcopatum
1534 3666 1676 3741 regaliter
1689 3669 1802 3725 ditum

109 3757 262 3828 presulum.
280 3756 393 3827 Sapiens
408 3756 556 3826 imperator
569 3773 706 3830 uuspuam
725 3758 825 3813 melius
853 3761 934 3816 colto-
991 3770 1195 3811 consummare
1210 3773 1268 3812 non
1285 3761 1392 3828 posset,
1411 3757 1500 3813 nisit
1528 3757 1798 3830 circumjacentiis!

111 3860 175 3900 core
186 3848 293 3917 poterat
308 3844 382 3900 tuuc
393 3846 528 3916 optimum
551 3847 744 3916 episcopatum.
775 3847 847 3902 Tam
878 3850 935 3906 cito
990 3843 1802 3919 diocesibusparrochiaeterminoaredimeretuolungtt*

112 3933 287 4006 vituperatio
302 3931 354 3989 illa
367 3950 450 3990 versa
460 3936 506 3988 est
519 3932 549 3988 in
560 3932 752 3999 laudemtam
763 3935 819 3991 cito
831 3952 864 3992 ex
875 3942 934 3993 tam
990 3933 1068 3988 aista
1082 3937 1253 4001 nostratem
1270 3935 1401 3991 moribus
1417 3951 1505 4007 quam
1521 3951 1629 4008 genere
1643 3932 1801 4004 iretusain'·

114 4020 232 4077 vilitam
244 4021 371 4094 insignis
382 4021 478 4078 lactus
490 4025 535 4077 est
545 4021 934 4097 episcopusliunclegatum
989 4020 1056 4076 liter
1070 4021 1125 4077 sibi
1141 4021 1291 4092 restitit,et
1300 4024 1336 4079 ad
1352 4023 1416 4079 rite
1428 4041 1520 4097 usque
1532 4023 1622 4081 finem
1635 4024 1803 4098 iniquom·

114 4110 418 4183 nequaquamoredas
443 4112 603 4180 utcumque
632 4110 689 4178 (31)
718 4111 870 4169 donatum.
888 4114 935 4172 sie
990 4110 1103 4166 cambio
1120 4111 1287 4167 nullatenus
1303 4112 1488 4184 acquiescere
1502 4112 1665 4170 voluitlllo
1678 4111 1804 4171 veretali-

114 4196 202 4252 homo
212 4199 274 4252 erat
290 4212 377 4264 ;cum
389 4213 484 4269 nuper
494 4198 620 4253 mavime
632 4197 858 4272 fervebat,paulo
870 4207 936 4275 post
989 4199 1061 4254 uitur
1076 4199 1213 4254 defuncto
1228 4201 1331 4272 (1015).
1348 4201 1540 4257 bislelensem
1555 4198 1803 4276 epi⁸0⁰paium225

112 4288 174 4341 tam
190 4284 322 4357 placidus
333 4285 438 4342 utovis
450 4284 680 4358 tiebat.Denique
693 4304 759 4344 oum
776 4289 934 4362 aliquando
989 4286 1073 4343 initio
1090 4292 1263 4359 usquelunss
1278 4305 1294 4343 a
1310 4288 1458 4346 nobilibus
1468 4294 1497 4344 el
1506 4289 1636 4346 summis
1652 4286 1802 4348 vitiabili-

113 4374 217 4431 durius
233 4374 261 4429 in
278 4372 406 4447 aliquem
423 4374 535 4430 seviret
550 4374 786 4449 inpransuspost
802 4395 934 4437 mensam
990 4376 1238 4449 tum‚ingeniosus
1252 4377 1411 4448 imperator
1424 4382 1494 4434 tunc
1506 4379 1629 4435 demum
1642 4379 1803 4451 serviliber-

112 4462 247 4520 flebiliter
261 4480 293 4520 ee
303 4463 401 4537 ipsum
415 4464 729 4543 accusabat,dieens,se
743 4473 935 4539 propterven·
989 4482 1066 4520 sene
1085 4465 1197 4520 addixit
1213 4483 1220 4532 3
1236 4469 1265 4522 et
1279 4467 1410 4522 Gunzoni
1426 4464 1803 4543 cuidamtiabenbergmsi·

112 4553 165 4610 tris
180 4553 226 4609 sui
243 4552 457 4625 impatientiam
473 4553 628 4608 innocuam
657 4555 751 4610 sancti
775 4555 933 4613 willibaldi
950 4579 973 4642 D
989 4553 1117 4610 ecclesie
1134 4554 1257 4621 custodi,
1274 4554 1329 4609 hoc
1345 4555 1443 4627 ipsum
1459 4555 1517 4628 (32)
1532 4560 1566 4611 ut
1579 4562 1723 4614 strueret.
1735 4552 1801 4613 duilli

111 4642 255 4700 lacerasse
270 4641 424 4699 familiam.
446 4645 504 4698 Nec
521 4641 640 4712 mirum,
657 4643 681 4699 si
698 4643 757 4699 haeo
769 4644 812 4702 vel
828 4645 934 4704 suditis
990 4643 1050 4699 Sub
1065 4643 1120 4698 hoc
1131 4642 1341 4716 episcopocum
1365 4660 1455 4699 cesar
1464 4644 1664 4717 propositisui
1677 4656 1802 4720 preparat

111 4731 155 4787 vel
170 4731 332 4805 equalibus
346 4731 424 4799 feeit,
440 4731 490 4804 qui
501 4732 624 4805 uec,ipsi
645 4732 814 4805 imperatori
830 4751 933 4807 provo·
989 4731 1160 4804 predictam
1177 4731 1382 4789 concambium
1399 4737 1549 4788 maturare
1562 4732 1667 4806 vellet,
1680 4738 1711 4791 et
1723 4744 1808 4791 nom

113 4824 196 4876 catus
212 4820 350 4893 pepercit.
987 4820 1465 4895 illeepiscopuscapellanorumae
1475 4820 1808 4881 mittiumsuorumtnm

147 4909 289 4965 23.Beatae
303 4909 332 4964 in
349 4909 463 4965 Christo
478 4910 624 4966 memoria
640 4911 793 4967 lleinricus
808 4912 934 4985 impera·
989 4909 1201 4982 preripuerant
1216 4910 1340 4966 consilio
1356 4911 1447 4966 fretus
1460 4914 1641 4967 constanter
1651 4912 1809 4977 restitisset.

112 4998 934 5071 ter,Babenbergcnsisepiscopatusinstitutor,cumsol·
988 4999 1128 5054 iracundo
1144 5000 1304 5056 admodum
1325 5000 1422 5056 animo
1439 5015 1527 5055 cesar
1557 5000 1653 5059 lemur
1682 5001 1807 5058 dixisse:

112 5087 223 5162 lempes
243 5092 303 5144 tam
319 5087 374 5144 sibi
392 5103 479 5159 quam
498 5086 563 5143 aliis
578 5079 663 5144 ludos
678 5089 813 5145 exhibere
837 5089 933 5159 vellet,
990 5088 1159 5160 Graiumpatri
1173 5090 1223 5142 boc
1233 5088 1315 5144 audio
1327 5089 1362 5143 de
1376 5093 1402 5143 te
1414 5090 1426 5141 t
1439 5089 1479 5144 Au
1492 5089 1806 5163 iquoresquiapropter.

111 5177 261 5234 mandavit
276 5175 490 5248 buicepiscopo
506 5179 673 5242 nostraene
684 5194 751 5234 vero
757 5178 933 5250 propinquo,
988 5195 1021 5232 ert
1035 5178 1192 5249 episcopum
1207 5185 1231 5232 te
1246 5178 1300 5233 toci
1314 5177 1395 5233 itlius
1408 5177 1475 5249 feci,
1491 5180 1531 5246 ut,
1556 5180 1626 5250 quio
1649 5180 1807 5237 autunum·

111 5265 139 5319 in
158 5271 238 5335 parte
252 5267 460 5340 consaguineo,
478 5269 509 5320 ut
525 5265 644 5337 planum
660 5266 716 5321 sibi
733 5266 761 5322 in
778 5268 823 5323 via
839 5268 933 5323 itatis·
987 5283 1077 5322 meum
1091 5282 1154 5321 cum
1167 5267 1270 5336 priore,
1286 5269 1378 5337 utpote
1391 5267 1463 5321 socio
1478 5268 1686 5339 meo‚perfcere
1702 5281 1804 5338 mopt-

787 5382 906 5438 VAlilAE
925 5381 1133 5439 LllC'llONilS.

143 5471 164 5504 ¹⁷
182 5468 289 5525 arboni
305 5472 368 5527 cod.
407 5473 428 5506 ²⁸
444 5469 506 5526 uilli
521 5471 578 5526 cod.
616 5471 639 5505 ¹⁹
653 5470 885 5543 Babbergensem
900 5470 964 5528 eod.
980 5471 1141 5544 saepissime.

141 5676 198 5751 (31)
214 5676 246 5734 ld
261 5679 306 5733 cst
318 5690 414 5748 parce,
428 5675 523 5732 taliter
537 5677 668 5748 qualiter.
898 5586 1073 5748 NOTAE.[32)
1083 5677 1115 5731 td
1132 5679 1176 5734 est
1187 5676 1389 5734 concambium.
