3892 6096
797 379 911 446 ACTA.
1527 368 1541 383 ’
1645 372 1707 443 850

91 520 269 596 imperatum
293 536 332 578 as
352 519 481 577 alienum
506 515 583 575 teuit.
599 516 794 585 Quamobrem
809 530 827 570 a
840 493 1021 588 Ajuvenum
1033 515 1120 588 tacto,
1136 534 1226 591 quam
1236 520 1320 576 caute
1334 531 1483 593 quamque
1493 511 1706 593 velociterpot·

91 628 146 669 nra
160 628 218 667 non
231 611 262 666 in
278 609 429 668 servitium
443 611 570 675 tautum,
586 607 638 664 sed
652 606 680 662 in
696 608 828 678 ergastu·
881 610 961 674 sunt,
972 605 1706 683 insumquiVirginisitarieauxiiiumsubeidium-

91 705 108 758 rt
123 700 324 758 carnificinam
334 701 442 756 ductus
455 697 539 772 [ἰωῆς
556 713 614 770 quo
625 696 654 751 in
670 694 732 751 loco
746 694 825 751 olau-
880 710 945 767 quae
956 695 1075 753 assidue
1085 697 1210 769 patebat,
1221 699 1389 770 irrumpunt
1400 715 1407 765 ;
1418 712 1545 771 eumque
1555 712 1705 770 comprss-

90 789 242 846 rtenebris
264 805 330 845 cum
346 803 468 842 mmmre
492 790 521 842 at
534 785 616 842 luctu
638 801 731 841 annos
746 783 826 856 exegi
881 800 947 840 sum
957 787 1291 857 torvaqueclamantem,
1303 784 1702 860 manusatergodevinoien·

95 874 827 952 plures:indebichabitusethacdeiormitascor-
880 874 1705 948 tes,trahuntcalcritarintro.0uareiusolita,cumutrim·

92 967 183 1025 ,uude
192 965 415 1023 veroindiaboli
424 964 588 1022 devenerim
598 962 826 1037 possessiouem,
881 979 937 1036 que
965 964 1092 1023 oriretur
1101 965 1221 1035 clamor,
1235 982 1394 1023 concursus
1409 981 1614 1023 conversorum
1629 963 1702 1023 alio-

94 1056 175 1125 udet,
187 1055 283 1112 dicam
300 1060 417 1111 tamen:
881 1069 1017 1127 rumque,
1033 1054 1084 1128 qui
1107 1058 1178 1112 tuuc
1193 1054 1265 1112 ioris
1288 1059 1317 1112 et
1331 1053 1410 1112 domi
1431 1053 1519 1111 variis
1533 1053 1704 1113 incumbere

98 1145 150 1202 His
164 1144 301 1217 equidem
317 1145 544 1212 circumventus,
561 1158 625 1216 que
642 1140 711 1213 dixi,
728 1139 825 1212 maiis,
880 1144 979 1214 rebus,
990 1142 1421 1203 titinacclesium.dbbasvero
1431 1141 1541 1217 aliique
1554 1140 1705 1215 monachi,

92 1233 279 1309 impatienter
299 1237 327 1289 et
350 1232 509 1305 egerrime,
530 1232 624 1305 magis
643 1247 733 1304 quam
748 1228 828 1286 Chri·
881 1233 931 1305 qui
955 1237 1025 1290 tuno
1048 1233 1227 1293 stationibus
1251 1231 1386 1307 dispositi
1410 1234 1446 1290 ad
1468 1231 1615 1290 orationes
1632 1235 1705 1290 iesu

92 1339 132 1381 rm
147 1324 257 1391 deceat,
279 1321 375 1378 varios
399 1321 578 1394 acerbosque
602 1320 724 1377 sununs
740 1334 826 1375 casus
881 1321 1045 1379 tundendas
1063 1339 1116 1380 seu
1141 1322 1251 1396 aliquid
1276 1321 1355 1380 aliud
1379 1322 1525 1396 agendum
1540 1324 1634 1389 erant,
1649 1319 1705 1379 hcc

92 1428 151 1485 em,
161 1428 255 1484 neque
265 1411 463 1483 atiqucmjam
476 1427 528 1483 per
541 1414 584 1468 tot
599 1426 691 1467 annos
706 1407 764 1466 mei
776 1408 827 1463 mi·
881 1410 1008 1468 clamore
1019 1411 1115 1479 exciti,
1131 1411 1286 1485 extemplo,
1311 1411 1381 1485 quid
1402 1411 1458 1468 hoo
1478 1410 1527 1479 sit,
1542 1410 1642 1485 pejora
1654 1423 1705 1468 vc·

92 1502 293 1577 perciperem,
305 1500 387 1556 irain
400 1501 526 1557 iurarem
537 1517 631 1566 versa,
645 1498 752 1555 Christi
763 1496 827 1554 reli·
880 1504 989 1574 rantes,
1004 1498 1168 1572 inquirunt.
1193 1501 1345 1572 Ceterum,
1369 1517 1459 1558 causa
1479 1500 1606 1574 cognita,
1622 1499 1705 1573 jubet

92 1595 232 1665 mpreter
242 1606 353 1647 morem
364 1590 513 1656 detestari,
524 1589 554 1645 in
565 1589 638 1646 alios
651 1605 718 1645 cum
728 1602 827 1644 servos
881 1593 968 1646 Pater
981 1605 1043 1646 rem
1058 1605 1110 1661 per
1131 1590 1309 1648 monachum
1331 1589 1448 1660 mutari,
1472 1588 1645 1659 insanusne,
1665 1605 1704 1647 an

94 1679 184 1747 ocios,
196 1681 387 1753 quiunanexi
396 1678 546 1750 clausique
554 1679 738 1745 tenebantur,
750 1692 827 1731 com·
881 1678 1025 1735 demonic
1049 1682 1153 1751 captus
1175 1683 1253 1736 esset
1272 1678 1359 1736 bomo
1383 1677 1442 1736 ilie.
1457 1679 1533 1736 Tum
1556 1675 1702 1747 diabolus,

95 1767 157 1837 ari3
173 1769 205 1825 in
229 1785 276 1825 me
299 1773 413 1841 pestem
436 1767 594 1840 perniciem
617 1764 716 1838 superi
740 1768 828 1836 atque
881 1782 967 1824 cruce
1004 1766 1316 1840 conjurationibusque
1349 1767 1500 1840 adhibitis,
1531 1767 1704 1828 necessitate

104 1861 314 1925 converterent,
339 1857 494 1930 precabar3
509 1860 590 1913 totus
605 1854 732 1927 denique
746 1853 825 1910 insa·
839 1886 865 1953 B
881 1855 968 1913 etiam
983 1854 1048 1930 ipsa
1062 1860 1192 1929 eugenie,
1203 1860 1316 1914 tentare
1326 1855 1447 1914 ultima:
1460 1872 1528 1914 eum
1537 1854 1582 1913 ilii
1593 1856 1703 1915 misero

92 1943 134 2002 nil
149 1945 231 2018 pensi
242 1944 282 2000 nit
294 1943 436 2000 moderati
450 1942 568 2000 habere.
585 1943 665 1999 Hauc
679 1941 825 1999 insaniam
881 1944 974 2002 multo
986 1946 1113 2018 majores
1127 1943 1213 2002 solitu
1227 1944 1304 2002 viras
1319 1943 1548 2017 administrarat,
1559 1944 1636 2004 tacto
1647 1944 1704 2002 im·

92 2033 249 2108 emperiam
264 2033 314 2105 qui
339 2033 471 2100 aderant,
495 2033 686 2104 admirantes,
701 2047 827 2103 nequae
880 2032 1705 2108 patu,virilleemanibustenentiumprosiliens,ceteris

92 2140 135 2181 ine
148 2139 329 2196 possessum,
344 2122 385 2178 ita
401 2126 433 2178 ut
447 2125 520 2193 erat,
535 2121 592 2177 sibi
605 2122 826 2194 persuadentes,
881 2139 949 2180 sum
958 2122 1183 2195 insequentibus
1192 2122 1530 2182 atindesinenterieaum
1540 2123 1706 2197 Virginem·

92 2210 621 2284 roeatarisuuntiantquamprimum.
631 2209 828 2283 Ilteinprimis
882 2228 939 2286 qua
953 2212 1077 2270 Mariam
1092 2229 1144 2284 pro
1159 2228 1191 2269 se
1209 2212 1371 2283 orantibus,
1384 2212 1463 2270 iuras
1483 2212 1617 2286 prorupit
1630 2226 1706 2270 sese.

93 2317 145 2360 'era
159 2317 211 2374 pro
221 2300 297 2356 fictis
308 2299 450 2372 falsisque
460 2303 611 2373 reputans,
622 2314 728 2371 meque
739 2315 784 2365 ea,
795 2303 829 2354 ut
916 2302 961 2357 91.
988 2305 1061 2357 Cum
1084 2317 1151 2358 vero
1174 2300 1211 2357 ad
1232 2317 1385 2373 quercum,
1412 2300 1598 2374 rigidamque
1624 2300 1707 2358 mirre

92 2392 136 2449 sui
152 2389 234 2447 locus
249 2387 343 2446 facilis
358 2389 486 2457 daretur,
503 2388 612 2462 tingere
625 2404 771 2457 asserens,
785 2387 828 2445 eis
883 2389 1096 2464 magnitudinis
1120 2395 1147 2446 at
1169 2388 1297 2462 ingentis
1320 2389 1433 2447 rebaris
1457 2389 1614 2464 [arborem
1629 2394 1705 2462 quel

93 2494 247 2539 mensum
258 2479 382 2551 prebuit
391 2479 521 2534 Tandem
531 2494 598 2535 vero
608 2493 675 2534 cum
688 2476 719 2533 hi
729 2481 758 2533 st
768 2476 827 2548 alii,
882 2479 941 2537 late
956 2479 1092 2536 umbram
1108 2478 1198 2535 ramis
1213 2477 1330 2535 diffusis
1345 2478 1476 2550 undique
1486 2477 1605 2550 prabet,
1622 2494 1708 2536 neoa

93 2574 204 2643 rtupora
216 2568 356 2641 percussi,
372 2566 452 2636 itluo,
468 2567 519 2622 ubi
533 2582 646 2623 carcere
665 2565 827 2637 detinebar,
883 2565 1306 2634 monasteriomultumdistat,
1319 2564 1460 2623 anhelans
1470 2564 1581 2623 cursim
1592 2565 1708 2623 deveni·

94 2657 186 2716 raudo
200 2656 365 2727 veniabant,
390 2654 451 2710 hac
475 2654 575 2711 andem
592 2653 648 2710 sibi
663 2653 770 2726 saepius
782 2654 829 2709 di·
882 2663 936 2725 rat,
952 2657 1048 2715 sessus
1064 2655 1172 2713 resedit
1181 2653 1275 2724 solua,
1285 2653 1522 2729 diaholojugiter
1530 2653 1628 2713 verbis
1638 2670 1708 2728 sup·

93 2774 95 2797 ·
110 2748 259 2811 iterarent,
276 2745 355 2801 flexit
369 2744 502 2801 animum
521 2760 620 2812 suum,
637 2746 666 2800 ct
679 2759 747 2799 eum
762 2741 827 2816 qui·
883 2746 1009 2819 plicibus
1024 2748 1126 2802 orante
1140 2749 1173 2800 ut
1187 2744 1319 2813 domum,
1342 2760 1376 2800 ex
1390 2760 1449 2816 qua
1463 2759 1497 2801 eo
1510 2743 1625 2802 volente
1639 2758 1706 2801 ava·

93 2852 129 2895 im
152 2834 306 2893 lictoribus
330 2834 410 2889 ieron
433 2848 576 2890 carcerem
599 2832 712 2898 adiens,
736 2832 827 2889 atroci
883 2839 971 2903 serat,
996 2836 1139 2906 repeteret
1162 2849 1259 2901 suam,
1282 2832 1344 2888 hec
1367 2831 1443 2888 inter
1465 2831 1704 2902 aliadissarens;

99 2925 257 2998 verbisque
272 2923 436 2979 minacibus
451 2922 565 2995 iuquit:
580 2922 623 2979 'l'u
639 2921 686 2978 his
703 2921 828 2978 fictioni·
882 2923 963 2980 Nosti
981 2922 1152 2997 peroptime,
1177 2920 1219 2977 mi
1240 2921 1324 2978 Juste
1346 2920 1428 2994 (nam
1451 2920 1535 2978 Justo
1558 2920 1585 2978 ai
1599 2937 1707 2981 nomen

92 3015 216 3082 naeniis,
224 3011 569 3083 debacchationibusque,
581 3011 637 3068 huo
647 3027 772 3078 earcere,
781 3010 829 3066 his
883 3013 967 3084 erat),
984 3028 1072 3085 quam
1084 3010 1163 3068 domi
1178 3010 1307 3083 forisque
1320 3013 1428 3084 ergata
1443 3009 1658 3079 inchristianis
1668 3010 1709 3068 ri·

92 3121 139 3171 us,
157 3101 216 3159 nisi
230 3102 339 3157 imnore
354 3100 462 3166 soluto,
482 3115 639 3155 evasurum
653 3097 830 3156 existimas?
883 3102 964 3159 tibus
975 3099 1154 3167 exercendis,
1164 3099 1195 3155 in
1206 3098 1425 3172 supplicibusve
1433 3099 1555 3173 agendis
1563 3100 1710 3175 benignus

93 3208 172 3268 quam
188 3190 393 3248 salsusanimo
408 3188 460 3246 asi
489 3188 537 3244 dis
552 3189 674 3260 acriora,
690 3188 715 3245 si
732 3204 828 3260 perre-
885 3192 1069 3247 humanusve
1091 3187 1271 3257 exstiterim
1292 3203 1371 3244 nunc
1389 3187 1426 3244 ob
1441 3188 1502 3245 baro
1520 3187 1596 3246 iacta
1613 3189 1710 3247 abate

93 3327 96 3347 .
111 3280 185 3340 mibi
199 3279 295 3337 hercle
310 3279 395 3335 dabis
409 3282 566 3334 tormenta.
582 3278 788 3346 Quamobrem,
805 3276 831 3332 ei
846 3253 868 3322 G
889 3296 947 3353 qua
961 3278 1056 3352 gratia
1069 3292 1198 3349 sperner,
1224 3274 1337 3331 curbis
1352 3275 1382 3330 in
1402 3273 1475 3330 locis
1487 3279 1548 3332 tam
1563 3274 1711 3344 atrociter,

96 3369 162 3440 ,bis
176 3368 261 3427 tinem
277 3369 407 3441 impone,
426 3382 540 3438 uereque
554 3366 649 3423 aliano
665 3372 695 3422 te
708 3365 834 3422 liberum
888 3373 1041 3440 tamquam
1063 3367 1135 3422 dure
1158 3363 1280 3435 crucier,
1304 3363 1416 3430 nascio,
1440 3377 1528 3436 carpe
1551 3362 1645 3437 igitur
1657 3362 1714 3420 iter

93 3477 110 3516 r.
126 3458 179 3516 Gni
189 3472 258 3532 ego:
275 3458 344 3527 Gur,
357 3455 475 3512 domine
486 3455 537 3522 mi,
548 3455 578 3511 iu
590 3471 637 3512 ma
647 3470 741 3522 uoces,
753 3453 834 3510 iude·
889 3473 979 3530 quam
986 3449 1096 3513 cursim
1106 3452 1186 3510 vales
1196 3453 1317 3509 domum
1328 3466 1441 3520 versus,
1452 3454 1481 3507 et
1490 3449 1565 3508 nibil
1574 3465 1711 3522 vereare;

104 3547 246 3622 probrosa
259 3547 363 3619 objicis
373 3546 483 3602 verba?
497 3545 560 3600 Non
573 3545 652 3602 euim
668 3547 700 3600 ut
714 3543 834 3612 putatis,
889 3562 958 3602 nam
981 3544 1132 3601 te'tutum
1157 3556 1350 3610 securumque
1365 3538 1445 3596 domi
1459 3538 1573 3597 sistam.
1598 3537 1716 3597 Miseret

96 3654 134 3694 ue
148 3654 187 3693 aas
202 3635 331 3692 alienum
348 3635 498 3701 reddatur,
512 3649 576 3706 ago.
589 3632 699 3688 Invitus
714 3632 744 3688 in
759 3631 835 3689 hunc
891 3651 938 3691 mo
951 3634 1006 3703 tui,
1023 3632 1073 3707 qui
1089 3630 1167 3687 ultro
1182 3630 1328 3687 cruciatus
1343 3628 1476 3702 inquires
1487 3629 1560 3685 dum
1575 3628 1606 3685 in
1621 3626 1716 3701 patria

94 3727 170 3793 ium,
187 3727 260 3783 meis
285 3724 445 3782 sceleribus
460 3722 489 3778 id
505 3722 699 3795 exigentibus,
715 3720 835 3777 devenio
889 3725 969 3781 lauta
982 3722 1116 3794 laeteque,
1133 3736 1180 3776 me
1196 3717 1318 3788 volente,
1333 3718 1428 3775 vivere
1443 3718 1550 3791 possis,
1566 3717 1626 3775 Hui
1648 3734 1715 3775 om·

96 3814 168 3871 iam.
184 3817 249 3883 Qua
256 3817 356 3869 tamen
371 3811 487 3867 insania
499 3811 605 3882 saepius
616 3808 836 3882 gloriosissimae
890 3813 973 3870 nium
988 3811 1144 3869 hominum
1159 3809 1306 3877 seductor,
1322 3806 1419 3879 inquit
1431 3808 1544 3876 luatus,
1559 3822 1613 3880 ego
1625 3809 1675 3863 tua
1686 3809 1715 3864 et
1733 3832 1736 3837 ·

94 3918 235 3976 asemper
250 3901 380 3975 Virginis
404 3899 634 3969 [intercessione]
651 3898 697 3954 cui
713 3913 833 3970 mugno—
890 3917 947 3957 non
962 3899 1060 3972 potius
1082 3897 1212 3967 Virginis
1231 3895 1328 3954 Mariae
1353 3895 1500 3952 immensa
1513 3893 1714 3952 misericordia

94 3993 212 4051 ,nimam
223 4007 388 4064 corpusque
399 3987 735 4054 meumcommendo,ut
745 4001 833 4055 nuuc,
889 3990 964 4047 ritus
983 4003 1101 4045 exerceo
1124 3985 1316 4050 christianos,
1335 3986 1465 4055 tesuque
1488 3981 1582 4056 legem
1607 3981 1713 4040 serqu

94 4099 124 4139 r.
888 4080 1042 4152 eapropter
1055 4080 1130 4146 tace,
1145 4074 1264 4147 tuisque
1283 4072 1389 4129 fucatis
1413 4069 1510 4129 verbis
1530 4085 1568 4128 ne
1582 4086 1630 4128 me
1644 4085 1713 4128 sne-

112 4170 164 4226 His
189 4169 282 4243 igitur
307 4167 404 4224 vorbis
428 4165 622 4238 precibusque
640 4164 834 4220 circumstau·
888 4152 947 4237 ces,
963 4183 1024 4223 oro.

102 4253 833 4330 cumiraeipsiusresedissent,motuspietate,me,
922 4259 968 4312 92.
984 4255 1036 4313 iiis
1059 4254 1109 4311 ille
1128 4255 1303 4321 commotus,
1327 4250 1408 4308 bunc
1430 4250 1552 4307 iustum
1576 4249 1714 4307 atrociter

94 4365 132 4406 ua
141 4352 252 4414 tamem
263 4343 507 4418 datis,ergastu10
518 4343 662 4399 liberavit.
675 4342 834 4398 Huncvero
888 4351 1044 4418 torquere:
1060 4343 1109 4398 iiie
1120 4340 1227 4398 millies
1241 4339 1418 4412 geminando
1427 4342 1494 4396 iesu
1507 4337 1714 4412 virginemque

94 4441 214 4511 blittero
223 4451 290 4492 cum
299 4435 429 4508 Virginis
439 4433 538 4489 Muri&
546 4432 649 4504 pietus,
659 4435 722 4486 tum
734 4447 835 4485 rumor
887 4435 1020 4504 Marium,
1032 4436 1065 4490 ut
1079 4430 1134 4488 sibi
1146 4445 1230 4502 opem
1242 4429 1316 4484 ferre
1326 4427 1528 4501 dignarentur,
1539 4425 1711 4483 exclamare.

94 4526 172 4584 toni!
187 4529 217 4582 et
228 4524 392 4581 sanctitatis
404 4524 468 4594 ejvs
480 4538 536 4589 me,
548 4522 695 4578 desertum
708 4519 744 4575 ab
756 4518 834 4575 notis
891 4526 954 4580 {tec
968 4521 1069 4595 iniqua
1087 4519 1116 4575 iu
1133 4517 1274 4574 miserum
1295 4515 1444 4572 homiuem
1465 4512 1550 4570 illum
1566 4509 1714 4569 adiabule

94 4615 203 4684 riciaco
217 4614 318 4685 invito,
331 4613 382 4686 qui
393 4628 441 4668 me
465 4627 543 4668 nuno
558 4608 664 4682 premit
688 4607 833 4676 diabolus,
848 4620 873 4687 1)
889 4610 1074 4670 machinata:
1088 4623 1155 4663 nam
1166 4621 1233 4661 eum
1243 4603 1350 4676 sepius
1360 4603 1397 4659 ad
1407 4607 1515 4658 terram
1523 4599 1635 4673 ingenti
1645 4615 1713 4656 eum

96 4720 141 4762 re.
166 4703 305 4768 Quocirca
329 4715 504 4773 magnopere
526 4699 627 4755 hortor
652 4714 711 4766 vos,
735 4701 767 4752 ut
787 4713 835 4753 me
888 4699 983 4772 ipsius
997 4697 1096 4754 doloro
1110 4688 1476 4763 trudere;etpia,quibus
1490 4688 1667 4762 ipseiustus
1681 4686 1712 4744 in

94 4794 132 4851 ad
143 4792 408 4850 ecetesiamduccrc
418 4786 697 4846 vetitissuihilenim
707 4802 832 4857 usquam
887 4786 1038 4861 Virginem
1052 4782 1175 4840 Mariam
1189 4781 1335 4848 utebatur,
1351 4778 1439 4835 uerba
1459 4778 1603 4849 lacrymas
1615 4776 1712 4833 omni·

97 4887 208 4949 tutum,
220 4882 276 4937 nisi
289 4879 399 4936 sanctis
415 4879 444 4934 iu
460 4879 531 4934 iocis
545 4877 681 4932 arbitror.
697 4879 763 4930 Hac
777 4875 831 4947 igi·
887 4879 943 4933 bus
958 4875 1009 4948 qui
1024 4874 1145 4930 aderant
1159 4870 1292 4942 (aderant
1304 4868 1383 4924 enim
1398 4866 1586 4940 complures),
1603 4880 1710 4922 concu-

94 4970 208 5028 iabotus
223 4986 297 5042 egre
313 4970 419 5036 serens,
430 4967 568 5024 omuibus
581 4965 779 5035 audientibus,
792 4965 833 5018 iu-
887 4974 958 5033 tere,
975 4965 1059 5036 eique
1073 4960 1214 5017 auritium
1235 4958 1319 5024 terre,
1343 4956 1395 5013 sed
1419 4957 1544 5030 quisque
1557 4954 1633 5029 parti
1648 4969 1709 5011 sue

109 5059 255 5129 Quandiu,
281 5075 297 5114 o
319 5058 452 5114 omnium
478 5055 614 5130 pessime.
639 5053 768 5111 abuteris
783 5070 833 5125 pa·
888 5053 1012 5112 timebat
1022 5055 1132 5125 optare.
1143 5048 1268 5105 Domum
1279 5047 1349 5103 Jesu
1360 5045 1467 5103 Christi
1478 5043 1583 5118 gradu,
1593 5041 1710 5101 diabolo

95 5148 216 5207 amea‘t
239 5148 384 5205 Hactenus
399 5146 467 5218 pius
490 5145 520 5200 in
535 5150 573 5213 ta,
590 5144 710 5217 posthae
725 5142 835 5216 impius
887 5129 1712 5212 viribusdsmptis,miseritissudorelaorymisqueupple·

94 5255 145 5308 am,
156 5232 686 5312 ingratissime.Vos,quiadestis‚cui
697 5248 835 5304 meapre·
889 5244 947 5298 tus,
964 5229 1047 5288 humi
1062 5230 1266 5285 consternatus
1276 5225 1384 5295 Jaoere.
1401 5222 1456 5290 Qui
1476 5238 1543 5280 vero
1557 5219 1661 5295 procul
1674 5219 1711 5277 ti·

95 5321 836 5395 imbeueficiu,animadvertatis,oro.Deindeusque
891 5323 1004 5376 mantas
1018 5318 1149 5382 aberant,
1173 5310 1490 5371 adcumtumultuario
1503 5326 1593 5368 cursu
1615 5324 1714 5367 arnm-

99 5417 242 5475 miserum
264 5415 404 5489 agitabat,
426 5412 606 5483 vexabatque
628 5409 788 5478 homiuem,
805 5412 838 5465 ut
891 5396 1716 5482 pentes,adbuspitalesubuixumdetulereiutro,eamque

95 5507 183 5579 nagia
199 5507 229 5561 iu
244 5521 312 5560 eum
327 5504 471 5577 prosilire,
490 5517 578 5573 quum
590 5500 657 5554 inde
667 5499 767 5555 cedere
778 5513 838 5551 om·
892 5514 981 5569 quam
992 5498 1138 5568 potarunt,
1148 5494 1217 5549 iesu
1229 5507 1328 5549 amore
1339 5489 1569 5547 misericordiam
1580 5488 1717 5545 exhiben-

96 5596 173 5652 imor
188 5595 340 5650 suadebat.
891 5591 945 5642 tos.
957 5587 993 5641 et
1001 5582 1089 5657 paulo
1101 5586 1167 5655 post
1177 5580 1266 5636 miser
1279 5578 1337 5650 ilie,
1351 5577 1435 5652 quasi
1449 5594 1467 5633 a
1484 5593 1599 5635 sommo
1609 5575 1717 5634 excita·

123 5686 254 5745 Tandem
282 5684 373 5743 animi
400 5681 511 5741 viribm
536 5677 725 5752 recuperatis,
752 5675 838 5752 globo
892 5680 1140 5748 tus,suassecum
1150 5661 1715 5743 erummes‚utpoteaanetunomentis
