3892 6096
115 261 176 325 pon
643 254 676 312 s.
698 250 860 311 rennuis
884 248 1107 310 enitemur
1131 247 1299 308 triennis
1763 238 1818 309 otti

120 399 149 451 et
163 408 229 450 once
242 409 257 448 e
269 387 391 460 vestigio
406 383 602 441 miraculum:
621 400 685 455 que
701 386 787 454 captu
803 379 941 436 omnibns
955 380 983 447 Α
998 378 1123 445 doceret,
1141 378 1322 435 modicorum
1338 379 1447 435 invenit
1461 379 1620 436 neminem.
1637 378 1678 435 iio
1689 378 1818 438 divinum

121 479 260 540 membris
275 478 304 533 iu
320 475 393 532 lecto
404 472 531 545 jacebat,
548 472 647 528 iuncte
661 470 757 527 officio
773 470 863 525 totius
878 485 942 523 cor·
996 468 1099 523 stutuit
1114 468 1269 540 implorare
1285 468 1438 524 auxilium.
1454 468 1507 532 Oui
1524 468 1711 524 semiesum
1729 467 1819 541 pium·

119 571 209 644 poris,
225 567 288 623 auis
303 564 437 636 pedibus,
449 562 561 634 ingenti
572 558 705 618 omnium
716 559 766 631 qui
777 574 841 614 eam
852 573 941 613 nove·
996 574 1052 628 que
1072 557 1195 612 Matrem
1219 559 1294 626 ejus,
1320 559 1374 629 [ut]
1404 558 1512 613 ferrent
1537 572 1635 630 opem,
1662 557 1818 629 invocarat,

119 663 186 714 rant
198 653 402 724 admiratione,
417 652 473 708 hoc
482 655 510 706 S.
521 649 618 707 itariae
629 646 841 704 monasterium
853 645 943 701 adivit
995 646 1096 702 erebro
1107 645 1174 701 talia
1186 645 1211 701 ei
1221 646 1294 701 visio
1305 663 1358 717 per
1366 662 1515 713 somnum,
1527 656 1559 701 ut
1569 646 1634 720 ipse
1653 647 1760 704 referre
1772 664 1818 706 so·

118 748 219 802 devota
232 761 240 812 ;
252 742 302 800 ubi
314 741 444 815 primum
455 738 597 812 capellam
608 735 942 806 eumduobusingresaa
995 734 1153 801 iusserat,
1170 735 1225 790 luit
1253 734 1383 806 [oblatal.
1412 734 1595 791 Venerabilis
1617 735 1665 790 vir
1688 736 1818 809 quidam,

117 833 286 902 comitibus,
299 831 425 903 genibus
435 829 632 899 flexis,oornm
644 826 791 892 adoravit;
802 824 940 880 indesur·
996 822 1162 880 monachali
1177 828 1314 895 pretenta
1328 824 1459 890 indutus,
1475 823 1555 880 visua
1569 827 1618 880 est
1632 823 1733 881 dicere
1741 824 1815 885 aiiii:

118 939 202 997 gens,
213 910 939 990 osculatoaitari,aiiquantuiurnpecuniaobtuiit;
994 911 1045 967 Vis
1060 912 1231 982 hujusmodi
1249 914 1349 968 morbo
1365 912 1482 969 liberari
1494 912 1509 967 ‘i
1522 911 1607 980 Volo,
1634 912 1739 986 iuquit
1760 914 1815 987 ilie,

118 1008 435 1084 quamlibeuteraedie
447 1003 818 1063 etliberaliterbnbuimus.
832 1000 940 1057 Postri·
995 1001 1053 1056 imo
1069 1005 1098 1057 et
1113 1001 1262 1073 percupio,
1279 1001 1441 1057 modoJesu
1457 1001 1573 1058 Christo
1589 1000 1740 1072 placitum
1762 1001 1817 1075 sit3

118 1102 257 1171 dievsro,
287 1098 379 1154 missa
404 1095 561 1162 celebrata,
577 1097 606 1149 et
628 1097 657 1147 S.
673 1091 797 1149 Joanuis
822 1088 942 1146 brachio
994 1089 1305 1146 cuivirvenerabilis:
1324 1089 1530 1146 monesterium
1545 1106 1661 1157 meum,
1689 1092 1815 1167 quodlri

115 1190 255 1258 osculato,
271 1189 392 1244 domum
406 1183 560 1241 contendit
573 1198 670 1238 suem.
994 1179 1115 1235 Etruria
1132 1179 1264 1252 partibus
1280 1178 1370 1234 sitnm
1388 1184 1442 1246 est,
1459 1181 1559 1236 devote
1575 1180 1688 1247 adibis,
1705 1182 1815 1254 quodS'.

150 1278 213 1333 236.
229 1276 313 1334 Aliud
328 1275 418 1331 etiam
434 1271 611 1329 miraculum
627 1269 773 1343 preterire
783 1267 939 1325 consilium
994 1267 1090 1323 lilerio
1104 1268 1140 1324 de
1155 1267 1235 1324 Valle
1250 1267 1393 1323 Umbrosa
1408 1267 1535 1336 dieitur3
1559 1267 1630 1325 iude
1658 1268 1755 1338 aliud,
1774 1270 1815 1327 uli

116 1385 173 1425 non
189 1367 255 1438 luit,
272 1365 350 1437 quod
366 1364 396 1419 in
411 1363 516 1419 eodem
530 1360 638 1434 oppido
655 1365 757 1416 nostra
767 1360 940 1430 tempestate
994 1372 1101 1428 corpus
1115 1373 1213 1413 meum
1224 1358 1303 1428 jacet
1312 1356 1472 1428 sepultum,
1484 1355 1619 1413 visitabis
1631 1374 1639 1425 ;
1651 1360 1685 1414 et
1692 1356 1813 1427 tertium

115 1455 232 1513 cuidam
244 1453 372 1521 mulieri,
387 1468 451 1524 qun
467 1451 547 1506 ilunu
562 1447 718 1521 sauguinis
739 1447 789 1504 diu
818 1446 940 1517 fatigata
994 1444 1044 1500 ubi
1059 1444 1202 1511 cucullus,
1218 1460 1287 1517 quo,
1305 1445 1376 1500 dum
1390 1446 1450 1501 vita
1463 1447 1590 1502 viverem
1607 1446 1742 1517 mortali,
1765 1446 1813 1505 eir·

115 1545 244 1615 [iuerat]
259 1541 393 1600 evenisse
407 1540 437 1597 S.
448 1539 569 1596 ioannis
580 1537 693 1594 meritis
703 1536 851 1610 probatur.
861 1534 939 1590 illim
993 1534 1163 1600 cumdabnr,
1180 1551 1197 1588 n
1213 1533 1363 1589 monachis
1378 1533 1475 1589 adhuc
1490 1536 1690 1591 conservatur
1710 1536 1810 1595 nanta

117 1631 324 1709 quidameivis
340 1628 626 1687 i'nroiivieuaiseom
642 1625 781 1694 exlebre,
802 1623 939 1679 lentata·
992 1622 1125 1687 Quavia.
1156 1622 1249 1689 Pater,
1280 1621 1340 1677 heo
1366 1622 1544 1680 monasteria
1571 1623 1640 1681 sino
1665 1624 1767 1698 pravis
1784 1628 1812 1684 ti

116 1726 344 1794 mementorum
360 1717 510 1787 contiuua,
526 1715 681 1778 laboraret,
705 1713 761 1768 hoo
785 1717 813 1768 S.
840 1710 939 1767 ituria
993 1716 1186 1779 monstrante,
1203 1728 1266 1783 qun
1282 1712 1353 1780 siut,
1368 1711 1547 1787 intelligam
1570 1730 1643 1770 cnm
1673 1712 1765 1773 multa
1779 1716 1808 1774 in

116 1809 327 1868 monasterium
338 1805 597 1863 aunuatimmulta
615 1801 938 1873 denotionisgratiaati-
993 1800 1113 1856 Etruria
1129 1800 1262 1872 pertibus
1274 1801 1331 1856 sita
1345 1801 1555 1858 monachorum
1580 1802 1754 1861 habitacula
1771 1804 1808 1862 di-

115 1900 185 1967 ivit,
202 1897 253 1969 qui
269 1897 343 1952 torte
369 1895 445 1950 inter
466 1892 663 1949 incedendum
688 1906 755 1946 oum
780 1889 939 1946 comitibus
993 1888 1120 1944 centuri
1135 1889 1276 1946 Abbatem
1292 1890 1323 1945 S.
1340 1890 1474 1946 Mareade
1495 1890 1625 1947 Eremita
1652 1908 1745 1966 anper
1761 1892 1805 1951 lite

114 1990 233 2061 propter
248 1985 367 2052 iontem,
393 1982 443 2056 qui
469 1982 535 2038 iona
549 1981 580 2037 S.
602 1980 725 2038 ioannis
741 1978 861 2048 dieitur,
882 1977 940 2034 iter
992 1977 1122 2045 consule,
1136 1977 1233 2049 inquit
1248 1978 1331 2034 Pater
1345 1977 1405 2042 iile,
1420 1983 1450 2035 st
1464 1978 1608 2052 quidquid
1625 1980 1745 2053 dixerit,
1763 1978 1813 2047 de,

117 2075 235 2143 habuit;
252 2071 430 2147 quiquidem
442 2069 579 2143 religione
591 2073 710 2125 Petrum
720 2068 755 2121 nd
767 2067 828 2123 brec
839 2071 940 2123 nostre
993 2072 1058 2122 rote
1074 2067 1219 2138 perficies.

115 2170 248 2237 tempora
262 2177 356 2233 usque
381 2161 495 2226 eodem,
512 2162 544 2214 ut
569 2158 670 2229 fertur,
686 2158 774 2229 topho
790 2155 938 2228 herbaque
1027 2156 1089 2211 239.
1106 2155 1202 2211 Primo
1219 2156 1316 2227 itaque
1331 2172 1417 2212 mune
1445 2158 1597 2228 sequentis
1624 2158 1686 2215 diei
1705 2158 1750 2216 rir
1766 2156 1805 2217 iiie

115 2252 199 2309 viridi
215 2250 425 2320 circumdatus,
443 2264 501 2320 quo
515 2247 611 2321 ipsius
621 2246 781 2303 Sionnuis
792 2250 934 2319 tempore,
993 2242 1113 2299 devotus
1124 2245 1260 2301 abbatem
1276 2245 1496 2317 quamprimum
1506 2245 1623 2314 adiens,
1636 2246 1664 2304 ei
1676 2246 1804 2321 quidquid

116 2344 290 2415 praestanter
304 2337 459 2395 clauditur.
475 2336 566 2392 Abest
578 2336 656 2392 enim
672 2336 709 2392 ab
723 2335 788 2407 ipsu
798 2335 827 2391 S.
841 2335 938 2390 illaria
993 2332 1105 2388 viderat
1118 2332 1281 2388 enarravit:
1299 2333 1390 2391 abbas
1404 2350 1471 2390 vero
1497 2350 1531 2390 ex
1556 2335 1728 2394 monachali
1748 2354 1806 2412 prs·

114 2429 292 2487 monasterio
312 2428 371 2484 iera
399 2427 576 2497 quingentos
595 2432 721 2497 'passus
747 2425 797 2495 qui
817 2424 936 2494 quidem
993 2425 1071 2476 texta
1085 2425 1113 2475 et
1129 2422 1234 2492 verbis,
1251 2420 1360 2493 quibus
1375 2439 1448 2479 usus
1465 2424 1571 2495 iuerat,
1595 2425 1627 2481 S.
1654 2425 1804 2484 iubenum

116 2516 397 2590 parvulisabiatibus
406 2512 549 2569 hincinde
559 2512 875 2585 perpulchrecingitur.
887 2511 938 2569 ille
994 2510 1084 2580 hujus
1099 2507 1251 2581 religionis
1265 2509 1461 2568 institutorem
1478 2528 1543 2568 esso
1562 2513 1731 2581 declarans,
1748 2530 1803 2573 ann

114 2607 213 2677 itaque
226 2620 295 2663 cum
310 2620 328 2658 a
344 2603 649 2660 uostrisremomnsm
660 2601 936 2672 cognovissetutS.
992 2597 1046 2653 rite
1058 2602 1162 2654 cuneta
1175 2599 1292 2664 edocet:
1308 2600 1377 2655 indo
1404 2600 1519 2669 litteris,
1545 2617 1622 2675 quaa
1646 2603 1735 2676 lanius
1754 2618 1804 2661 no

114 2692 474 2760 ioannislonsdineretnr,
485 2687 936 2761 utqunndoqueilluosolnsiret,
992 2687 1110 2742 nastcrii
1126 2687 1224 2743 abbati
1242 2688 1382 2760 redderet,
1399 2689 1475 2746 datis
1489 2694 1519 2746 et
1532 2690 1592 2748 lide
1621 2693 1739 2759 comite,
1758 2692 1801 2766 qui

116 2788 149 2839 ut
163 2782 264 2840 crebro
273 2783 379 2849 oraret,
392 2783 422 2837 ut
436 2779 562 2850 majores
572 2779 665 2835 nostri
674 2777 937 2850 devotionisipaius
992 2774 1045 2830 iras
1057 2791 1160 2830 omues
1174 2775 1284 2847 optime
1298 2775 1423 2833 callebat
1438 2778 1572 2852 regiones
1583 2783 1614 2837 rt
1624 2781 1800 2848 moutam,

116 2869 481 2946 gratianoiuisaentsaous
493 2866 642 2941 lapidibus
653 2865 776 2939 sculptis
787 2882 935 2936 exornare,
990 2880 1057 2920 enm
1073 2867 1142 2920 Jesu
1159 2864 1273 2921 Christo
1288 2868 1508 2937 commendans,
1523 2868 1650 2926 dimisit.
1660 2868 1801 2928 Voluitia·

116 2961 254 3017 manibus
269 2974 370 3017 eorum
385 2973 585 3014 summanum
600 2956 770 3024 reverentia,
786 2955 936 3027 quinione
991 2969 1057 3008 men
1071 2952 1102 3009 in
1113 2957 1194 3009 tanto
1209 2954 1322 3021 itinere,
1339 2955 1409 3027 quia
1428 2971 1547 3030 corpore
1562 2957 1695 3017 invalido
1712 2964 1740 3018 et
1757 2960 1798 3017 iu·

114 3050 193 3107 altus
208 3052 255 3106 ast
269 3063 376 3120 squam
392 3062 503 3119 pronus
517 3044 635 3112 libavit;
651 3044 719 3100 iude
733 3049 866 3101 secutum
877 3045 934 3100 mi·
990 3042 1055 3098 edin
1069 3041 1234 3115 vigiliisque
1248 3059 1333 3100 exeso
1356 3049 1385 3100 et
1404 3045 1559 3102 macilento
1580 3047 1681 3121 [erat],
1703 3062 1798 3121 quun

115 3137 268 3195 naculum:
287 3152 356 3193 nam
370 3152 439 3192 mox
453 3134 533 3191 omni
542 3133 594 3190 ilia
607 3134 691 3200 lebri,
702 3149 761 3206 qua
771 3134 852 3206 priua
859 3134 936 3208 jugi·
951 3117 972 3184 G
991 3131 1108 3198 babrre,
1125 3148 1212 3204 quem
1240 3132 1335 3188 lessus
1356 3134 1460 3191 itinere
1483 3136 1615 3208 pedestri
1638 3138 1799 3211 quandoque

115 3232 159 3283 ter
168 3226 361 3295 alliciebatur,
376 3223 529 3285 exstincta,
541 3238 643 3294 sospes
658 3222 793 3278 allicitur.
991 3221 1170 3276 ascenderet.
1187 3222 1309 3277 Domum
1324 3238 1402 3291 vero,
1415 3224 1490 3280 duce
1500 3224 1615 3282 lamule
1627 3226 1742 3295 abbatia,
1755 3224 1799 3281 die

147 3316 211 3370 237.
228 3314 280 3371 iiio
289 3313 377 3386 igitur
386 3328 454 3369 cum
465 3310 549 3367 iaetus
560 3311 589 3366 in
602 3312 727 3383 petriam
737 3312 936 3379 contenderet,
991 3314 1083 3379 sextu,
1095 3326 1153 3381 qun
1163 3311 1250 3366 domo
1260 3327 1315 3366 aua
1324 3311 1444 3368 nbierat.
1459 3311 1517 3370 huo
1531 3315 1667 3387 pervenit
1676 3334 1685 3385 3
1694 3328 1799 3389 rupem

115 3404 237 3461 domum
248 3405 311 3476 jam
327 3402 411 3458 dicta
422 3400 772 3457 mulieriseeini'finitatia
784 3400 937 3457 velamini·
990 3415 1068 3468 vero,
1085 3399 1225 3454 accersito
1242 3399 1331 3469 hujus
1354 3401 1522 3457 monasterii
1547 3403 1667 3475 abbate,
1690 3400 1795 3471 mciii,

114 3494 162 3549 tia
177 3492 273 3565 gratia
287 3490 441 3560 concessit,
457 3494 487 3546 et
501 3489 571 3563 quid
588 3489 614 3545 ei
630 3489 666 3545 de
680 3488 788 3545 haustu
799 3490 889 3546 tontis
900 3491 936 3547 ob
991 3503 1055 3559 qun
1066 3487 1095 3542 in
1124 3487 1236 3543 somnis
1260 3488 1372 3544 viderat
1398 3495 1428 3545 et
1446 3491 1592 3559 audierat,
1616 3494 1644 3550 ei
1665 3490 1794 3553 natanta

114 3564 934 3649 virtutemtoaunissanctissimievenerit,ipaaprasente,
991 3575 1133 3647 postridie
1147 3592 1199 3648 pro
1215 3593 1270 3632 sua
1290 3576 1384 3633 salute
1407 3579 1501 3635 ltissae
1522 3581 1721 3653 celebrentur,
1734 3582 1793 3638 eni

113 3668 315 3743 compluribus
328 3667 484 3725 enarravit.
501 3667 540 3722 lia
550 3682 602 3738 spe
612 3667 817 3738 recuperande
827 3668 937 3723 sanita·
990 3663 1051 3726 011⁰
1067 3680 1153 3737 opere
1168 3666 1216 3737 pio
1232 3666 1333 3722 devote
1344 3673 1469 3739 peracto,
1487 3667 1560 3726 locis
1573 3669 1643 3727 istis
1667 3666 1797 3729 emere

112 3759 150 3815 tis
165 3760 265 3825 ducta,
280 3757 355 3814 duos
369 3773 404 3813 ex
416 3755 485 3812 tiliis
502 3755 645 3828 impigros
660 3754 803 3827 deligens,
819 3772 869 3811 eos
897 3757 934 3812 ad
992 3753 1060 3821 mis,
1075 3757 1104 3808 et
1118 3753 1306 3810 eremitarum
1322 3756 1411 3811 etiam
1440 3756 1555 3814 cellulis
1579 3758 1665 3817 intus
1687 3758 1797 3831 nequo

113 3848 167 3905 hoc
183 3848 212 3904 S.
229 3846 326 3903 Mnrin
342 3844 554 3902 monasterium
569 3860 637 3900 eum
660 3843 806 3900 mandatis
832 3844 936 3915 hujus·
990 3841 1162 3914 suppliciter
1183 3841 1319 3910 visitatis,
1346 3849 1374 3900 et
1401 3845 1469 3901 inde
1493 3863 1552 3902 non
1576 3864 1671 3921 parvo
1693 3858 1796 3907 mut

114 3937 194 3994 modi
210 3935 353 4003 misit;S.
369 3934 491 3992 ioannis
506 3933 652 4006 imprimis
667 3931 758 3988 altare
785 3932 937 3990 visitarent
991 3931 1143 3997 oblato,et
1162 3931 1224 4004 ipae
1244 3932 1562 3991 etabbateiibaruiitsr
1593 3937 1726 4009 babitus,
1744 3950 1800 3993 ena·

115 4025 226 4094 devote,
242 4027 282 4091 et,
295 4023 387 4079 missa
409 4021 540 4079 oratione
560 4022 596 4077 ad
621 4022 733 4088 iesum,
758 4020 935 4079 oblationem
990 4020 1077 4076 cessit
1098 4019 1320 4091 Passiniannm3
1336 4027 1365 4078 at
1378 4022 1490 4090 itidem,
1507 4024 1587 4080 utin
1605 4024 1663 4083 boe
1676 4026 1706 4084 S.
1717 4022 1799 4083 lietb

117 4112 240 4179 darent;
262 4110 328 4167 dein
353 4127 460 4182 aquam
485 4127 519 4166 ex
544 4108 638 4181 ipsius
661 4109 691 4165 S.
711 4110 834 4165 ioannis
858 4111 936 4168 iente
989 4108 1166 4165 monasterio
1181 4110 1279 4166 Missis
1297 4127 1347 4183 pro
1371 4112 1512 4185 sospitate
1532 4113 1633 4186 ipsius
1650 4112 1799 4183 eelebreffl,

115 4199 251 4255 haustam
266 4215 366 4256 senum
378 4198 533 4256 deferrent.
543 4197 625 4254 Brevi
636 4197 734 4269 itaque
745 4197 787 4253 iiii
798 4201 936 4257 mandata
990 4202 1019 4254 et
1033 4199 1063 4253 S.
1086 4197 1208 4253 ioannis
1232 4199 1365 4272 sepulcro
1390 4201 1513 4258 subnixe
1537 4203 1671 4273 visitato,
1693 4198 1802 4279 pemudl

116 4288 279 4345 eiiicieutes
293 4288 469 4345 cantharum
484 4304 562 4360 aqna
574 4284 693 4360 pienum
707 4303 807 4343 secum
831 4288 933 4359 tulere,
989 4287 1025 4343 ad
1041 4286 1070 4342 S.
1086 4286 1232 4355 Salvium;
1248 4287 1298 4343 ubi
1315 4290 1376 4361 pari
1392 4291 1479 4347 morio
1490 4295 1521 4347 et
1534 4291 1640 4349 missis
1651 4290 1802 4359 anditis,ti

113 4393 202 4450 quem
219 4377 283 4450 ipsa
297 4377 422 4434 iideiiter
435 4393 557 4434 sumens
567 4376 705 4449 cyathum
723 4376 811 4433 iliiico
824 4377 934 4435 hausit.
989 4375 1083 4447 ipsius
1098 4376 1124 4430 S.
1141 4375 1263 4432 ioannis
1278 4377 1393 4434 cucullo
1407 4378 1480 4445 viso,
1491 4378 1601 4438 iterum
1617 4376 1800 4439 eoum-itai

113 4466 175 4531 Quo
189 4467 305 4525 hausto.
332 4467 407 4523 mire
420 4465 473 4523 Dei
501 4464 648 4539 potentini
675 4464 749 4521 mira
770 4465 800 4523 in
825 4467 936 4524 sanctie
951 4486 975 4551 ῃ
991 4481 1053 4520 noe.
1072 4464 1212 4521 Postridie
1225 4480 1292 4520 vern
1308 4483 1410 4540 sospes
1424 4473 1453 4525 st
1467 4468 1552 4525 letus
1568 4471 1607 4527 ad
1622 4470 1727 4529 urbem
1738 4470 1800 4543 Spu·

115 4556 178 4613 suis
188 4555 356 4614 clementini
368 4572 433 4629 que
442 4556 492 4611 diu
506 4555 608 4611 morbo
618 4553 794 4610 intolerabili
805 4557 936 4613 coniecta
991 4553 1118 4609 ieiunam
1129 4553 1280 4608 contendit
1290 4570 1296 4621 ;
1307 4558 1381 4626 et,nt
1392 4557 1608 4630 nobisquidem
1620 4556 1799 4633 daiamdicte

116 4646 245 4718 [inarsit
274 4645 352 4702 illico
374 4644 531 4702 incolumis
557 4644 659 4700 evasit.
690 4643 748 4700 lion
772 4645 885 4717 stupori
908 4651 938 4702 et
991 4641 1168 4698 monasterio
1184 4643 1213 4698 S.
1225 4643 1320 4698 Maria
1331 4644 1503 4701 deiircmita
1523 4640 1800 4707 monachus-taint·

116 4734 303 4791 admirationi
313 4751 370 4793 non
379 4734 475 4791 solum
484 4733 736 4806 hisquioppidum
751 4733 936 4807 Berzigheiia
991 4730 1102 4802 retulit,
1113 4731 1183 4787 dum
1199 4731 1272 4787 civis
1282 4731 1407 4789 illevixit
1418 4734 1509 4792 vitam
1521 4735 1800 4799 banosrumnosanr

113 4822 299 4890 babitabant,
313 4839 414 4879 varum
430 4822 563 4879 linitimia
579 4822 717 4878 omnibus
727 4822 846 4879 exstitit.
870 4822 878 4831 '
991 4836 1143 4891 nunquam
1159 4820 1286 4893 amplius
1297 4837 1329 4878 eo
1339 4824 1442 4880 morbo
1451 4824 1633 4883 intolerabili
1647 4822 1786 4885 laborarit

148 4912 211 4966 238.
241 4912 292 4968 Vir
317 4911 438 4984 quidam
467 4910 612 4983 egregius,
640 4910 769 4967 ioannes
807 4911 934 4981 nomine,
1027 4911 1089 4964 240.
1107 4908 1799 4984 Florentinumquinamnohttimatintcivb

113 4998 184 5056 civis
199 5000 377 5074 Spoletunus
390 4999 477 5071 (195),
493 4999 626 5055 eruditus
644 4999 717 5055 satis
741 5003 805 5056 tum
829 4999 936 5058 litteris
991 4999 1037 5054 oni
1053 5015 1161 5054 nomen
1175 4999 1320 5066 Zenobi03
1336 5002 1380 5056 vir
1392 5003 1528 5073 squidem
1540 5003 1572 5060 in
1584 4998 1800 5078 Republicaib·

112 5080 221 5146 Graecis
236 5094 299 5145 tum
315 5088 438 5154 Latinis,
457 5103 523 5142 cum
544 5086 621 5142 circe
645 5088 806 5159 precordia
834 5090 936 5145 morbo
991 5088 1107 5144 rentiua
1121 5090 1394 5162 prestantissimae,
1409 5090 1532 5164 insuper
1543 5093 1610 5148 auri
1620 5100 1798 5167 agrorum!

112 5179 241 5250 quodam
252 5175 427 5234 intolerabili
440 5175 657 5246 alliceretur,ita
667 5180 700 5232 nt
711 5193 935 5250 nonnunquam,
991 5176 1156 5233 ditissimus
1170 5196 1177 5247 ;
1189 5178 1236 5233 oui
1252 5179 1514 5237 uxorateriliscum
1527 5185 1617 5247 esset,
1627 5172 1798 5256 ugernum

113 5270 146 5320 ut
161 5267 224 5339 ipse
239 5268 345 5324 reterre
354 5265 458 5323 solitus
469 5268 541 5325 erat.
557 5264 672 5320 corsibi
685 5265 937 5337 gladiorideretur
990 5266 1074 5329 ferre.
1092 5266 1161 5339 quin
1176 5267 1275 5322 multe
1290 5268 1316 5323 ei
1331 5273 1430 5325 essent
1443 5269 1562 5338 divitie,
1580 5287 1709 5345 quarum
1721 5269 1795 5327 lim·

114 5355 261 5428 transfigi3
278 5360 307 5413 et
323 5357 401 5428 qnod
417 5352 578 5411 remedium
594 5353 620 5408 ei
648 5355 749 5411 morbo
773 5360 861 5427 essct,
885 5356 936 5430 qni
991 5354 1057 5412 dem
1073 5354 1166 5412 lilium
1179 5362 1279 5412 exacte
1290 5358 1351 5429 jam
1367 5374 1420 5415 sua
1435 5362 1520 5416 etate
1547 5357 1630 5417 band
1653 5358 1799 5431 relinqua·

147 5458 225 5587 gitti)
233 5461 383 5546 Spoletum
394 5463 464 5518 urbs
472 5460 560 5518 ltolie
569 5459 598 5515 in
608 5457 731 5543 timbrin
741 5462 777 5517 ad
788 5464 936 5548 montium
1026 5463 1182 5549 'lessinum
1198 5479 1327 5547 omnem,
1345 5464 1448 5522 incoiu
1460 5470 1606 5523 venantur
1617 5483 1635 5524 a
1647 5464 1799 5539 Plinio&

113 5547 145 5594 re
169 5546 227 5588 reas
241 5537 347 5603 partun
362 5551 392 5591 m
407 5533 481 5592 colle
495 5538 523 5592 et
538 5536 647 5609 partim
663 5547 693 5587 m
722 5532 842 5607 pinmtre
857 5541 885 5594 et
899 5536 935 5594 ad
991 5536 1082 5607 iet-rm,
1097 5537 1336 5597 nreoentrorrbus
1351 5536 1503 5613 spoletani.
