3892 6096
66 243 132 305 aaa
640 244 716 304 eru.
739 243 790 304 ou
811 245 941 308 consu
962 245 1197 309 sntttruanr.
1712 238 1778 317 itt

66 383 173 433 ctuma
186 371 309 447 augelus
320 372 435 430 bomini
449 373 573 447 eiusque
587 373 665 431 velut
680 376 814 448 aperiens
829 380 892 432 ute·
906 380 932 443 Α
984 400 997 427 a
1014 377 1088 442 Quid
1102 392 1169 451 crgo
1180 378 1233 435 tibi
1242 378 1272 440 in
1280 378 1451 451 huiusmodi
1461 380 1683 457 impugnatione
1692 384 1772 442 vide·

64 482 144 532 rum,
157 463 320 536 quamdam
342 462 467 535 ignitam
491 464 590 520 carnis
605 469 751 520 strumam
767 465 802 522 de
826 466 890 537 ejus
946 466 1017 521 turi
1032 466 1181 538 Nunqaitl,
1193 464 1299 538 quinte
1314 485 1405 542 supra
1416 469 1526 527 multos
1539 470 1661 530 occultis
1671 470 1772 531 acma-

62 552 227 612 vrscsribus
242 550 369 608 avellens
379 556 467 624 atque
477 552 633 625 projiciens
644 553 767 626 suisque
782 553 889 620 omnia,
946 554 1308 613 nilestistribulationibus
1319 573 1490 630 oppressum
1503 576 1568 617 esse
1579 560 1773 634 saplus'as't‘iss

60 643 236 710 nituerunt,
253 640 326 698 locis
340 640 481 698 intestina
496 642 654 699 restituens
666 661 673 699 ε
685 643 768 710 Εοοο,
784 642 889 714 inquit,
946 644 1058 710 mabas,
1070 642 1127 699 tale
1142 642 1254 715 aliquid
1269 661 1400 718 unquam
1410 654 1523 719 passus'
1532 665 1597 706 eras
1608 649 1623 705 t
1633 649 1776 718 Qulnimo'

60 732 210 789 incentiva
223 729 320 787 caruis
330 734 388 785 tuae
403 730 537 788 abscissa
550 736 630 802 sunt,
643 736 671 788 et
685 731 847 788 obtinuisse
862 736 891 787 te
945 730 1030 805 longe
1045 732 1209 790 minoribus
1220 730 1393 806 subjacebas
1402 725 1686 796 tentationibuss'ad
1703 738 1774 798 licet

61 820 180 879 noveris
195 818 568 892 hodiernadieperpetuam
580 820 710 893 corporis
721 820 889 894 puritatem,
945 821 1076 893 exemplo
1091 821 1162 878 satis
1177 821 1232 879 h'oc
1247 821 1288 879 sis
1304 823 1400 880 victus
1416 826 1452 881 ab
1467 838 1538 896 uno,
1554 832 1606 899 pro
1621 827 1774 887 eb'tambli·

61 926 153 984 quam
176 907 302 964 fideliter
325 908 495 980 poposcisti.
512 909 583 965 Ecce
609 910 688 966 vides
711 913 837 982 quantos
852 909 892 965 sit
945 911 1023 983 quod
1036 909 1196 967 inoccultis
1207 917 1235 968 et
1244 911 1448 984 spiritualibus
1461 908 1773 975 tentattorituusmafxb

60 1014 170 1074 passus
185 1002 214 1055 ct
227 996 283 1053 ista
309 995 435 1054 labores.
452 999 634 1070 Quapropter
656 1003 688 1054 ut
703 1015 788 1054 nemo
803 1015 890 1054 exeu-
945 1015 992 1054 me
1006 1005 1034 1055 te
1047 1003 1181 1056 vexatum
1198 1001 1361 1067 arbitraris,
1377 1001 1467 1071 aliud,
1486 1003 1515 1058 in
1536 1016 1594 1076 quo
1608 989 1770 1079 splrittialis

62 1087 210 1146 sationmn
235 1085 281 1142 vel
297 1086 492 1143 diffidentiam
517 1087 624 1144 habeat
636 1105 671 1145 ea
688 1104 752 1160 quaa
768 1086 891 1145 fideliter
944 1090 1060 1142 tautum
1071 1087 1255 1161 impugnatio
1269 1088 1443 1158 declaratur,
1450 1091 1580 1163 prolerre
1593 1091 1664 1149 libet
1673 1080 1770 1150 exbniss

61 1177 160 1252 poscit
173 1176 331 1249 impetrare
346 1190 404 1232 non
418 1190 514 1248 posse,
527 1165 606 1250 qued
623 1176 739 1249 utrique
754 1182 889 1234 constan·
945 1173 1039 1246 plum.
1057 1175 1176 1250 Legitur
1191 1193 1317 1250 namque
1327 1178 1363 1234 de
1378 1184 1480 1236 saneta
1495 1174 1776 1255 Maria·AEgyptlata'

61 1270 109 1323 ter
122 1265 271 1340 petierunt
284 1263 402 1336 assequi
423 1269 604 1322 meruerunt.
621 1266 656 1322 ut
671 1271 704 1322 ut
718 1265 889 1338 hujusmodi
945 1265 1083 1336 quoniam
1098 1265 1176 1322 inter
1191 1271 1305 1337 catera,
1321 1284 1384 1341 qna
1400 1269 1520 1325 Zosima·
1542 1266 1641 1328 abbati
1654 1272 1690 1328 de
1704 1271 1775 1328 vita'

60 1353 199 1427 exempla
212 1370 271 1411 non
296 1351 393 1409 solum
406 1353 436 1409 iu
453 1354 577 1426 fortiori,
593 1354 644 1411 sed
668 1355 757 1411 etiarn
773 1355 803 1411 in
819 1371 889 1411 sexu
945 1354 1200 1427 conversionisque
1228 1373 1288 1413 sno
1313 1356 1453 1429 qualitate
1473 1359 1626 1428 referebat,
1656 1350 1731 1417 dixit
1759 1378 1767 1420 ι

60 1443 176 1500 babeas
187 1440 330 1510 interiori,
342 1441 372 1498 in
387 1442 451 1498 Vita
464 1447 584 1499 Petrum
600 1449 738 1499 narratur
751 1444 889 1514 quoniam
944 1440 1035 1498 Crede
1059 1444 1143 1510 mihi,
1159 1445 1244 1511 abba,
1260 1447 1360 1503 decem
1374 1451 1404 1503 et
1419 1442 1529 1520 septer'n
1555 1449 1641 1506 annis
1657 1439 1776 1507 leriset'

60 1530 214 1590 abbatissa
228 1530 363 1603 quaedam
393 1538 504 1597 sanem,
522 1532 640 1587 nominc
655 1532 737 1602 Sara,
748 1532 889 1588 tredecim
943 1530 1196 1590 irrationabilibus
1211 1534 1344 1592 luctabar
1358 1532 1523 1594 concertis:
1537 1538 1646 1611 lltpost
1659 1530 1766 1612 paueat

60 1618 149 1679 anuis
174 1619 288 1676 fortiter
312 1636 329 1675 a
352 1619 697 1677 fornicationis'demoue
720 1621 759 1678 sit
773 1622 889 1694 impug-
943 1620 1140 1692 Cogitationes
1154 1626 1264 1690 autem,
1282 1640 1345 1695 quta
1371 1624 1407 1680 ad
1424 1625 1645 1683 fornicationem
1660 1616 1774 1685 iterum*

59 1708 143 1779 nata,
158 1712 187 1764 et
211 1724 362 1780 nunquam
388 1709 533 1780 rogaverit
559 1713 591 1764 ut
617 1709 780 1765 discederet
803 1710 839 1765 ab
855 1725 889 1765 ea
933 1707 1158 1782 ,compellebant
1173 1726 1230 1774 me,
1244 1711 1390 1780 quomodo
1402 1711 1454 1767 tibi
1468 1708 1605 1770 enarrare
1621 1714 1769 1787 possum't

59 1796 235 1870 hujusmodi
251 1812 360 1871 pugna,
376 1797 427 1853 sed
441 1797 494 1854 hoe
511 1797 607 1854 solum
623 1798 726 1854 dixerit
738 1816 745 1855 ε
757 1798 800 1854 Da
814 1798 887 1854 mihi
942 1795 1022 1869 lgnis
1037 1797 1117 1854 intus
1132 1797 1232 1854 inlelix
1246 1814 1352 1871 corpus
1369 1799 1468 1856 meum
1482 1794 1768 1860 nimius‘su‘cc'ende·

59 1886 275 1959 tortitudinem,
302 1887 387 1942 Deus.
404 1886 475 1943 Eece
498 1887 570 1942 fides
585 1885 682 1958 qualis
704 1891 733 1942 et
759 1892 888 1960 quantus
942 1884 1002 1952 bat,
1018 1891 1048 1941 et
1067 1903 1112 1941 me
1128 1894 1180 1958 pe'r
1202 1887 1302 1942 omnia
1324 1889 1464 1944 exurebat
1487 1893 1515 1945 et
1535 1890 1572 1946 ad
1588 1890 1771 1949 desiderium

59 1993 145 2033 amor
157 1975 294 2048 pietatis!
313 1976 383 2031 Ecce
397 1974 467 2048 quid
480 1980 602 2046 uterque
617 1992 704 2032 sexus
714 1974 889 2033 laboraverit
942 1974 1158 2031 commistionis
1173 1975 1317 2032 trahebat.
1334 1976 1409 2032 Dum
1434 1993 1503 2051 ergo
1518 1977 1585 2034 talis
1600 1972 1773 2037 ascenderet

61 2083 117 2139 pro
130 2065 236 2122 nauta
251 2064 415 2120 castitatisl
434 2071 471 2121 De
487 2080 614 2136 quorum
630 2064 762 2120 omniurn
779 2066 888 2138 purita·
943 2063 1090 2135 cogitatio,
1108 2065 1329 2135 prosternebam
1345 2081 1391 2121 me
1408 2065 1571 2135 interram,
1587 2072 1617 2124 et
1630 2060 1772 2143 lacrymis·

61 2155 104 2210 tis
118 2152 285 2211 constantia
296 2153 372 2207 sieut
388 2151 488 2225 procul
504 2169 535 2208 es
550 2153 726 2221 allectus,lta
742 2154 887 2210 etiameo·
942 2167 1006 2207 eam
1022 2151 1192 2232 infundens,
1203 2152 1297 2225 ipsam
1313 2154 1385 2210 mihi
1400 2155 1541 2211 veraciter
1556 2149 1768 2230 astare‘spe'ra'·

59 2259 127 2299 rum
143 2241 274 2299 laborem
289 2246 319 2298 et
341 2240 593 2315 impugnationem
620 2258 772 2314 nunquam
789 2243 887 2299 lueres
942 2240 1021 2306 bam,
1033 2257 1098 2312 que
1109 2256 1156 2296 me
1170 2241 1228 2297 fide
1238 2243 1379 2313 jusserat,
1389 2242 1418 2298 id
1428 2248 1471 2299 est
1484 2244 1703 2302 sanctissimam
1714 2240 1769 2303 D'si'

58 2335 208 2406 expertus.
222 2330 432 2399 Quamobrem,
443 2331 512 2402 quia
526 2332 770 2403 perlectorum,et
784 2331 814 2387 in
826 2347 888 2388 cas·
942 2329 1129 2397 Genitricem,
1146 2335 1174 2386 et
1189 2330 1231 2386 sic
1255 2347 1306 2403 per
1320 2332 1420 2388 decem
1434 2333 1462 2388 et
1484 2330 1597 2405 septem
1621 2329 1775 2391 annorum'

58 2410 146 2478 tituto
159 2419 409 2495 perseverantium
421 2421 501 2475 omni
518 2420 603 2476 modo
615 2420 763 2492 discrepas
774 2421 887 2477 meritis
943 2417 1121 2475 curriculum
1138 2417 1286 2491 perieulis,
1302 2424 1335 2475 ut
1350 2420 1419 2487 dixi,
1435 2419 1577 2477 luctabar.
1593 2422 1666 2478 llece
1686 2422 1777 2480 vides

61 2515 150 2583 atque
159 2507 264 2574 labori,
272 2507 425 2564 videamus
440 2509 465 2563 si
476 2506 519 2564 vel
529 2524 641 2576 eorum,
653 2522 779 2581 quorum
791 2509 887 2580 impu·
943 2513 1086 2579 quantum
1103 2524 1159 2562 nou
1171 2506 1268 2564 solum
1283 2507 1387 2577 virilis,
1397 2508 1447 2565 sed
1462 2509 1551 2564 etiam
1566 2508 1711 2568 femineus
1721 2506 1766 2568 se'·

61 2590 170 2655 diuitiae
186 2603 216 2654 et
228 2595 454 2670 irreligiositatis
471 2597 570 2653 minus
583 2596 748 2668 discrepare
769 2597 886 2668 videris,
942 2612 997 2651 xus
1011 2595 1185 2652 laboraverit
1195 2600 1224 2652 et
1236 2613 1286 2667 pro
1300 2595 1479 2669 integritatis
1498 2599 1700 2656 constantiaet
1713 2614 1774 2673 pro·

60 2686 244 2745 tribulationi
256 2702 373 2758 quoque
386 2689 414 2741 ct
424 2685 750 2758 'impugnationiquam
768 2702 819 2759 pro
828 2703 887 2758 poe-
943 2683 1141 2756 corruptionis
1165 2684 1345 2756 poenitentia.
1367 2685 1505 2758 Nunquid
1530 2702 1598 2760 ergo
1623 2686 1723 2744 decem
1739 2693 1769 2744 et

60 2773 887 2849 nitentiaagendapertulerunt,aliquatenusassimileris.
943 2776 1054 2846 septem
1070 2773 1156 2829 annis
1167 2774 1230 2842 jam
1245 2772 1395 2842 laborasti,
1411 2791 1547 2848 pugnans
1558 2784 1560 2789 ⁴
1573 2771 1675 2833 contio
1689 2776 1768 2850 cogi·-

93 2889 109 2917 α
126 2854 248 2939 Legitur
258 2863 368 2936 quippe
383 2862 413 2917 in
423 2879 513 2936 supra
524 2863 601 2918 dicta
611 2863 677 2918 Vita
687 2864 808 2919 Petrum
819 2863 889 2935 quia
942 2862 1066 2918 tationes
1082 2862 1297 2918 desideriorum
1323 2862 1509 2919 carnalium?
1523 2863 1596 2928 Ouid
1612 2869 1710 2921 autem
1725 2867 1781 2920 tot'

60 2953 147 3011 luerit
161 2953 284 3026 quidam
300 2951 345 3007 vir
359 2950 448 3008 vitam
463 2951 666 3024 turpissimam
682 2968 772 3024 super
785 2964 888 3008 omnes
943 2964 1035 3005 annos
1050 2949 1125 3020 dico,
1138 2949 1188 3021 qui
1204 2965 1256 3006 nec
1270 2960 1329 3007 u'no
1341 2964 1447 3024 passus
1462 2966 1493 3007 es
1509 2956 1591 3009 tanta
1604 2952 1681 3009 anno
1698 2953 1770 3009 inte·

61 3043 170 3100 meinos
180 3039 431 3110 suosducens,ita
446 3045 478 3097 ut
490 3041 713 3112 opinatissimus
727 3040 756 3096 in
768 3040 887 3114 flagitiis
942 3038 1018 3110 gro?
1032 3038 1166 3094 Nondum
1187 3055 1256 3112 ergo
1270 3038 1380 3096 laboris
1402 3041 1481 3096 viam
1497 3040 1609 3114 coepisti
1624 3048 1653 3100 et
1668 3047 1768 3099 tamen

63 3122 228 3189 baberetur.
240 3130 293 3186 Hie
309 3116 468 3202 aliquando
476 3129 526 3185 Dei
542 3129 730 3186 miseratione
744 3146 886 3202 compua-
901 3113 929 3182 G‘
944 3125 1024 3183 velut
1039 3144 1073 3183 ex
1085 3126 1182 3184 labore
1199 3128 1337 3200 fatigatus
1349 3130 1412 3198 jam
1428 3129 1569 3186 deiecisti.

64 3222 127 3276 cius
137 3220 174 3277 ad
183 3212 389 3292 peanitentiam
399 3220 586 3286 convertitur,
595 3222 623 3273 et
633 3218 711 3273 intra
721 3217 889 3290 sepulcrum
982 3216 1066 3272 «Sed
1083 3216 1137 3273 etsi
1153 3233 1226 3288 quas
1241 3216 1422 3285 tentationis,
1433 3223 1462 3272 et
1476 3219 1661 3274 adversitatis
1677 3217 1767 3274 mole·

65 3306 215 3383 quoddam
226 3322 259 3364 sa
269 3306 446 3364 concludens
456 3306 587 3382 priorum
599 3306 742 3364 scelerum
754 3305 890 3378 pollutio·
945 3305 1017 3361 stias
1032 3305 1184 3377 perterres,
1198 3305 1331 3376 nunquid
1346 3310 1498 3377 propterca
1508 3306 1654 3377 patientie
1665 3311 1694 3362 et
1703 3307 1767 3378 spei

64 3414 114 3455 nea
129 3396 331 3469 lacrymarum
347 3395 478 3452 lontibus
498 3395 638 3452 diluebat.
654 3399 785 3468 Cumque
799 3395 829 3450 in
843 3394 891 3451 bis
946 3393 1204 3466 solatia‘depouerc
1216 3394 1304 3450 debes
1314 3393 1329 3448 i
1339 3393 1441 3449 Nonne
1451 3398 1480 3449 et
1492 3396 1527 3449 essx
1536 3410 1627 3466 supra
1637 3409 1765 3452 comme·

65 3485 165 3559 posito
181 3483 209 3541 ei
229 3482 411 3541 bebdomada
433 3484 598 3550 transisset,
615 3488 702 3539 noctu
719 3483 840 3539 veniunt
855 3483 890 3539 ad
947 3483 1068 3539 moratis
1076 3487 1242 3538 sanctorum
1256 3481 1372 3537 Patrum
1383 3481 1524 3555 exemplis
1534 3484 1603 3538 etex
1613 3481 1769 3555 Scriptura

66 3591 132 3633 aum
151 3564 301 3630 deamones
324 3573 351 3628 in
367 3572 501 3645 sepulcro
514 3572 675 3630 clamantes
690 3576 719 3628 et
740 3572 890 3629 dicentes:
947 3589 1035 3629 saera
1047 3570 1200 3627 sententiis
1211 3585 1367 3643 agnoscere
1379 3575 1460 3643 potes
1471 3571 1615 3628 utileesse
1625 3588 1658 3628 ac
1669 3586 1769 3630 neces-

66 3660 892 3736 buidestquodagis,oimpurissimeetflagitiosissime?
947 3658 1771 3734 sariumperlerretentationes?Petrusnamquaapcstu

66 3741 224 3826 Postquam
240 3750 321 3809 omui
335 3751 477 3824 spurcitia
492 3751 616 3808 satiatus
632 3767 674 3822 es,
685 3767 763 3807 nunc
778 3750 890 3807 anobis
948 3749 994 3807 lus
1010 3751 1080 3805 dicit
1096 3766 1103 3806 :
1121 3748 1301 3819 Citari-ssimi,
1316 3749 1402 3805 notite
1420 3751 1640 3821 peregrinantia
1654 3748 1771 3822 teucri,

66 3845 163 3897 emtas
188 3845 219 3898 et
242 3838 399 3913 religiosus
424 3840 550 3913 effugere
572 3840 679 3911 cupisi
703 3839 794 3908 Nolis,
809 3839 890 3908 velis,
948 3841 995 3911 qni
1009 3839 1044 3895 od
1059 3840 1237 3895 tentationem
1260 3840 1335 3894 uotis
1349 3839 1381 3908 fit
1396 3840 1476 3911 quoti
1493 3838 1603 3910 aliquid
1617 3841 1684 3896 noui
1698 3839 1773 3896 vobit

66 3928 170 3987 amodo
182 3946 263 3986 unus
278 3945 312 3985 ex
322 3926 410 3985 nobls
424 3929 492 3985 eris.
506 3928 570 3984 llaec
585 3933 614 3984 et
628 3928 799 4000 hujusmodi
810 3927 895 4001 plura
948 3931 1089 4000 contingat
1103 3947 1115 3993 ;
1141 3927 1187 3983 sed
1209 3928 1441 3984 communicantes
1466 3928 1574 3987 ‚Christi
1594 3926 1774 4001 portionibus

66 4014 312 4093 exprobrantibus
322 4017 376 4086 eis,
393 4017 566 4090 illeJ‘aeebat
582 4017 752 4089 immobilis,
766 4014 893 4073 neaudi-
948 4018 1062 4088 pendete
1077 4017 1099 4088 (1
1113 4017 1186 4072 Petr.
1200 4032 1238 4084 rv,
1255 4016 1365 4088 12,13).
1381 4016 1508 4073 lacobus
1524 4017 1611 4072 etiam
1623 4016 1786 4089 apostolus

64 4100 128 4164 tam
142 4106 264 4181 quidem
273 4123 361 4163 suum
374 4112 545 4163 convertens
556 4107 592 4163 ad
608 4124 667 4173 cos,
679 4123 731 4162 nee
743 4106 802 4163 ullo
814 4106 893 4179 peni·
949 4107 1032 4164 docet
1042 4105 1142 4162 dicens
1155 4123 1162 4162 :
1175 4106 1260 4160 Omrrc
1272 4104 1404 4174 goudium
1413 4107 1579 4173 existimate,
1590 4106 1697 4180 fratres
1705 4107 1772 4173 mei,

65 4200 261 4253 tussermene
272 4195 465 4269 respondens.
476 4199 606 4266 Cumque
623 4193 664 4250 illi
680 4196 782 4267 sapius
793 4196 893 4250 eadem
948 4212 1010 4251 cnm
1026 4197 1058 4257 in
1081 4194 1243 4250 tentationes
1269 4194 1362 4248 corice
1388 4193 1552 4266 incideritis,
1567 4196 1681 4250 scienter
1704 4192 1786 4267 qnod'

67 4284 233 4358 repeterent
243 4302 295 4342 nee
305 4284 355 4341 ille
374 4283 493 4341 omnino
507 4289 680 4349 moveretur,
692 4289 762 4340 tune
774 4284 804 4339 in
816 4285 894 4339 luro-
947 4285 1072 4356 probatio
1087 4283 1152 4353 littei
1178 4290 1273 4338 restite
1286 4284 1450 4352 poticntiom
1473 4291 1618 4354 operatur:
1636 4284 1775 4356 patientta

65 4389 131 4431 rem
147 4366 285 4431 commoti
302 4374 450 4430 demones
460 4373 631 4429 verberibus
646 4389 714 4429 cum
729 4373 895 4429 aliliaerunt
948 4382 1040 4429 cutem
1054 4388 1120 4444 opus
1133 4373 1287 4444 perfectum
1301 4370 1392 4440 babet,
1408 4376 1440 4426 nt
1460 4373 1521 4426 sitis
1533 4373 1650 4444 perfecti
1663 4380 1688 4428 et
1703 4373 1773 4427 inte-

65 4460 157 4519 multi
195 4462 406 4521 ue'eruciatum
418 4460 573 4535 suppliciis
585 4461 757 4518 semivivum
770 4461 895 4534 relique·
911 4485 934 4549 D
948 4465 994 4533 pri
1009 4464 1038 4517 tn
1053 4462 1131 4516 nullo
1146 4460 1302 4531 rlcficientee
1317 4464 1392 4524 (tac.
1409 4476 1429 4527 1,
1445 4459 1502 4530 23).
1520 4460 1591 4515 ltem
1612 4461 1688 4515 idem
1704 4474 1776 4531 apc-

66 4548 178 4608 rebat
202 4567 218 4607 e
231 4546 330 4609 tamen
340 4555 384 4608 tot
394 4550 572 4607 eruciatibus
584 4568 634 4606 neo
651 4554 758 4608 moveri
773 4551 895 4622 potuita
950 4551 1042 4608 stolus
1057 4549 1127 4606 dicit
1143 4568 1150 4606 ι
1167 4552 1265 4606 ltectns
1280 4551 1324 4604 uir
1337 4551 1386 4619 qni
1399 4550 1496 4619 austeri
1510 4549 1696 4619 tentationem,
1707 4563 1777 4620 quo·

66 4636 145 4709 loct,
157 4639 187 4697 in
198 4656 258 4715 quo
268 4638 409 4698 orationis
424 4656 512 4697 causa
523 4640 666 4711 jacuerat.
678 4638 816 4712 Sequenti
829 4656 895 4695 vero
948 4643 1026 4698 nium
1049 4657 1110 4696 curu
1129 4640 1258 4711 proliatos
1279 4639 1375 4709 tuerit,
1404 4637 1519 4706 accipiet
1541 4652 1670 4692 coronam
1696 4636 1775 4705 vitiet

67 4726 156 4786 nocta
169 4726 319 4786 demones
335 4729 442 4785 iterum
466 4728 615 4784 tinnientes
630 4727 812 4800 gravioribus
827 4743 894 4783 eum
950 4746 1033 4802 qnam
1048 4729 1203 4800 repromisit
1216 4728 1286 4782 Dens
1301 4726 1478 4796 diligentibus
1492 4742 1521 4782 se
1536 4725 1804 4798 (ttid.,12).uinc·.

66 4814 420 4877 verberibusaruciabant
431 4837 438 4887 3
452 4817 503 4873 sed
512 4804 565 4873 nec
577 4823 647 4873 tunc
661 4816 778 4889 quidem
789 4818 897 4873 moveri
951 4817 1096 4874 etPeulus
1107 4814 1304 4889 apostolusait
1316 4832 1323 4870 τ
1336 4813 1529 4870 Gloriomnrin
1539 4814 1781 4884 tribulationibus,

66 4905 165 4963 valuit
177 4925 196 4964 a
221 4908 295 4976 loco,
311 4906 418 4964 melius
444 4923 508 4963 esse
523 4906 623 4962 dicens
650 4911 772 4986 mortem
799 4907 897 4963 subire
950 4910 1065 4964 scientes
1075 4906 1144 4979 qnod
1157 4905 1305 4962 tribulatio
1316 4904 1631 4977 patientientoperntttr,
1639 4905 1789 4977 patientia·

66 4996 162 5067 qbim
174 4986 898 5053 ultr‘odtemonibusobedire.Nihilominustertia
952 4996 1255 5068 orttentoratiotionem,
1280 4994 1585 5066 probotic'spem,spes
1605 4996 1704 5050 outem'
1721 4992 1779 5050 ndo

67 5086 158 5141 abct's
165 5080 327 5141 multitudo
338 5072 503 5141 daemonum
517 5084 661 5151 convenit,
677 5090 706 5141 et
716 5085 828 5157 absque
839 5082 898 5140 ulla
952 5085 1098 5160 confitndit
1111 5086 1229 5157 (teitau,
1245 5085 1318 5156 3-5).
1333 5083 1508 5154 liujusmodl
1519 5100 1587 5156 crgo
1603 5084 1779 5139 documenta

68 5162 380 5231 disertitudinem
390 5172 900 5246 irruentesomuibuspoeniscrucia-
953 5180 981 5232 et
998 5177 1024 5229 in
1050 5180 1127 5230 Novo
1143 5178 1170 5230 ot
1194 5174 1224 5228 in
1246 5172 1342 5229 Veteri
1365 5172 1556 5229 'testamento'
1579 5173 1780 5239 inveniuntur,

68 5258 504 5335 libusqueaiti'eiurit.Cumque
512 5263 575 5336 jam
591 5263 858 5336 eorpusdelecisset
869 5263 898 5319 in
954 5263 1057 5332 multa,
1080 5264 1187 5336 quilius
1203 5261 1564 5335 si'jugiterintendis,non
1580 5260 1675 5317 solum
1687 5264 1781 5317 tenna

68 5348 240 5427 suppliciis,
255 5348 405 5410 extremus
418 5348 516 5409 tamen
532 5350 654 5424 spiritus
669 5352 830 5408 obsistebat
845 5352 899 5408 lm·
955 5354 1048 5410 tiones
1058 5351 1204 5425 quaslibet
1215 5351 1399 5408 advenientes
1411 5349 1527 5407 lucilius
1538 5350 1679 5420 devincis,
1691 5349 1743 5407 sed
1750 5350 1790 5405 'at‘

67 5428 347 5515 pefib'da'iin'onbm.
365 5439 447 5509 Quod
462 5432 521 5496 'ubi
537 5439 619 5512 impii
643 5439 791 5510 viderunt,
805 5441 900 5499 exele·
955 5441 1076 5513 majoris
1088 5440 1284 5514 intelligentia
1295 5440 1373 5496 vdona
1389 5439 1587 5513 consequeris.
1601 5440 1653 5496 l'ia
1666 5439 1798 5496 enimin·

61 5520 195 5591 'meunt
203 5526 398 5605 rdcb'magda
413 5544 420 5587 :
440 5529 554 5599 Viclsti,
570 5529 719 5603 inquiunt,
736 5529 844 5588 vicisti.
954 5531 1060 5601 muttit,
1077 5533 1109 5587 ut
1124 5529 1266 5604 seriptum
1281 5534 1335 5599 est,
1348 5531 1476 5602 exponen
1490 5528 1620 5601 sagittabit
1633 5529 1745 5593 antae
1757 5526 1787 5588 et

233 5657 366 5726 Portet.
387 5654 517 5725 exult.
1603 5655 1623 5726 8
