3892 6096
113 229 171 297 iat
619 220 794 288 nunnoni
815 219 994 286 nonnoni
1016 218 1049 287 S.
1071 219 1324 292 FMMFRAMMI,
1760 222 1820 284 lh!

115 362 245 425 exhibita
259 357 404 420 dimiserit
426 357 452 415 ei
475 356 554 415 Deus
575 357 674 415 omnia
688 356 804 426 delicta,
820 359 849 414 et
871 357 939 429 post
951 356 981 425 A
1029 356 1106 414 Bene
1121 357 1228 415 docens
1240 360 1269 415 et
1283 356 1360 415 male
1373 355 1474 414 vivens
1483 351 1616 427 virtutes,
1627 367 1702 441 quas
1716 353 1821 426 predi·

115 456 193 513 hunc
207 454 296 510 vitam
312 447 443 522 requiem
459 448 498 504 sit
513 448 622 521 adepta
634 463 802 521 perennem.

996 449 1044 503 cat
1057 445 1190 504 moribus
1205 447 1338 505 infamat.

153 543 207 611 Qui
222 557 290 614 ergo
305 539 384 612 capit
403 537 553 594 Christum
573 536 692 605 imitari,
708 536 797 593 habet
812 533 942 607 undique
1032 534 1145 593 Bellum
1161 536 1305 611 optimum
1329 535 1437 610 agium,
1452 551 1520 591 curn
1535 532 1658 606 spiritus
1673 532 1755 591 carni
1770 533 1823 592 ad·

118 630 251 704 exempla
264 631 338 686 bene
351 627 482 696 vivendi3
497 627 585 683 habet
597 627 686 683 etiam
701 624 848 697 exaliqua
861 625 943 696 perte
995 629 1139 682 vereatur.

117 723 286 780 facultatem
316 719 392 775 bene
418 717 534 791 agendi.
559 716 702 773 Ceterum
717 713 837 771 omnino
865 715 943 769 errat
1032 712 1823 789 Brevitasvitaepraesentispensandaestabuniversis.

117 811 167 885 ‘11¹i
182 826 234 883 pff
248 824 351 882 limem
379 816 408 864 θῑ
432 807 524 863 ὓῖῑΰω
551 823 583 863 ⁸⁰
610 804 728 877 millii
756 801 941 875 triumphum
1031 821 1092 878 Cito
1107 822 1137 878 in
1153 821 1278 880 crimina
1292 823 1404 896 majora
1419 821 1529 879 corruit
1544 819 1594 893 qui
1608 836 1697 894 parva
1708 835 1762 894 pro
1776 820 1823 877 ni·

114 903 209 973 putat.

995 909 1056 967 hilo
1071 911 1161 968 ducit.

152 991 183 1045 ll.
197 990 290 1054 Quam
301 986 391 1044 variis
402 984 488 1058 plena
498 983 624 1056 dapibus
635 985 750 1040 constat
760 986 811 1038 tua
821 979 940 1054 mensali
1030 1001 1136 1057 Curam
1152 1000 1183 1056 in
1198 1002 1286 1058 regu,
1297 999 1418 1058 minime
1429 997 1604 1058 „mariis
1619 1012 1706 1072 agere
1719 1014 1823 1072 90002.

113 1078 187 1135 Nam
204 1093 271 1134 oum
287 1074 441 1148 perpaucis
456 1071 580 1130 recreari
595 1071 711 1144 postulo
727 1070 833 1127 verbis.

115 1167 183 1224 Mox
197 1166 271 1223 mihi
285 1165 401 1222 diversa
416 1163 554 1220 doctrinm
568 1162 621 1217 das
636 1160 785 1217 alimenta.

116 1256 197 1314 Hanc
211 1255 304 1329 igitur
318 1270 431 1311 cannam
447 1250 557 1308 coelesti
574 1250 711 1323 dogmate
726 1248 842 1322 plenam

113 1346 169 1412 Oui
183 1347 261 1405 bona
276 1348 382 1401 cuncta
396 1346 476 1400 creat
492 1339 577 1398 solita
596 1338 867 1412 pietale’rependat.

513 1448 543 1502 l..

312 1539 439 1606 ldorclio,
453 1539 541 1595 metra
556 1540 582 1592 et
594 1537 748 1592 amantia.

148 1651 224 1705 Ante
239 1647 290 1704 Dei
304 1646 419 1703 vultum
436 1644 477 1700 nii
493 1642 574 1716 pravi
589 1645 704 1699 constat
718 1639 857 1697 inuitum.

994 1093 1058 1144 tum
1073 1094 1118 1146 est
1132 1089 1253 1164 grande.

1030 1182 1122 1252 Caput
1137 1185 1183 1236 est
1195 1179 1348 1237 discordia
1363 1178 1413 1252 qui
1428 1194 1463 1236 ex
1480 1176 1688 1235 communibus
1702 1176 1824 1250 propria

995 1267 1094 1323 studet
1108 1268 1213 1326 facere.

1030 1356 1089 1414 lieo
1104 1357 1177 1413 nihil
1192 1357 1261 1415 mali
1281 1361 1326 1415 est
1344 1357 1563 1431 imputandum,
1580 1355 1824 1429 quandoquidem

993 1442 1059 1517 ipso
1074 1445 1151 1502 malo
1167 1446 1261 1503 utitur
1274 1447 1311 1503 ad
1326 1447 1447 1504 bonurn.

1030 1533 1154 1591 Difficile
1169 1535 1325 1609 corrigitur
1348 1534 1479 1608 nequitia
1493 1550 1583 1608 quem
1607 1533 1735 1607 concipit
1753 1534 1823 1607 quis

995 1622 1025 1678 in
1040 1624 1177 1697 pueritia.

113 1744 173 1795 Ant
188 1737 255 1812 quis
273 1740 376 1810 sponte
392 1751 446 1792 sua
461 1731 540 1789 mala
555 1732 650 1806 punit,
668 1730 728 1787 sive
743 1728 883 1787 coactus?
956 1733 981 1799 Β
1032 1711 1824 1786 ⁰⁰F0⁰0⁸i0511li⁰⁰0⁸illffl⁰⁰ff⁰¹¹nfq¹fiDeumfl·

115 1826 244 1884 Ballatcr
258 1824 352 1893 fortis,
369 1823 419 1896 qui
435 1839 467 1879 se
481 1820 588 1895 poterit
602 1837 751 1892 superare.

115 1916 213 1972 Rastia
227 1912 354 1971 crudelis
367 1916 412 1969 est
426 1928 476 1968 ocr
489 1928 582 1983 prava
597 1908 740 1966 mulieris.
775 1901 791 1933 ‘

115 2003 289 2060 Communis
304 2000 426 2058 morbus
441 1999 638 2058 communiter
653 2003 698 2055 est
712 1998 885 2072 abigendus.

114 2092 231 2166 Corrige
245 2095 274 2149 te
287 2090 427 2165 primurn,
445 2089 495 2162 qui
510 2093 605 2146 rector
620 2087 661 2144 sis
680 2087 814 2145 aliorum.

114 2185 221 2239 Ductor
233 2181 380 2254 perfectus
394 2177 527 2252 quaesite
542 2179 626 2235 docet
640 2176 723 2250 prins
738 2176 850 2250 implet.

115 2271 227 2328 Divitia
241 2287 314 2327 verae
330 2273 400 2326 sunt
413 2269 557 2325 virtutum
573 2268 651 2324 bona
665 2283 796 2339 quaque.

115 2360 272 2433 Eloquium
290 2364 426 2415 sanctum
442 2357 603 2430 pretiosum
618 2357 651 2412 frt
667 2371 756 2429 super
770 2372 886 2412 aurum.

117 2450 169 2506 list
183 2449 268 2521 quasi
282 2464 333 2504 vas
348 2463 485 2515 vacuum,
496 2447 543 2502 oui
563 2462 634 2502 cura
649 2446 731 2502 deest
745 2445 922 2501 animarum.

117 2537 273 2594 Fructibus
288 2553 321 2593 ex
335 2536 463 2609 propriis
478 2536 564 2592 arbor
579 2535 767 2608 cognoscitur
780 2533 886 2593 omnis.

117 2624 198 2682 Finis
213 2623 349 2697 precepti
364 2629 480 2682 constat
495 2623 612 2680 dilectio
627 2623 745 2680 Christi.

114 2714 233 2771 Grande
247 2712 346 2771 scelus
361 2713 464 2787 grandi
480 2711 578 2769 studio
594 2712 680 2769 debet
694 2712 837 2786 superari.

116 2803 215 2860 Gratia
230 2803 293 2860 sola
308 2803 357 2859 Dei
374 2819 448 2875 quos
462 2776 525 2858 vuit
539 2802 609 2858 facit
626 2801 686 2858 alta
700 2802 816 2858 mareri.

27 2895 30 2902 '
117 2891 240 2950 Horrida
254 2890 331 2949 bella
347 2892 422 2965 gerit
434 2890 484 2963 qui
500 2891 579 2964 pacis
593 2890 701 2947 ftcdera
716 2889 837 2963 spernit.

118 2983 263 3038 llaerentes
279 2986 360 3038 ternu
376 2983 525 3052 nequeunt
539 2979 626 3036 subdi
642 2978 771 3035 theoria.

995 1817 1074 1859 mere
1089 1807 1119 1858 et
1133 1819 1231 1860 amare
1245 1802 1408 1877 negligunt.

1032 1889 1252 1965 Eleemosynam
1268 1891 1349 1948 illam
1360 1896 1437 1949 Deus
1452 1894 1629 1962 exsecratur,
1643 1906 1707 1964 qua
1721 1907 1757 1947 ex
1770 1907 1823 1948 ra-

994 1980 1064 2053 pina
1077 1981 1231 2053 praebetur.

1031 2070 1114 2127 iirrat
1129 2068 1267 2127 facillime
1282 2069 1401 2142 quinon
1417 2074 1568 2145 curatque
1583 2069 1692 2128 rectius
1706 2073 1820 2143 pergat.

1032 2177 1071 2233 lix
1086 2176 1180 2234 alieno
1201 2176 1330 2252 periculo
1356 2176 1474 2250 sapiens
1489 2194 1520 2236 se
1534 2176 1654 2253 corrigit
1668 2180 1698 2235 et
1719 2191 1822 2233 emen·

996 2266 1054 2322 dat.

1031 2356 1151 2413 Frustra
1165 2372 1217 2429 pro
1234 2356 1329 2414 salute
1343 2355 1474 2430 corporis
1485 2355 1645 2423 laboratur,
1658 2354 1717 2412 nisi
1729 2352 1821 2412 simul

996 2444 1100 2501 anima
1116 2443 1198 2502 salus
1211 2445 1386 2502 obtineatur.

1031 2535 1153 2592 Fallitur
1167 2536 1336 2593 omnimodo
1351 2534 1402 2609 qui
1417 2551 1500 2609 spem
1524 2549 1608 2593 suam
1622 2533 1704 2608 ponit
1718 2533 1750 2590 in
1765 2532 1822 2590 ho·

996 2624 1076 2681 mine
1088 2623 1179 2689 velin
1195 2624 1250 2680 hoc
1265 2623 1382 2682 saeculo.

1032 2713 1126 2770 Facile
1150 2712 1271 2770 ostendit
1299 2714 1349 2786 qui
1375 2730 1434 2771 ncn
1455 2711 1585 2787 optimis,
1601 2712 1653 2769 sed
1682 2709 1821 2786 pessimis

995 2802 1110 2876 placere
1124 2803 1214 2875 cupit.

1031 2891 1110 2949 Cuia
1135 2896 1163 2948 et
1186 2890 1306 2948 luxuria
1327 2892 1444 2949 deditus
1468 2893 1655 2964 eomparatur
1674 2888 1821 2963 jumentis

995 2980 1213 3053 insipientibus.

116 3070 212 3143 Impia
226 3086 348 3142 quaque
363 3069 485 3127 studens
505 3067 607 3140 nequit
621 3068 651 3123 in
665 3067 780 3124 Christo
796 3068 857 3125 fore
870 3084 940 3141 pru·
956 3102 978 3171 C
1031 3070 1123 3127 Grave
1137 3075 1182 3128 est
1196 3074 1348 3144 peccatum
1361 3071 1438 3127 unde
1453 3068 1560 3144 aliquis
1575 3069 1715 3143 peccandi
1729 3067 1823 3125 sumit

117 3158 234 3215 Invidiae
244 3156 352 3231 plenus
367 3173 455 3230 super
467 3172 570 3213 omnes
580 3159 674 3212 exstat
687 3171 807 3229 egenus.
846 3157 940 3228 [dens.
997 3158 1173 3233 exemplum.

117 3246 228 3304 Charoa
244 3263 331 3303 nemo
346 3263 416 3303 suos
431 3245 547 3303 Christo
562 3260 729 3319 preponere
743 3245 839 3302 debet.

115 3336 179 3392 Lux
192 3339 302 3392 aterna
315 3334 382 3407 piis,
398 3335 608 3392 tenebraesunt
621 3350 738 3407 semper
752 3334 874 3407 iniquis.

117 3425 245 3481 Lumhos
257 3422 409 3497 praecingit
424 3423 474 3496 qui
490 3424 587 3480 carnis
601 3427 669 3480 vota
684 3423 844 3497 restringit.

115 3513 221 3587 Magna
236 3515 318 3585 quies
334 3513 425 3569 animi
441 3511 532 3568 vitare
546 3512 662 3585 negotia
677 3512 790 3569 mundi.

118 3602 196 3658 Mars
211 3600 289 3657 mala
302 3601 447 3667 vincetur,
463 3601 488 3655 si
500 3599 612 3672 jugiter
627 3602 694 3656 ante
709 3601 840 3657 timetur.

117 3689 181 3746 Non
192 3689 300 3761 poterit
313 3689 371 3744 dici
385 3704 475 3759 quam
487 3687 581 3743 multa
592 3687 630 3743 sit
646 3704 694 3743 ars
711 3688 833 3745 inimici.

118 3777 159 3834 Ne
174 3769 288 3834 tardare
302 3776 385 3845 velis,
403 3776 428 3832 si
444 3791 532 3848 quem
548 3760 714 3832 convertere
728 3778 833 3850 possis.

114 3866 137 3923 0
152 3866 272 3940 quantis
286 3866 366 3922 curis
381 3882 466 3922 mens
481 3864 593 3939 indiget
607 3865 745 3923 omnibus
756 3866 856 3924 herisi

113 3955 264 4013 Orandum
280 3970 407 4026 semper,
423 3971 460 4011 ne
475 3953 653 4012 seducamur
669 3955 705 4011 ab
720 3953 815 4013 hoste.

114 4044 242 4101 Peccans
258 4043 390 4116 quotidie
405 4043 524 4099 studeat
537 4060 568 4100 se
584 4060 651 4100 mox
666 4060 812 4118 reparare.

1031 3249 1128 3306 Gratis
1143 3266 1160 3306 a
1171 3250 1227 3306 lieo
1238 3249 1308 3307 data
1319 3249 1511 3323 gratisetiam
1523 3251 1640 3307 suntab
1651 3247 1822 3306 hominibus

996 3338 1103 3395 danda.

1032 3428 1092 3485 lico
1106 3426 1203 3485 studio
1218 3428 1345 3485 converti
1363 3428 1488 3502 quisque
1501 3428 1588 3486 debet
1610 3427 1646 3484 ad
1671 3427 1749 3484 bona
1764 3441 1822 3499 quo

997 3520 1134 3590 operatus
1148 3521 1193 3574 est
1207 3517 1296 3574 mala.

1031 3605 1199 3662 Humiiibus
1214 3609 1243 3662 et
1256 3604 1394 3663 fidelibus
1405 3605 1511 3662 divina
1525 3605 1599 3680 legis
1613 3604 1755 3678 mysteria
1769 3620 1823 3678 pa·

996 3697 1076 3763 tent;
1093 3695 1236 3767 superbos
1251 3698 1349 3751 autern
1364 3699 1394 3752 et
1407 3693 1541 3754 infideles
1556 3695 1658 3752 latent.

1032 3782 1171 3839 Homines
1191 3781 1258 3855 plus
1279 3799 1368 3856 quam
1384 3784 1476 3840 Deum
1491 3784 1596 3840 timere
1619 3800 1678 3840 non
1692 3787 1738 3841 est
1752 3781 1821 3840 reli·

996 3870 1092 3944 gicnis
1103 3870 1285 3930 Christiana.

1031 3960 1128 4018 ilaeres
1143 3963 1170 4016 et
1185 3960 1370 4034 propinquus
1385 3964 1429 4018 est
1445 3960 1608 4035 spiritualis
1623 3959 1748 4017 amicus.

1032 4048 1112 4121 Ignis
1126 4048 1370 4122 concupiscentia
1385 4049 1511 4106 carnalis
1526 4054 1636 4122 quanto
1649 4048 1763 4106 diutius
1778 4065 1823 4106 ar-

116 4137 248 4207 Preeceps
262 4133 298 4190 ad
314 4133 407 4189 risum
423 4149 551 4205 praeceps
564 4148 680 4206 quoque
696 4134 788 4191 fertur
803 4135 839 4191 ad
854 4135 939 4193 iram.
996 4136 1065 4194 dere
1080 4136 1270 4210 permittitur,
1285 4142 1366 4195 tanto
1381 4137 1531 4196 difficilius
1546 4137 1753 4211 exstinguitur.

117 4225 210 4290 Quam
220 4223 395 4280 tenebrosus
406 4237 564 4295 amor,quo
574 4221 648 4280 lucis
658 4224 808 4296 spernitur
818 4225 939 4283 Auctorl
1032 4225 1192 4283 infirmitas
1217 4227 1314 4284 carnis
1337 4227 1362 4284 si
1391 4226 1535 4301 patienter
1564 4226 1756 4296 sustineatur,
1777 4229 1825 4283 esi

115 4314 263 4379 Quantum
279 4311 346 4385 plus
360 4311 457 4369 valeas
471 4315 588 4369 tantum
603 4313 777 4370 submittere
790 4312 916 4372 Christo.

114 4402 190 4459 liara
204 4402 277 4459 fides
291 4401 405 4458 homini
417 4402 573 4458 tribuenda
584 4406 639 4474 est,
651 4418 703 4475 pro
716 4401 814 4460 dolor!
830 4404 921 4461 omni.

995 4314 1081 4388 quasi
1095 4315 1284 4389 purgatorius
1298 4316 1386 4389 ignis.

1032 4405 1138 4462 iuveni
1150 4405 1193 4460 nil
1208 4405 1304 4478 magia
1318 4404 1439 4462 noxium
1455 4405 1603 4463 invenitur
1616 4420 1707 4478 quam
1723 4408 1758 4462 ut
1771 4419 1826 4461 vo·

111 4492 173 4550 lien
188 4491 257 4566 pius
272 4494 300 4548 et
311 4491 413 4563 justus
429 4490 529 4547 studet
543 4491 599 4548 hoc
614 4491 692 4563 quod
711 4490 819 4548 dicitnr
832 4509 906 4551 esse.
958 4473 1141 4552 Dluntatem
1157 4494 1306 4567 propriam
1321 4499 1472 4568 sequatur.

113 4581 143 4638 Si
163 4581 207 4639 vis
230 4580 347 4651 salvari,
365 4579 405 4636 nil
429 4579 498 4637 hnic
523 4580 591 4652 [cod.
609 4580 687 4637 Cruc.
704 4581 783 4653 hinc]
806 4597 943 4656 praepcns
1033 4584 1175 4657 injuriam
1197 4599 1336 4657 magnam
1350 4583 1478 4642 Creatori
1497 4585 1567 4641 faoit
1581 4584 1632 4657 qui
1658 4586 1824 4640 creaturam

829 4670 940 4741 [saluti.
997 4671 1090 4729 ullam
1104 4672 1172 4745 plus
1186 4689 1276 4744 quam
1291 4671 1376 4729 iilum
1391 4673 1497 4746 diligit.

89 4821 92 4831 Δ
118 4758 941 4835 Sapebonumcupimnsqucdmoxnosnolleprcbamue,

104 4848 254 4904 'Terrenis
267 4848 385 4907 inhians
400 4849 447 4905 vix
463 4848 627 4921 spiritualia
641 4848 742 4906 credit.

117 4937 158 4993 'l'e
172 4936 274 4993 iesum
290 4937 384 5008 crede,
397 4953 465 4993 cum
480 4937 577 4993 cernis
592 4954 739 5011 quemque
756 4937 863 4997 dolere.

115 5023 257 5081 Utilitatis
274 5040 357 5081 arnor
371 5025 428 5080 cito
444 5025 547 5081 suadet
563 5025 633 5096 quid
650 5026 689 5082 sil
703 5028 860 5101 agendum.

115 5113 152 5171 ut
166 5113 242 5187 lapis
258 5113 356 5171 omnis
371 5112 471 5180 hamc,
488 5113 546 5170 nisi
562 5112 660 5172 mollis
675 5120 779 5188 agatur
793 5118 829 5174 ab
845 5116 914 5176 alto.

115 5203 166 5261 Vis
181 5204 284 5277 ingens
299 5202 391 5258 animi
407 5200 520 5257 nullius
535 5201 621 5258 lauda
635 5203 756 5259 moveri.

1032 4761 1141 4819 Laudis
1156 4761 1292 4819 humana
1308 4763 1410 4820 avidus
1430 4762 1535 4822 divinas
1559 4760 1764 4819 retributionis
1778 4775 1824 4817 re·

997 4850 1077 4924 spuit
1091 4867 1210 4908 munus.

1032 4940 1130 5015 Longo
1146 4957 1201 4996 usu
1213 4940 1387 4998 discendum
1400 4943 1445 4997 est
1459 4941 1577 5013 quando
1587 4939 1726 5012 cuiquam
1741 4937 1826 5012 ioqui

997 5028 1041 5084 vel
1057 5033 1153 5086 tacere
1167 5028 1330 5086 conveniat.

1032 5117 1114 5174 Licet
1135 5117 1237 5175 multis
1260 5118 1319 5175 vita
1342 5122 1395 5175 tua
1417 5116 1540 5192 placeat,
1555 5117 1610 5174 tibi
1632 5115 1749 5191 placere
1763 5131 1824 5172 non

997 5206 1093 5263 debet.

152 5291 334 5365 Arrogantia,
352 5308 415 5365 que
444 5289 547 5347 divites
563 5291 592 5346 in
608 5291 714 5363 opibus
737 5293 860 5362 extollit,
877 5295 943 5370 ipsa
1032 5299 1182 5353 Latentem
1198 5297 1366 5370 superbiam
1382 5295 1423 5354 nil
1436 5297 1532 5371 magis
1546 5293 1715 5370 comprimit
1730 5308 1823 5368 quarn

119 5396 235 5454 quoque
249 5380 353 5437 divites
367 5379 398 5436 in
412 5379 509 5436 verbis
524 5380 686 5453 sepissime
700 5382 852 5440 subvertit.

997 5384 1084 5459 culpa
1102 5389 1215 5458 patens.

153 5470 252 5526 Ardua
262 5469 389 5527 scientia
397 5467 647 5527 dcnahumilitate
657 5468 939 5544 indigentmexima.
1032 5475 1127 5533 Mores
1148 5479 1176 5532 et
1200 5477 1471 5551 studiarectorum‚
1488 5474 1679 5552 esqualitate
1703 5471 1823 5550 conspi-

150 5561 241 5645 dmor
255 5558 355 5631 saculi
370 5562 556 5639 contemptus
567 5562 613 5627 eat
627 5557 688 5643 Dei.

996 5563 1117 5634 ciuntur
1130 5565 1331 5631 subditorum.
