3884 6090
191 310 251 376 lib
695 316 868 384 unusual
889 318 1067 385 donnum
1089 320 1123 384 S.
1144 320 1391 387 nudandum
1836 318 1900 383 tto

193 448 321 521 aliquam
337 448 362 505 ei
375 448 576 522 poenitentiam
587 450 724 525 injunxit,
736 459 765 511 et
779 472 816 511 no
830 455 908 512 ultra
923 456 1017 528 proia-
1030 458 1059 526 Α
1074 455 1189 512 ιιὶιιιιιιιι
1199 456 1292 513 tristis
1308 455 1458 524 etdolens,
1469 453 1540 528 quid
1551 453 1682 512 lecturus
1695 452 1900 527 essetignosc-

193 554 264 593 num
292 536 365 594 illud
391 540 583 612 reciprocaret
606 544 739 609 verbum,
764 546 819 601 sub
845 545 1015 601 testimonio
1071 547 1131 602 bat.
1147 550 1238 603 Amor
1252 546 1330 601 enirn
1346 545 1435 602 simul
1460 550 1488 602 et
1512 544 1600 601 timor
1618 543 1897 617 compellebateum

192 625 301 682 Christi
316 632 345 683 et
359 629 415 684 sub
431 630 617 687 anathemate
631 632 790 690 interdixit.
1071 634 1204 691 celeriter
1219 634 1340 708 implere
1351 636 1448 707 jussa,
1464 635 1515 690 sed
1537 633 1679 707 implendi
1695 632 1820 691 facultas
1833 638 1900 691 erat

227 717 271 771 20.
288 717 367 773 Inter
377 722 459 774 tanta
469 719 585 791 pietatis
597 722 818 779 studiavidetur
829 725 1016 796 pandendum
1071 723 1173 792 nnlla;
1194 725 1263 796 quia
1278 741 1331 781 nec
1348 725 1460 797 apesin
1475 723 1587 780 caballo
1602 722 1693 780 altero
1709 723 1897 797 requirendo,

192 805 262 876 qaid
278 807 368 862 etiam
383 808 513 865 famulus
526 811 574 865 liei
590 812 682 884 egerit
696 830 785 885 super
798 820 884 885 gente
895 820 1016 871 Poemo·
1072 830 1124 869 nec
1134 814 1210 869 viros
1222 814 1345 880 lucrant,
1358 819 1388 868 ut
1399 818 1482 869 tanta
1491 812 1642 869 velocitate
1653 812 1826 885 legationem
1838 812 1898 869 sibi

191 911 258 950 runa
273 896 305 948 ¹¹³.
334 900 399 952 llaec
426 916 553 970 narisque
576 916 647 971 gens
673 903 784 959 noviter
809 920 860 976 per
878 904 1016 959 Christis·
1071 902 1900 975 indictamporliccrepossetambulando.Prrctereaterra

191 1000 260 1039 nom
276 984 389 1042 imbute
404 988 491 1044 ladem
507 996 568 1059 (aa.
584 989 660 1059 973),
677 992 820 1065 sacrilega
844 993 932 1063 idola,
950 993 1017 1048 licet
1072 992 1166 1047 imbre
1178 996 1245 1047 tuno
1260 991 1348 1047 nimis
1359 991 1489 1063 irrigato,
1502 990 1593 1063 pediti
1604 991 1900 1064 itincropraebuitio·

191 1073 303 1145 tepide,
333 1076 456 1147 abjecit:
486 1079 536 1133 sed
565 1082 712 1150 quomodo
745 1081 918 1137 catholicam
952 1098 1016 1137 axe-
1070 1086 1161 1151 grain.
1174 1081 1349 1152 liujusnrodi
1364 1081 1454 1153 igitur
1467 1080 1612 1153 angustiis
1623 1080 1794 1153 aliquandiu
1810 1079 1898 1137 horsi·

193 1169 332 1234 queretur
346 1166 526 1239 religionem,
539 1168 678 1239 quoniam
689 1171 784 1226 caruit
799 1176 923 1243 pastore,
939 1188 1018 1243 pror·
1071 1174 1137 1225 tans
1150 1171 1220 1242 aquid
1232 1172 1348 1241 laceret,
1360 1171 1478 1225 tandem
1489 1170 1618 1225 conlisus
1633 1168 1663 1225 in
1675 1168 1798 1227 Domino
1808 1168 1899 1243 elegit

192 1267 244 1307 sus
260 1251 412 1323 Ignoravit.
429 1258 466 1310 At
480 1257 595 1313 medius
615 1263 681 1313 litto
703 1260 807 1327 Cesar,
825 1259 928 1315 divina¹
953 1257 1017 1313 cal·
1073 1265 1105 1315 ui
1116 1259 1295 1315 ambulando
1306 1261 1393 1330 jussa
1404 1262 1564 1332 perficeret.
1576 1260 1708 1331 Cumque
1719 1259 1749 1315 in
1760 1264 1844 1315 nocte
1856 1263 1899 1316 te·

192 1342 239 1394 tor
254 1342 419 1414 praecipuas
434 1343 595 1417 roligionis,
612 1364 629 1403 a
651 1347 779 1420 glorioso
794 1350 867 1403 duce
884 1348 1017 1404 lleiarico
1073 1350 1198 1404 aebrosa
1212 1349 1269 1404 buo
1285 1348 1414 1420 illucque
1428 1348 1653 1420 progrederetur
1666 1352 1695 1404 et
1710 1347 1739 1403 in
1754 1348 1801 1405 via
1814 1347 1897 1405 lutu-

193 1430 358 1503 ceterisque
373 1433 509 1491 lldohbus
519 1440 564 1491 est
577 1435 791 1508 interpellatus,
803 1443 836 1493 ut
850 1438 928 1509 quod
939 1438 1017 1509 apud
1073 1437 1152 1494 lenta
1167 1438 1274 1510 sepius
1287 1438 1443 1505 laberetur,
1460 1437 1586 1494 clamare
1601 1437 1688 1509 ompit
1703 1455 1709 1493 :
1729 1460 1740 1487 ι
1758 1438 1897 1494 Miserere

193 1516 287 1590 ipsum
303 1528 419 1591 gentem
437 1522 606 1580 inchoatum
620 1530 706 1591 osset,
720 1544 771 1598 pro
787 1527 902 1582 Domini
919 1542 1018 1581 aurore
1074 1527 1145 1582 mihi
1158 1529 1191 1594 ⁸³,
1209 1528 1337 1595 Dorrrinc,
1356 1528 1493 1583 miserere
1509 1526 1582 1582 mibi
1595 1526 1627 1595 ⁸³,
1643 1532 1672 1581 et
1686 1530 1730 1594 tu,
1743 1525 1785 1581 mi
1799 1526 1899 1583 senior

192 1607 283 1679 regali
300 1615 442 1680 potestate
459 1620 617 1686 perageret.
629 1614 749 1671 Talibus
765 1614 856 1688 igitur
870 1616 1017 1688 petitioni·
1072 1615 1257 1687 Wollhauge‚
1270 1616 1434 1681 attondens,
1446 1620 1592 1686 quantum
1607 1614 1736 1671 laborem
1748 1615 1832 1671 niodo
1849 1631 1900 1687 pe·

193 1696 249 1752 bus
260 1703 356 1754 Gaesar
369 1698 493 1757 libenter
503 1719 656 1759 assensum
673 1705 862 1776 prebuitSod
879 1706 1017 1776 quoniam
1072 1705 1138 1773 tior,
1151 1722 1203 1777 per
1216 1709 1267 1760 tua
1277 1706 1364 1776 jussa
1378 1704 1570 1760 discurrendo
1583 1708 1612 1760 et
1627 1703 1761 1760 labendo.
1779 1726 1792 1754 a
1808 1704 1900 1761 Cum·

192 1784 311 1843 l’oemia
322 1790 470 1859 provincia
479 1792 534 1846 sub
546 1791 769 1863 Ratisponensis
779 1793 907 1849 ecclesie
922 1810 1017 1866 parro·
1073 1810 1129 1866 que
1144 1794 1205 1850 hacc
1216 1794 1394 1866 aliquotiens
1404 1793 1607 1865 gemebundus
1620 1792 1738 1862 diceret,
1751 1792 1901 1865 prospexit

193 1874 259 1931 chia
275 1877 379 1943 extitit,
391 1880 489 1951 peragi
505 1896 563 1935 non
579 1881 685 1951 potuit,
698 1881 754 1936 nisi
771 1882 865 1954 ipsius
879 1883 1020 1938 antistitis
1074 1884 1241 1940 remurinus
1256 1883 1401 1939 caballum
1415 1883 1573 1955 quemdam
1589 1899 1656 1939 cum
1671 1883 1753 1938 lreno
1767 1882 1901 1954 sellaque

193 1963 339 2035 pracsidio.
352 1966 432 2023 Unde
448 1986 507 2034 rcx,
520 1968 664 2041 legatione
681 1970 772 2027 missa
787 1972 822 2026 ad
836 1972 1018 2045 episcopum,
1074 1974 1209 2044 imposita
1218 1972 1744 2029 asstarehrbitratusautemeundem
1751 1969 1899 2027 caballum

193 2052 276 2125 petiit
288 2060 329 2124 ut,
343 2057 468 2129 acceptis
485 2076 536 2131 pro
550 2060 703 2131 parrochia
717 2061 844 2132 prediis,
859 2062 888 2116 in
903 2061 1020 2117 Pocrnia
1074 2079 1132 2118 non
1148 2063 1210 2118 sino
1226 2062 1324 2134 aliquo
1336 2076 1506 2118 asscensore
1522 2061 1629 2117 ibidem
1643 2060 1827 2128 commorari,
1839 2078 1899 2117 om·

193 2142 249 2197 sihi
259 2141 883 2220 liceretepiscopatumeilicere.Tuncv·ir[)oi
893 2151 1018 2205 niarium
1074 2151 1295 2224 pitdiligentius
1309 2151 1426 2216 intueri,
1436 2151 1460 2206 si
1473 2150 1799 2222 quissortecujusessct
1808 2166 1901 2221 prope

192 2230 344 2290 letatusin
360 2235 479 2309 hisquae
490 2237 643 2294 dictasunt
653 2238 945 2311 aibi‚pri1natossuos
954 2256 1021 2295 oon·
1075 2237 1901 2313 maneret,paritorquevociferansinterrogavit,siuliquis

192 2324 314 2390 vocavit,
323 2326 480 2397 exquirens
490 2328 526 2383 ab
536 2328 578 2384 eis
587 2327 1019 2401 consilium,quomodonsari
1073 2328 1113 2384 ibi
1123 2330 1265 2393 assit,sed
1278 2327 1328 2384 illo
1337 2330 1386 2384 diu
1398 2329 1573 2384 vociferante
1581 2333 1609 2384 et
1618 2327 1822 2401 interrogante,
1831 2342 1902 2383 eum

193 2412 368 2468 conveniens
386 2415 519 2471 redderet
534 2432 719 2488 responsum.
733 2416 793 2474 lllis
805 2424 902 2473 autem
918 2434 955 2473 no
971 2434 1019 2490 pe·
1074 2418 1175 2475 nullus
1200 2418 1391 2490 responderet
1412 2416 1456 2473 vel
1482 2417 1607 2485 adesset,
1623 2417 1771 2473 asscendit
1797 2416 1904 2489 ipsum

192 2498 289 2555 titioni
314 2500 366 2556 tali
390 2505 569 2560 consentiret
590 2505 769 2563 unanimiter
782 2506 1018 2573 consiliantibus,
1073 2524 1194 2580 equum,
1211 2507 1400 2579 implevitque
1415 2505 1526 2563 domini
1541 2506 1588 2561 sui
1610 2512 1795 2580 preceptum.
1811 2505 1905 2562 Facta

193 2587 262 2643 dixit
278 2605 284 2644 :
304 2591 453 2647 Pretioeam
468 2594 556 2661 igitar
570 2596 747 2665 margaritam
762 2597 812 2650 acb
826 2596 966 2667 praedictae
980 2597 1020 2651 lc·
1073 2597 1237 2663 autemdie,
1247 2595 1569 2668 multisquequivocati
1580 2600 1649 2651 sunt
1660 2594 1906 2652 adconlirmatio·

193 2680 295 2733 tentem
303 2681 456 2749 prouinciae
466 2686 539 2737 terra
549 2685 743 2755 conspicimus,
755 2702 838 2756 quam
850 2687 881 2740 ai
896 2687 1019 2741 recidito·
1073 2703 1139 2742 nem
1148 2686 1279 2743 invirum
1287 2684 1904 2756 supradictumconvenientibue,inventum

192 2782 256 2821 ram
278 2771 481 2839 coraparatione
504 2788 597 2827 reruni
624 2789 678 2829 aon
702 2775 883 2845 acquirimur.
905 2774 1020 2846 Ideoque
1072 2793 1182 2848 equum
1192 2775 1307 2849 legatus
1317 2775 1424 2831 obtulit
1434 2791 1532 2831 coram
1541 2774 1854 2846 omnibus,exquirens
1864 2774 1904 2831 ab

192 2854 288 2912 cadite
302 2872 366 2928 que
379 2858 449 2915 dico.
462 2861 529 2916 hsce
543 2877 591 2932 eqo
605 2878 651 2917 me
664 2879 778 2937 mecpire
792 2864 887 2919 omnic
902 2864 1020 2920 liberarer
1072 2865 1115 2921 eis
1127 2864 1292 2938 diligenter,
1305 2865 1391 2935 cujus
1403 2864 1482 2920 idem
1493 2865 1566 2920 loret
1576 2880 1679 2937 equus.
1689 2863 1902 2921 Verumtamen

194 2945 331 3015 torpendo,
349 2956 379 3002 nt
394 2948 543 3004 itidemne
560 2953 675 3007 Domini
686 2968 736 3024 per
748 2953 951 3009 corroboratum
965 2954 1018 3008 aci·
1073 2971 1125 3010 nec
1138 2956 1239 3010 tunc⁸⁶
1253 2970 1307 3010 neo
1323 2960 1424 3026 postea
1437 2953 1573 3010 inventus
1588 2958 1632 3010 est
1647 2952 1738 3020 ullus,
1752 2950 1804 3024 qui
1819 2950 1902 3009 buno

194 3032 258 3089 licet
268 3035 410 3092 ecelesiam
419 3037 591 3095 stabiliatur.
605 3041 668 3096 itae
680 3057 749 3114 orgo
761 3058 938 3113 memorans,
949 3058 1017 3097 con·
1073 3044 1182 3100 diceret
1196 3060 1260 3099 esse
1275 3044 1419 3099 suumllx
1433 3060 1493 3115 qus
1507 3060 1537 3099 re
1552 3047 1580 3099 et
1595 3042 1710 3116 legatus
1724 3041 1788 3115 ipse
1802 3044 1834 3097 et
1848 3040 1903 3097 alii

193 3136 351 3179 sonsurum
376 3142 407 3182 sc
429 3128 534 3183 Caesari
548 3130 740 3185 remandavit.
757 3133 887 3203 Cumque
902 3137 1018 3203 tempus
1073 3132 1248 3200 sentiebant,
1264 3137 1405 3203 quantam
1421 3132 1546 3204 gratiam
1562 3132 1639 3188 Dens
1655 3136 1754 3187 sancto
1780 3128 1902 3203 presoli

193 3214 351 3285 peragendi
363 3216 527 3272 concambii
541 3219 677 3289 venisset,
689 3224 771 3275 tanta
785 3220 856 3275 lavit
866 3220 1016 3278 alacritate
1031 3207 1052 3276 C
1072 3221 1247 3295 Wallkango
1258 3221 1444 3298 concesserit,
1457 3220 1508 3292 qai
1524 3238 1556 3277 so
1566 3221 1733 3277 invocantes
1747 3219 1837 3277 etiam
1848 3219 1903 3277 ab·

193 3304 227 3356 ut
240 3301 303 3373 ipse
317 3303 503 3378 privilegium
516 3312 712 3380 componeret.
1072 3326 1140 3367 sens
1156 3312 1294 3382 adjuvare
1313 3310 1451 3383 potuerit.

227 3390 272 3447 30.
288 3392 343 3449 Sed
364 3410 459 3466 aeque
482 3396 537 3453 boo
561 3397 694 3466 silemus,
711 3398 778 3472 quia
794 3399 950 3472 aliquando
966 3416 1018 3472 per
1108 3401 1152 3455 32,
1166 3400 1239 3455 Cum
1249 3398 1832 3471 Gasartlttomedius,propteriujuriam
1843 3396 1906 3455 sibi

190 3480 349 3553 prophetia
360 3483 497 3557 spiritum
507 3502 541 3541 ea
552 3503 616 3559 qum
626 3493 747 3544 ventura
758 3489 934 3561 orantquaai
948 3506 1018 3561 pras·
1072 3489 1178 3544 iactam
1194 3488 1372 3544 Francorum
1388 3492 1485 3559 partes
1509 3488 1650 3544 invadens
1673 3486 1774 3544 hostili
1798 3502 1905 3557 manu,

190 3568 286 3626 sentia
294 3570 376 3628 vidit.
388 3575 469 3639 Quod
481 3575 608 3631 maxime
618 3576 647 3631 in
661 3578 845 3649 provectibus
855 3577 1016 3635 liberorum
1072 3594 1167 3650 usquo
1183 3577 1329 3634 l'arisium
1354 3576 1517 3649 perveniret
1531 3578 1590 3649 (cn.
1605 3577 1679 3649 378),
1696 3577 1726 3632 iu
1752 3576 1907 3633 Monada

191 3660 330 3733 precipui
343 3661 561 3719 ducisHeinrici
574 3666 923 3736 patescit.Cu1neni1nad
936 3684 1015 3739 eum,
1069 3672 1188 3723 venerat
1203 3668 1240 3723 ad
1257 3666 1404 3738 quendam
1421 3666 1543 3722 lluvium
1558 3668 1627 3735 (77),
1643 3666 1689 3723 sui
1713 3663 1905 3739 crepidinem

191 3748 269 3805 sicut
293 3768 369 3823 saepe
392 3751 515 3818 solebat,
531 3769 620 3809 causa
635 3754 845 3811 benedictionis
860 3756 1019 3814 duceretur
1071 3755 1144 3812 alvei
1159 3755 1393 3812 tumescentibus
1404 3755 1491 3811 undis
1500 3760 1719 3827 exuperantem.
1731 3752 1834 3811 Multis
1848 3772 1906 3811 au·

192 3838 411 3908 speciosissima
427 3839 507 3896 illius
522 3842 629 3913 proles,
645 3843 826 3913 Heinrioum,
843 3846 893 3917 qui
917 3853 1018 3919 postea
1072 3851 1132 3901 torn
1143 3844 1183 3899 ibi
1196 3843 1430 3917 periclitantibus
1439 3845 1566 3901 civitam
1575 3845 1604 3900 in
1614 3843 1904 3918 aquapendentibus,

191 3923 242 3979 Dci
268 3930 339 3980 autu
366 3943 415 3982 rea
441 3932 486 3983 est
510 3929 642 3996 allectus,
659 3933 876 4003 prenominavit
898 3950 1015 4008 regem;
1072 3932 1905 4007 verusDeicultoroumsuisappropinquavit,vidensque

191 4012 312 4069 fratrem
327 4030 394 4070 voro
408 4017 473 4085 qius
486 4022 651 4075 Brunonem
667 4020 822 4093 appellavit
837 4023 1016 4093 antistitem
1073 4028 1132 4080 tom
1145 4023 1250 4096 ingens
1261 4021 1438 4095 periculum,
1448 4022 1574 4095 respexit
1584 4022 1614 4078 in
1625 4021 1768 4079 coelumot
1779 4036 1811 4079 ee
1820 4038 1906 4080 suos

192 4117 323 4157 sororem
349 4119 445 4159 eorem
470 4108 610 4177 majorem
630 4110 701 4181 (i-l‘)
728 4111 869 4183 reginam,
896 4112 1016 4170 alteram
1072 4128 1130 4184 que
1144 4111 1270 4167 fideliter
1291 4112 1479 4180 benedicens,
1496 4112 1594 4184 ipsum
1618 4110 1764 4184 intrepide
1787 4110 1907 4167 monuit

192 4194 301 4261 autem,
318 4207 406 4262 quam
423 4195 579 4267 baptizavit
600 4203 629 4253 et
645 4198 680 4255 da
696 4215 779 4256 sacro
796 4204 873 4257 l'ontc
888 4201 1019 4273 suscepit
1073 4200 1199 4256 transire
1214 4199 1347 4255 lluvium.
1359 4199 1465 4255 Adhuc
1479 4216 1546 4256 vero
1561 4199 1619 4255 illis
1636 4216 1693 4272 praa
1707 4199 1816 4256 timore
1829 4214 1906 4256 cun·

190 4278 373 4337 abbatissam
390 4285 570 4357 nuncupavit
585 4288 650 4360 (75).
676 4292 743 4344 nac
758 4288 856 4361 itaque
876 4298 905 4346 et
925 4290 1018 4346 nrulta
1072 4289 1397 4359 ctuntibus,etFroncis
1409 4305 1426 4344 a
1438 4294 1518 4362 tergo
1529 4289 1634 4346 aeriter
1646 4288 1905 4363 impugnantibus,

191 4366 259 4436 alia,
271 4387 334 4442 quie
345 4387 379 4427 ex
389 4389 438 4429 ore
450 4374 515 4444 ejus
525 4375 704 4445 audivimus,
713 4377 790 4434 sicut
800 4378 862 4451 ipse
873 4379 1016 4457 praedixit,
1073 4376 1122 4433 ille
1138 4376 1254 4449 primus
1270 4378 1315 4432 sui
1329 4376 1487 4433 comitatus
1502 4393 1553 4449 per
1566 4393 1673 4433 nomon
1683 4374 1815 4446 Domini,
1825 4374 1905 4450 quod

192 4456 313 4531 impleta
325 4463 484 4520 cernimus.
1073 4482 1194 4538 semper
1209 4466 1238 4520 iu
1255 4482 1303 4522 ore
1318 4466 1427 4537 sonuit,
1441 4465 1561 4522 havium
1578 4466 1907 4541 transiens,ssqnoutee

227 4550 272 4604 31.
290 4548 354 4607 illio
369 4568 486 4625 quoque
501 4557 633 4628 tempore
649 4573 716 4612 oum
732 4557 810 4613 idem
825 4556 1017 4614 beatusWol·
1034 4579 1058 4645 D
1074 4555 1269 4629 prosperavit,
1287 4554 1448 4627 nullusque
1462 4572 1584 4611 suorum
1600 4555 1760 4628 quicquam
1782 4552 1907 4629 periculi

190 4639 319 4711 lhangus
335 4640 475 4699 inclinato
487 4644 550 4715 jam
562 4645 608 4701 dio
624 4645 653 4701 in
669 4646 765 4703 vicum
780 4646 908 4703 venisset
918 4662 1019 4719 quem·
1074 4645 1228 4703 sustinuit.
1236 4646 1319 4701 'l'uno
1327 4662 1429 4701 omnes
1441 4660 1498 4716 prro
1507 4644 1763 4718 gandiomireutes
1772 4642 1907 4703 etDoml·

190 4728 1019 4809 dam,qaivuigongilolteahainr(sejudicitualegatario
1076 4732 1907 4809 numlaudantes,virhumillimus,nepromiraculoboe

190 4815 308 4871 cuidam
317 4818 420 4887 jussit,
430 4826 463 4875 ut
473 4820 504 4877 in
517 4822 564 4878 die
578 4826 712 4895 sequenti
722 4842 825 4883 omnes
836 4826 1020 4898 circumque·
1075 4840 1143 4881 eum
1160 4822 1354 4895 publicarent,
1371 4821 1475 4879 obnixe
1493 4823 1614 4897 rogavit.

190 4920 247 4975 quo
262 4904 439 4971 habitantes,
456 4910 506 4981 qui
533 4928 606 4983 opus
629 4913 771 4971 haberent
785 4914 1018 4982 confirmatione,
1111 4914 1155 4967 33.
1173 4910 1257 4969 Alius
1271 4913 1335 4984 ejus
1352 4911 1487 4968 mirabile
1503 4912 1624 4979 sactum,
1639 4916 1672 4968 ut
1686 4910 1815 4984 subjecti
1829 4930 1908 4987 praa·

189 4992 365 5063 ‹quantocius
375 4996 474 5053 venire
485 4997 645 5057 intimaret.
655 5002 709 5065 Qui
718 5002 877 5077 legatarius
887 5020 954 5058 mox
967 5002 1020 5058 im·
1075 5001 1181 5075 positis
1205 5001 1387 5073 subjaceant,
1412 5001 1527 5058 videtur
1548 4999 1748 5059 inserendum.
1769 5002 1908 5071 Quadam

188 5080 268 5155 plere
279 5082 366 5155 jussa
381 5086 514 5159 cupiens,
526 5094 555 5144 ot
570 5090 604 5145 ad
622 5106 730 5162 equum
747 5092 939 5149 sternendum
955 5109 1020 5149 our·
1076 5107 1204 5162 namque
1215 5092 1273 5161 die,
1282 5106 1349 5148 eum
1360 5090 1396 5147 de
1406 5090 1515 5161 divino,
1525 5095 1559 5147 ut
1566 5090 1670 5148 solitus
1683 5094 1755 5159 erat,
1762 5090 1911 5168 religione

188 5187 257 5229 rens
269 5173 378 5245 reperit
388 5191 456 5231 eum
468 5177 569 5234 furtim
581 5177 637 5235 sibi
648 5179 809 5238 sublatum.
823 5182 1021 5249 Quamobrem
1076 5179 1242 5237 necessaria
1251 5180 1387 5254 quaedam
1397 5184 1536 5239 tractaret
1544 5196 1613 5239 oum
1624 5179 1737 5238 clericis
1748 5180 1828 5255 suis,
1840 5180 1912 5256 qul·-

869 5278 991 5337 VAltlAE
1011 5277 1217 5335 ananiense.

222 5360 245 5397 ⁸⁸
261 5364 445 5435 poemiorum
459 5369 487 5421 2.
524 5365 548 5402 ⁸⁸
562 5365 775 5439 egilolleeheim
789 5386 863 5427 corr.
880 5366 1072 5441 egioliesbsm
1086 5369 1115 5425 2.
1152 5366 1289 5425 ⁸⁸m0i2.
1326 5369 1349 5406 ⁸⁸
1363 5385 1442 5427 auae
1456 5371 1483 5427 1.

983 5467 1100 5525 NOTAE.

231 5530 289 5599 7l')
304 5531 443 5615 diaetam.
1103 5538 1162 5611 (77)
1175 5540 1327 5611 Axonam
1343 5557 1370 5615 v,
1386 5540 1503 5602 Richer.
1516 5559 1559 5611 ur,
1573 5541 1620 5615 77,
1631 5540 1774 5601 balderici
1787 5542 1910 5605 Chaon.

230 5602 278 5749 333
292 5603 555 5751 ssgogflffiupm
569 5627 595 5667 c.
612 5610 645 5666 17
660 5614 864 5671 memoratam.
1068 5607 1152 5668 Gum-
1168 5628 1189 5683 1,
1204 5612 1249 5668 97.
