3892 6096
120 372 1825 427 Ἣ

1451 428 1824 449 Μ

800 592 881 642 abito
902 592 1015 642 bouill!
1029 594 1149 641 llxxlll

654 757 1302 891 OTHLONUS

335 980 546 1039 ranserias
563 982 611 1039 ΕΤ
629 980 820 1041 eleuterius
840 980 1001 1039 coenobii
1019 982 1048 1038 S.
1070 980 1293 1040 aduenarum
1312 982 1606 1043 tarraconensis,

508 1242 581 1329 oe
616 1243 750 1329 vum
788 1243 861 1329 m
894 1242 1147 1333 scalaris
1183 1243 1445 1335 ormnem

705 1428 1239 1588 DISQUISITIO.

245 1661 342 1734 (Apud
358 1661 392 1718 a.
408 1661 440 1717 P.
456 1660 638 1717 Bernsrdum
658 1659 785 1733 Panium,
801 1662 964 1718 dissertatio
979 1663 1117 1734 &caepim
1130 1664 1161 1717 in
1176 1670 1240 1719 min.
1256 1664 1295 1719 lll
1312 1664 1441 1721 lteeoari
1453 1665 1564 1734 Aoecd,
1580 1680 1646 1740 pag.
1661 1667 1703 1740 rr.)

160 1948 217 2005 lies
231 1945 349 2004 Otbloni
364 1944 407 2001 vel
423 1943 540 2003 Otblohi
562 1945 640 2018 apud
667 1945 821 2017 plerosque
848 1960 948 2002 recen·
962 1949 991 2015 Α
1006 1968 1020 1997 u
1038 1945 1828 2027 antesolitumtempusdiscendisinejussumaglettl,

121 2039 223 2105 tiores,
239 2041 408 2092 Browerum
424 2038 573 2108 putamus,
587 2032 746 2099 Oudinum,
757 2033 883 2103 Piaium,
893 2032 952 2092 tra-
1008 2059 1019 2086 u
1038 2039 1129 2092 artem
1146 2035 1257 2093 discere
1272 2037 1429 2093 scribendi.
1451 2038 1567 2097 Furtivo
1579 2041 1657 2097 anim
1669 2045 1698 2099 et
1710 2042 1828 2102 insolito

122 2126 279 2184 billonium
295 2123 437 2196 aliosque,
454 2126 597 2196 quotquot
612 2124 676 2194 ejus
692 2120 952 2195 mentioneminje-
1007 2146 1021 2175 u
1037 2125 1134 2194 modo,
1152 2141 1204 2181 nec
1220 2141 1278 2181 non
1291 2126 1355 2183 sine
1370 2127 1490 2183 docento
1503 2127 1588 2185 nisus
1606 2138 1673 2186 sum
1693 2130 1829 2189 eamdem

124 2218 237 2285 cerunt,
251 2212 468 2271 obscurissima
484 2215 563 2280 sunt,
580 2211 648 2268 licet
662 2227 711 2268 eas
724 2212 787 2283 ipse
807 2209 953 2268 Othlonus
1010 2216 1128 2269 «artem
1143 2212 1288 2269 scribendi
1304 2213 1531 2287 apprehendere.
1543 2215 1605 2280 Qua
1621 2218 1697 2275 dere
1707 2219 1831 2295 contigit

124 2300 809 2376 amplissimecandidissimequeperscriptasad
821 2304 952 2372 posteros
1007 2320 1022 2351 κ
1037 2306 1070 2356 nt
1084 2316 1209 2373 pennam
1224 2302 1259 2357 ad
1276 2302 1465 2359 scribendum
1481 2303 1591 2362 inrecto
1619 2320 1676 2363 usu
1705 2308 1830 2367 retinere

122 2391 332 2449 transmiserit.
349 2388 451 2446 Paucis
461 2388 562 2446 omnia
571 2387 794 2461 complectimur
807 2404 815 2443 ε
828 2387 877 2445 ille
889 2387 953 2461 ipse
1007 2411 1022 2440 u
1038 2404 1272 2456 consuescerem,
1287 2406 1340 2446 neo
1354 2396 1455 2469 postea
1469 2392 1505 2447 ab
1522 2392 1581 2449 ullo
1596 2394 1718 2452 docente
1742 2410 1831 2471 super

124 2485 295 2554 Anonymus
310 2477 544 2551 itatisponensis,
555 2478 641 2548 cujus
654 2477 886 2533 libellumdesuis
896 2480 954 2534 ten-
1007 2499 1022 2527 «
1038 2476 1092 2533 boc
1105 2478 1212 2550 corrigi
1224 2477 1361 2534 valerem.
1377 2478 1494 2535 Nimius
1510 2496 1638 2554 numque
1661 2500 1735 2541 usus
1763 2500 1830 2559 pro-

127 2570 287 2640 tutiom'bas,
302 2569 383 2624 uaria
395 2566 661 2638 {ortunaetocriptie
673 2565 800 2622 loannes
819 2562 951 2622 Mabillo-
1008 2588 1023 2617 u
1038 2565 1135 2621 hibuit
1149 2581 1196 2622 me
1211 2567 1375 2624 omendare.
1391 2568 1472 2632 Quod
1488 2584 1555 2626 cum
1575 2571 1706 2628 viderent
1720 2572 1830 2645 plures,

125 2660 192 2715 nius
207 2675 241 2715 ex
257 2658 357 2715 codice
373 2654 637 2712 ldmmerammenai
652 2654 683 2711 in
697 2658 777 2711 tomo
800 2653 953 2711 Analooto·
1008 2676 1023 2705 u
1039 2655 1175 2710 dixerunt
1188 2672 1290 2712 omnes
1306 2672 1458 2729 nunquam
1473 2674 1520 2714 me
1537 2659 1610 2716 bene
1638 2661 1830 2734 scripturum.

125 2761 304 2819 rumapag.
321 2743 531 2800 ldlinluoem
545 2742 831 2810 extulithicnoster
852 2740 953 2799 Otblo·
1010 2763 1023 2793 l
1038 2742 1094 2798 Sed
1108 2742 1193 2799 aliter
1206 2745 1303 2800 evenit
1316 2761 1351 2800 ex
1375 2745 1471 2817 gratia
1499 2746 1561 2813 Dei,
1590 2748 1667 2803 sicut
1695 2749 1833 2822 plurimis

126 2852 192 2906 nus,
209 2834 373 2891 monachus
388 2837 417 2890 et
436 2832 569 2889 Decanus
598 2832 761 2904 imperialia
783 2831 953 2889 monasterii
1011 2854 1022 2882 ι
1039 2833 1143 2887 notum
1156 2836 1209 2888 est.
1221 2832 1294 2888 Nam
1305 2848 1371 2888 oum
1385 2834 1415 2890 in
1426 2835 1550 2906 pueritia
1561 2835 1683 2909 ipsoque
1701 2840 1833 2912 tempore

125 2928 156 2980 S.
172 2922 383 2981 limmerammi
398 2922 462 2978 init.
480 2922 559 2978 idem
572 2921 699 2993 conjecit
715 2921 833 2994 quidem
845 2920 953 2977 acutis·
1010 2941 1024 2969 n
1041 2936 1098 2991 quo
1113 2918 1214 2975 tabula
1230 2919 1302 2975 mihi
1318 2921 1386 2977 data
1401 2925 1446 2978 est
1469 2938 1537 2978 oum
1565 2923 1631 2980 aliis
1657 2924 1766 2997 pueris,
1795 2926 1832 2983 sd

127 3012 221 3071 aimus
230 2996 785 3083 idabilloniusinAdmonitionepraevia
795 3009 831 3065 ad
842 3009 953 3065 dictum
1009 3029 1024 3058 «
1040 3008 1210 3065 distendam
1226 3008 1401 3082 scripturam
1426 3010 1540 3068 viderer
1564 3011 1675 3085 aliquid
1705 3015 1833 3073 scribens

126 3106 321 3176 anonymum,
338 3099 411 3156 nihil
427 3104 526 3156 tamen
546 3097 627 3156 certi'
647 3096 837 3171 pronuntiare
864 3113 955 3154 ausus
1012 3096 1319 3162 «nossamiraoulum
1330 3114 1387 3153 non
1399 3115 1521 3172 parvum
1532 3101 1643 3173 praebui
1654 3102 1831 3161 videntibus.

127 3196 180 3260 cst,
196 3208 255 3248 uon
269 3188 342 3247 visis
359 3189 508 3259 omnibus,
523 3204 587 3260 qua
602 3204 620 3243 a
636 3202 668 3244 se
683 3187 762 3244 edita
777 3186 867 3243 luisse
878 3200 955 3242 oom-
1009 3207 1023 3235 α
1039 3184 1149 3241 Deinde
1162 3200 1229 3242 vero
1245 3202 1302 3242 non
1319 3190 1384 3259 post
1399 3186 1519 3260 longum
1535 3193 1653 3263 tempas
1673 3195 1734 3247 tam
1758 3192 1833 3249 bene

127 3275 794 3351 memoratAnonymueppusoulis,prasertim
802 3276 955 3348 Diclopode
969 3322 993 3388 B
1009 3296 1024 3325 ι(
1040 3274 1167 3330 scribere
1181 3275 1266 3347 coepi,
1282 3279 1456 3348 tantumque
1470 3277 1606 3333 affectum
1618 3279 1654 3334 ad
1664 3278 1720 3336 hoc
1730 3278 1831 3348 habui,

126 3369 215 3425 tritus
243 3366 483 3439 uuaertionitruin
516 3381 574 3439 quo
600 3378 751 3438 personum
777 3370 806 3421 et
825 3369 955 3421 suamet
1010 3384 1024 3415 α
1040 3367 1115 3418 utet
1129 3363 1160 3418 in
1175 3362 1237 3418 loco
1253 3361 1316 3431 illo,
1332 3380 1389 3435 quo
1403 3363 1475 3420 talia
1489 3364 1586 3431 didici,
1603 3366 1632 3421 id
1647 3370 1693 3422 est
1715 3367 1746 3422 in
1774 3380 1831 3423 ooe·

123 3457 248 3513 Henrici
263 3455 396 3512 monachi
411 3453 570 3528 augiensis
583 3453 757 3527 patefecisse
780 3468 812 3510 so
841 3452 953 3509 scribit.
1009 3474 1024 3503 «
1040 3451 1126 3507 nobie
1142 3452 1303 3524 Tegernsee
1319 3451 1407 3517 dicto,
1424 3451 1532 3507 multos
1542 3451 1633 3510 libros
1644 3454 1831 3526 scripsissem

126 3546 186 3603 Sed
204 3559 300 3611 omne,
314 3545 338 3601 si
353 3543 430 3616 quod
445 3558 510 3599 esse
526 3542 630 3615 potuit,
657 3541 781 3598 dubium
809 3541 955 3597 sustulero
1010 3543 1068 3595 «et
1094 3539 1124 3595 in
1153 3538 1306 3596 Franciam
1335 3539 1515 3611 (Orientctem
1548 3557 1598 3597 eeu
1638 3543 1832 3619 Praeconium)

128 3635 186 3690 duo
200 3631 331 3706 insignes
347 3631 554 3689 manuexarati
569 3630 694 3701 codices,
707 3629 794 3686 ambo
809 3629 954 3702 quingen·
1008 3649 1024 3678 «
1039 3627 1200 3684 translatus
1214 3626 1309 3683 adhuc
1326 3642 1408 3699 puer,
1424 3628 1523 3700 ibique
1538 3627 1568 3683 in
1593 3632 1710 3686 tantum
1738 3630 1833 3690 multa

126 3728 225 3780 turum
239 3736 524 3793 annorum,quorum
536 3734 629 3775 unum
639 3718 671 3775 in
683 3716 860 3775 bibliotheca
870 3722 954 3774 bam·
1008 3738 1024 3767 «
1040 3716 1196 3773 scribendo
1210 3715 1401 3784 laborassem,
1413 3721 1446 3772 ut
1459 3717 1528 3773 inde
1541 3717 1658 3775 rediens
1677 3734 1752 3793 pene
1766 3720 1832 3779 usu

128 3810 246 3868 bucensi
263 3810 350 3879 in·l⁰,
365 3808 489 3865 alterurn
509 3807 539 3865 in
569 3807 808 3864 Senot-Grucsnsi
835 3805 954 3863 in-iolio
1008 3828 1023 3855 «
1040 3805 1169 3878 privatus
1180 3804 1313 3863 fuissem.
1324 3805 1515 3873 -Quaeideo,
1528 3828 1542 3855 >›
1554 3807 1708 3880 subjungit
1731 3807 1832 3866 Otblo·

128 3900 302 3973 reperimus,
318 3899 347 3954 in
364 3898 473 3970 quibus
486 3895 535 3954 ille
548 3896 695 3970 Dialogus,
706 3895 852 3969 expressis
862 3895 954 3953 intor·
1008 3910 1075 3960 nus,
1091 3915 1106 3944 «
1122 3894 1251 3966 proferre
1265 3894 1390 3963 decrevi,
1407 3899 1440 3950 ut
1467 3892 1583 3967 aliqum
1613 3896 1767 3954 incitarem
1794 3897 1833 3955 ad

126 3987 293 4044 locatorum
310 3987 490 4054 nominibus,
507 3984 624 4042 ilenrici
639 3983 952 4054 videliootetOthloni,
1008 4004 1023 4032 «
1039 3981 1166 4039 similem
1181 3982 1318 4039 allectum
1329 3981 1689 4058 laborandi,gratiamque
1703 3986 1833 4059 Dei,quos
1897 4032 1902 4039 .

125 4081 315 4134 conservatus
329 4079 385 4133 eet.
403 4074 439 4131 llt
450 4074 522 4131 adeo
537 4072 611 4129 nihil
634 4073 743 4130 certius
769 4088 833 4130 esse
860 4072 955 4145 possit
1011 4093 1022 4123 ι
1038 4075 1122 4127 tanta
1136 4070 1207 4126 mibi
1222 4071 1366 4128 beneflcio
1380 4071 1513 4143 prebuit,
1529 4072 1596 4129 aliis
1620 4090 1754 4143 narrans,
1781 4090 1831 4133 eos

126 4182 217 4239 quam
232 4167 420 4239 Anonymum
431 4162 514 4220 illum
526 4162 770 4236 Ratisponensem
783 4163 955 4220 Demutatio-
1008 4182 1023 4210 u
1037 4160 1074 4215 ad
1089 4159 1340 4232 magnificandam
1354 4160 1488 4217 eamdem
1503 4161 1627 4233 gratiam
1643 4162 1692 4219 Dei
1717 4178 1832 4222 meeum

126 4256 217 4325 nitus,
232 4256 310 4311 ouria
324 4256 438 4326 fortuna
464 4259 491 4308 et
519 4252 628 4324 ecrtptia
655 4253 713 4307 mie
742 4267 759 4306 a
787 4250 953 4308 blabillonio
1008 4270 1023 4300 «
1038 4248 1164 4305 traham.
1181 4270 1196 4299 n
1212 4249 1247 4304 ilt
1262 4249 1390 4320 prolecto
1405 4253 1450 4305 tot
1463 4248 1740 4323 voluminajuvenis
1763 4252 1833 4310 dili·

128 4343 409 4416 evulgatum,unum
419 4340 615 4413 eumdemque
625 4355 689 4396 esse
699 4338 953 4412 atqueOthlonum
1007 4337 1199 4411 gentiasimus
1213 4337 1398 4410 conscripsit,
1415 4343 1456 4407 ut,
1473 4338 1602 4412 nisiipse
1617 4341 1672 4397 sub
1690 4341 1778 4398 linem
1793 4342 1835 4401 oi·

129 4432 309 4488 monachum
322 4432 630 4487 Emmerammensem.
642 4427 743 4500 ltaque
752 4428 803 4500 qui
813 4430 877 4500 ejus
888 4428 952 4484 vita
1007 4428 1059 4484 tsti
1074 4426 1140 4483 libri
1156 4426 1273 4499 singula
1287 4432 1460 4497 recenseret,
1477 4444 1563 4484 nemo
1579 4430 1664 4486 lacilo
1688 4434 1721 4486 ut
1734 4432 1834 4489 orsdst

128 4522 283 4578 historiam
300 4536 386 4577 nossa
401 4519 492 4592 cupit,
508 4517 631 4575 citatum
645 4521 758 4573 tomum
773 4516 954 4574 lAnalacto-
1007 4516 1141 4573 animum
1157 4519 1255 4588 posset
1269 4515 1416 4572 inducero.
1434 4518 1571 4582 Quadam
1586 4518 1643 4590 ipsi
1667 4519 1697 4574 in
1726 4518 1832 4577 biblio·

128 4627 196 4667 rum
211 4608 372 4666 liabillonii
384 4607 504 4665 evolvat.
520 4607 561 4662 Ne
575 4611 673 4663 tamen
689 4606 798 4678 quibus
816 4605 953 4663 Analecta
1007 4606 1093 4663 theca
1104 4603 1353 4676 Tegsrnseensiet
1364 4605 1625 4662 limmerammensi
1637 4606 1834 4680 spectavimus

128 4700 164 4755 ad
182 4715 304 4755 manum
320 4714 379 4754 non
395 4700 474 4763 sunt,
489 4695 564 4753 nihil
578 4696 615 4751 de
629 4694 747 4752 Otbloni
761 4696 820 4751 vita
840 4695 957 4752 dedisse
971 4691 992 4758 C
1010 4695 1040 4750 in
1057 4710 1162 4750 manus
1177 4698 1207 4749 et
1220 4693 1382 4750 litterarum
1398 4692 1572 4767 elegantiam
1591 4698 1621 4750 et
1647 4696 1832 4754 accuratissi-

128 4788 291 4855 videsmnr,
308 4801 344 4843 en
360 4786 425 4857 ejus
439 4782 530 4841 veluti
538 4782 694 4857 epitomen.
704 4783 807 4839 Editus
818 4782 847 4839 in
858 4782 954 4841 lucem
1009 4799 1089 4840 mam
1103 4782 1364 4840 conformationem
1380 4781 1475 4839 defixi.
1493 4784 1636 4840 ceterum
1651 4783 1797 4843 Othlonue
1817 4800 1834 4843 e

129 4878 185 4932 luit
198 4874 343 4932 Olbianus
358 4875 436 4930 eirca
450 4887 562 4929 annum
578 4873 657 4942 1013,
675 4873 703 4928 in
720 4872 837 4930 dioecesi
849 4870 955 4930 Frisia-
1009 4871 1131 4928 Francia
1145 4886 1278 4927 reversus
1293 4865 1381 4943 paulo
1395 4875 1463 4943 post
1472 4869 1637 4929 liberalium
1654 4874 1762 4932 artium
1776 4874 1835 4932 dis·

130 4964 266 5038 genebat
280 4978 317 5018 es
330 4962 418 5018 variis
430 4961 606 5034 criptarum
617 4959 953 5033 ejuslooisintelligitur.
1010 4959 1126 5035 ciplinis
1142 4974 1172 5016 se
1197 4959 1390 5015 imbuendum
1420 4960 1570 5035 magistris
1599 4963 1733 5036 prebuit,
1762 4965 1834 5022 adso

133 5051 285 5126 Ingenium
301 5050 396 5108 dooile
410 5067 444 5106 uo
459 5050 544 5106 facile
559 5053 663 5106 nactus
676 5065 693 5105 a
716 5051 811 5122 prima
832 5049 957 5121 pueritia
1011 5048 1209 5107 annuentibus
1223 5049 1315 5104 llusie
1328 5052 1361 5103 ut
1374 5049 1662 5107 contentionislaude
1677 5066 1779 5111 omnes
1789 5054 1835 5110 rto-

130 5140 290 5214 singulari
304 5136 729 5212 diligentioespeoiminadedit,
741 5142 833 5195 artem
844 5138 956 5195 litteras
1010 5136 1091 5194 dales
1107 5135 1190 5193 laoile
1212 5136 1347 5193 anteiret.
1374 5136 1498 5194 Poetieis
1526 5139 1681 5211 precipuo,
1712 5144 1744 5196 ut
1772 5140 1836 5214 ipsa

128 5229 277 5302 eleganter
288 5226 427 5301 pingendi
437 5228 501 5283 sine
509 5226 643 5300 magistri
658 5243 712 5299 ope
727 5243 761 5282 eo
773 5226 957 5284 institutione
1010 5231 1146 5293 testatur,
1188 5225 1396 5297 delectabatur,
1431 5227 1610 5307 ardebatque
1638 5230 1719 5284 tanto
1747 5229 1836 5302 prull-

128 5317 240 5374 disoere
254 5332 425 5391 aggressus.
443 5315 514 5371 ilem
529 5315 592 5388 ipse
612 5313 757 5372 Otblonus
778 5315 808 5370 in
828 5315 904 5371 libro
918 5316 958 5372 De
1012 5316 1106 5372 ciendi
1123 5319 1205 5383 astu,
1222 5319 1254 5371 ut
1269 5319 1360 5371 mum
1382 5318 1550 5372 constanter
1577 5320 1692 5390 rogaret
1719 5321 1753 5374 ut
1778 5316 1836 5379 sibi

129 5408 327 5464 tentationibas
338 5409 364 5462 et
376 5407 486 5477 scriptae
495 5406 553 5461 sois
561 5404 591 5460 in
601 5403 679 5461 bunc
689 5405 810 5461 modum
821 5408 956 5464 enarrat:
1014 5428 1029 5458 κ
1043 5404 1140 5461 locum
1156 5408 1317 5478 prestaret,
1332 5404 1363 5459 in
1378 5421 1436 5477 quo
1457 5403 1570 5477 copiam
1598 5404 1719 5464 haberet
1747 5405 1836 5465 libro·

128 5518 144 5547 u
159 5496 232 5553 Cum
252 5510 360 5569 parvus
374 5492 499 5550 scholari
510 5492 672 5567 disciplina
681 5493 811 5549 traditus
821 5493 957 5568 fuissem,
1013 5512 1091 5551 rum.
1107 5515 1122 5546 u
1151 5495 1222 5550 inde
1250 5509 1266 5549 e
1294 5492 1403 5551 scholis
1430 5508 1566 5567 egressus
1581 5493 1708 5552 clericali
1723 5493 1835 5553 milities

127 5583 332 5661 «limusque
344 5582 477 5642 ostentu
490 5582 673 5657 didicissem,
686 5582 759 5661 copi
773 5584 862 5643 etiam
872 5582 982 5667 longe·
1013 5583 1160 5661 ascriptus
1172 5584 1227 5653 ost,
1244 5585 1325 5657 patre
1350 5580 1445 5641 illium
1474 5580 1613 5659 opulento
1640 5582 1758 5643 cuidam
1786 5596 1836 5642 ιι·

273 5714 404 5777 Parnon
429 5708 557 5781 dxlvi.
1679 5713 1704 5785 t
1741 5710 1749 5729 ’

80 5897 140 5968 is

30 5964 88 6068 pit
