3892 6096
49 271 93 342 69
540 266 695 338 alatos.
719 276 770 338 DE
792 273 936 342 TRIBUS
960 275 1274 350 QUAEsttauratts.
1297 352 1310 362 ,
1721 277 1763 347 'ld

48 417 81 469 et
95 410 152 467 hac
172 405 301 466 maxime
325 404 449 482 probare
464 408 585 480 potestis
610 409 689 481 qnia,
706 426 772 466 cnm
789 409 884 483 pluri·
898 414 923 479 Α
940 411 1120 483 randamque
1132 412 1367 484 promissionem.
1378 413 1684 488 Sicqueconlerenset
1696 434 1762 489 per·

48 517 127 572 mas,
145 505 179 556 ut
193 505 222 556 et
245 498 302 571 ipsi
329 498 485 571 perpessis,
502 505 531 555 et
547 490 596 554 elii
621 499 729 556 auditis
758 499 881 572 flagellis
938 500 1068 556 miscens
1084 506 1207 574 atraque
1222 503 1325 559 timere
1339 503 1427 559 simul
1440 509 1469 559 et
1484 522 1601 577 sperare
1616 507 1646 562 in
1661 507 1760 562 Domi·

49 591 271 657 convertantur,
289 586 430 660 affligam,
448 585 640 643 nihilominus
663 591 762 643 tamen
785 589 814 643 in
831 605 880 644 ne·
936 605 973 645 no
990 589 1113 646 doceris.

50 679 148 754 quitis
162 679 217 735 sira
232 680 427 750 perseverant.
444 675 526 740 Quod
547 675 571 732 si
585 677 686 732 eadem
700 676 881 748 judiciorum
975 680 1083 734 Deinde
1095 680 1284 736 considerans
1295 682 1505 754 tamem,quam
1518 684 1762 757 predixitlaseph

50 784 190 827 meorum
205 767 364 823 austeritas
380 765 498 837 penitus
513 769 650 832 cessaret,
664 770 782 837 quanta,
800 772 882 839 puta·
936 767 966 823 in
982 768 1115 841 AEgypm,
1132 785 1360 842 pressuramque
1381 770 1507 827 filiarum
1525 774 1612 830 isreel
1629 776 1665 830 ab
1678 775 1763 848 AEgy-

50 859 103 925 tis,
119 855 311 931 presumptio
335 859 524 927 quantusque
547 854 705 910 exitiabilis
729 855 882 911 conflictus
937 856 1006 928 ptiis
1021 857 1144 929 illatam,
1162 875 1213 913 nec
1224 875 1280 914 non
1295 858 1394 931 plagas
1408 861 1612 932 AEgyptiorum
1623 869 1763 919 eteorum

53 949 133 1005 inter
146 944 282 1003 homines
306 942 443 999 seviret?
458 942 627 998 liacantem
655 943 883 1017 habeantargu-
937 946 1151 1002 demersionem
1175 947 1205 1002 in
1234 948 1308 1003 mari
1323 948 1421 1005 Rubro
1447 949 1564 1017 laetam,
1581 951 1641 1007 hmo
1664 951 1765 1008 omnia

54 1040 189 1094 mentam
205 1033 256 1105 qui
271 1031 447 1088 districtioni
464 1048 534 1087 mee
549 1032 689 1105 derogare
704 1039 856 1089 conantur.
938 1034 1073 1105 potentie
1088 1035 1192 1090 divine
1216 1035 1301 1108 signa
1316 1035 1376 1092 lore
1401 1037 1493 1106 scitn;
1510 1043 1665 1095 attestante
1686 1040 1764 1095 Scri-

380 1136 495 1195 cApUT
514 1136 562 1193 vl,
938 1128 1104 1196 proraque
1122 1125 1211 1179 ileum
1225 1124 1368 1180 narratad
1386 1125 1565 1183 Pharaonem
1578 1128 1687 1184 dixisse
1695 1128 1767 1200 quia

54 1233 157 1291 lliaiaa
170 1232 261 1302 pietas
274 1236 301 1285 et
320 1229 451 1284 severitas
464 1235 527 1283 suat
541 1227 594 1283 dua
609 1229 679 1284 retia
699 1229 799 1301 quitus
815 1231 884 1286 Deus
937 1211 973 1268 “d
987 1213 1036 1268 '¹⁰⁶
1049 1215 1140 1284 ilium
1158 1215 1275 1270 excitavi
1289 1218 1324 1284 ²3,
1341 1219 1372 1269 αἱ
1395 1215 1535 1272 ⁰⁵²0an
1551 1221 1579 1272 2¹1
1596 1221 1622 1272 2⁰
1636 1219 1766 1274 1²5²·le
1853 1246 1855 1251 ⁴

213 1302 357 1358 salvandas
371 1299 410 1357 ad
423 1315 451 1355 sa
464 1299 574 1356 trabere
585 1305 731 1356 consueuit.
937 1316 1036 1371 meam,
1051 1309 1077 1357 et
1091 1304 1386 1358 annuntiaturaamea
1396 1321 1487 1360 meum
1503 1307 1531 1361 ia
1546 1304 1676 1362 uaiuersa
1690 1315 1766 1363 terra

94 1391 268 1465 Hujusmadi
283 1389 375 1464 igitur
398 1389 487 1455 dicta,
503 1393 655 1462 utcunque
679 1389 803 1461 prolata,
818 1389 884 1446 ideo
938 1391 1035 1459 (dead.
1052 1408 1098 1459 rx;
1115 1392 1193 1447 Ram.
1206 1392 1255 1463 rx).
1275 1392 1353 1447 hicet
1365 1393 1443 1448 enirn
1461 1394 1496 1450 de
1510 1395 1688 1466 quibusdam
1705 1395 1766 1452 heo

53 1477 886 1557 peraccedirinerationiassimilandastatui,quiasuper
939 1478 990 1535 Dei
1004 1481 1093 1535 verbe
1108 1485 1271 1548 taceantur,
1288 1481 1432 1537 credenda
1443 1488 1511 1538 sunt
1527 1489 1636 1540 temen.
1653 1485 1766 1548 Quibus

53 1571 102 1629 his
116 1569 248 1644 plurima
259 1568 466 1640 imperitorum
477 1567 575 1635 turba,
590 1567 791 1640 indignatione
806 1584 886 1625 nune
939 1568 1075 1641 potentie
1091 1573 1120 1624 et
1142 1569 1247 1640 judicii
1274 1570 1366 1643 signis
1390 1570 1415 1625 si
1440 1589 1508 1628 mox
1529 1573 1661 1628 conferas
1675 1573 1765 1630 tritici

55 1660 154 1727 tacita,
178 1673 258 1713 nnnc
284 1657 372 1713 etiam
396 1654 510 1727 prolata
533 1672 600 1712 enm
625 1655 760 1712 incusare
775 1659 884 1712 studet.
940 1659 1144 1730 copiamque
1155 1659 1230 1713 lacta
1240 1664 1284 1713 est
1296 1665 1363 1715 ante
1373 1661 1766 1732 lamemprmdictam,lsrae·

57 1750 131 1808 Sunt
145 1751 290 1821 preterea
303 1745 362 1801 alia
375 1743 602 1800 innumerabilia
617 1749 676 1800 tam
693 1745 885 1802 districtionis
902 1792 925 1856 B
941 1747 1012 1803 litici
1029 1747 1126 1820 populi
1140 1748 1585 1822 ereptionem,Ninivitarumque
1600 1752 1764 1807 conversio·

57 1844 86 1896 st
94 1837 236 1912 potentie
251 1851 341 1907 quam
352 1833 524 1907 gratieejus
534 1833 653 1900 indicia,
667 1851 792 1907 quarum
807 1851 885 1907 que·
943 1853 1019 1908 nem,
1036 1837 1232 1892 necessariam
1248 1838 1355 1893 iterum
1368 1839 1439 1894 lacis
1455 1837 1723 1912 collationemque
1739 1845 1767 1898 te

58 1928 172 1985 damin
188 1941 278 1983 sacre
303 1923 459 1996 Scriptura
468 1922 579 1994 alibris,
595 1924 729 1994 quedem
745 1924 775 1979 in
791 1925 886 1996 quoti·
942 1928 1027 1982 docet
1041 1927 1145 1982 timere
1159 1927 1270 1999 pariter
1283 1931 1312 1982 et
1328 1943 1444 1998 sperare
1459 1928 1488 1983 in
1506 1928 1636 1985 homino.

59 2017 157 2074 diarria
172 2014 364 2071 inveniuntur
386 2013 604 2085 experimentis.
621 2013 661 2068 Ex
676 2030 801 2085 quorum
821 2031 886 2070 am·
979 2014 1087 2071 lterum
1103 2016 1127 2071 si
1144 2016 1277 2071 attendas
1293 2017 1368 2071 Esau
1385 2022 1412 2071 et
1427 2015 1523 2073 Saulis
1539 2018 1616 2091 regis
1629 2018 1767 2089 abjectio·

59 2109 141 2164 nium
150 2104 308 2162 callatiane
315 2102 502 2174 aliquatenus
513 2102 618 2174 inspici
627 2102 702 2157 valet
712 2103 790 2174 quia,
803 2103 887 2175 quasi
943 2120 1020 2170 nem,
1038 2104 1119 2170 Care,
1135 2104 1250 2159 Dathan
1272 2109 1301 2160 et
1315 2104 1434 2171 abiron,
1450 2105 1615 2163 Halasarnis
1630 2112 1659 2163 et
1672 2110 1768 2164 Aman

59 2195 240 2270 quibusdam
259 2192 382 2260 retibus,
398 2208 448 2248 eos
472 2208 546 2263 quos
563 2192 639 2246 lteus
653 2189 809 2246 salvandos
824 2207 888 2247 esse
943 2194 1036 2249 hastis
1048 2194 1215 2250 iudeorum
1233 2193 1398 2250 mirabilem
1412 2196 1645 2264 exstinctionem,
1658 2204 1767 2271 etgen·

59 2285 209 2359 previdet,
226 2283 263 2339 ad
278 2299 309 2339 se
323 2280 439 2337 trabere
454 2281 537 2337 salet.
550 2279 631 2336 Unde
646 2285 675 2335 et
690 2281 719 2336 in
736 2279 889 2353 Evangelio
943 2283 1017 2337 tium
1033 2281 1160 2347 illarum,
1177 2299 1251 2354 quas
1267 2282 1318 2337 tilii
1335 2283 1425 2339 lsrael
1440 2284 1620 2355 deleverunt,
1635 2285 1766 2343 interna·

58 2392 132 2432 voce
143 2372 261 2430 Domini
278 2371 372 2428 nestri
387 2369 495 2426 dicitur
512 2385 518 2424 ε
534 2370 618 2425 Nema
640 2373 727 2441 pateat
741 2372 835 2425 venire
849 2369 889 2425 ad
944 2371 1068 2437 cionem,
1086 2375 1114 2426 el
1130 2371 1189 2427 hec
1205 2372 1305 2427 omnia
1322 2371 1426 2428 divine
1441 2376 1557 2428 tantum
1572 2374 1766 2430 districtionis

58 2481 116 2536 ma,
131 2465 188 2519 arisi
200 2464 284 2518 Pater
296 2477 374 2517 meas
393 2460 511 2516 traxerit
526 2475 590 2515 eum
604 2459 693 2531 (laam.
709 2460 759 2532 vr).
775 2461 805 2515 Si
821 2475 889 2532 ergo
939 2460 1053 2531 judicia
1067 2477 1131 2515 esse
1146 2462 1276 2527 credens,
1290 2478 1357 2516 mox
1371 2461 1493 2517 adhibes
1507 2461 1561 2517 lab
1576 2467 1604 2517 et
1617 2462 1684 2517 atie
1699 2479 1768 2519 san·

62 2552 170 2627 queris
183 2551 330 2625 quomado
339 2550 376 2606 ad
389 2548 515 2605 salutem
527 2547 663 2616 traharis,
674 2549 796 2618 intuere,
803 2549 890 2619 juxta
944 2548 1086 2615 clitatem,
1099 2550 1186 2603 David
1203 2551 1280 2621 regis
1294 2549 1479 2620 electionem,
1492 2549 1611 2622 Moysis,
1627 2556 1656 2606 et
1671 2552 1768 2607 Aaron

62 2641 249 2717 Apostolum,
280 2640 416 2713 pietatem
446 2638 534 2694 simul
572 2642 600 2694 et
628 2639 809 2704 severitatem
838 2637 888 2693 Dei
944 2637 1562 2710 ettosnedignitatem,liliorumIsraelin
1579 2645 1768 2712 terrampra-

62 2747 174 2805 easque
193 2730 294 2804 procul
321 2728 410 2785 dubia
435 2727 507 2784 retia
523 2727 628 2783 salutis
657 2735 709 2782 tue
726 2743 790 2783 essa
805 2729 889 2784 scito.
946 2727 1096 2782 missionis
1110 2727 1366 2795 introductionem,
1377 2727 1574 2797 Aad,Gedean
1589 2734 1618 2784 et
1633 2729 1769 2801 Samson,

67 2823 142 2879 Nam
158 2822 184 2877 si
200 2819 386 2876 solummodo
402 2817 585 2875 severitatem
602 2817 649 2872 bei
665 2817 835 2876 attenderis.
850 2815 890 2872 nil
944 2816 1046 2872 ludim
1056 2832 1172 2888 quaque
1184 2816 1345 2889 victoriam,
1358 2817 1460 2873 Esther
1471 2818 1688 2890 raginecontra
1700 2817 1770 2874 hos·

64 2912 101 2969 ab
116 2928 151 2968 eo
167 2909 281 2984 premii
295 2926 347 2982 pro
363 2908 462 2963 labore
486 2911 537 2962 tuo
553 2923 675 2978 sperans
690 2911 889 2978 acceptorum,
945 2911 990 2961 tes
1003 2905 1171 2960 iudeorum
1188 2906 1397 2972 defensionem,
1418 2922 1554 2978 magnam
1573 2905 1769 2963 nihilominus

62 3002 201 3076 pavidus,
218 2999 297 3055 velut
310 3015 327 3055 a
341 2998 414 3054 facie
429 2997 506 3070 ignis
521 3012 596 3064 cera,
610 2995 762 3068 liquescis.
778 2996 808 3052 Si
824 3013 890 3053 vera
941 2995 1045 3065 judicii
1061 2993 1220 3067 gratiaque
1235 2996 1339 3051 divine
1362 2995 1434 3051 tacis
1448 2995 1643 3063 collationem,
1660 3013 1719 3068 qua
1733 2996 1768 3054 ad

62 3093 98 3148 de
113 3090 179 3148 sala
194 3089 299 3163 pietate
309 3089 375 3160 ejus
390 3087 430 3142 ita
440 3086 673 3158 praesumpseris,
686 3088 719 3140 nt
733 3101 785 3157 pro
800 3086 891 3141 nullis
945 3084 1060 3140 timoris
1076 3084 1243 3155 amorisque
1253 3084 1344 3140 divini
1354 3085 1521 3141 accenderis
1536 3084 1771 3156 delectationem,

64 3179 226 3238 sceleribus
250 3175 423 3251 perpetratis
445 3176 577 3232 districte
588 3174 782 3246 judicandum
798 3181 825 3230 te
841 3191 889 3231 vc·
905 3163 927 3230 C
947 3174 1047 3228 dicens
1063 3190 1129 3229 cum
1141 3172 1311 3230 Psalmista:
1321 3175 1351 3229 la
1364 3175 1409 3229 via
1419 3175 1639 3231 testimoniorum
1651 3179 1770 3242 tuarum,

65 3269 168 3337 rearis,
185 3268 289 3324 eodem
304 3266 392 3322 modo
408 3265 551 3321 remissus
566 3263 677 3320 deficis.
947 3262 1072 3329 Dareine,
1095 3263 1243 3318 delectatas
1268 3279 1338 3329 sum,
1367 3264 1437 3318 sicut
1462 3265 1490 3317 ia
1515 3263 1643 3319 amathas
1666 3261 1772 3318 dicatis

98 3359 168 3414 Hac
186 3357 278 3430 igitur
292 3360 418 3428 utraque
444 3354 621 3410 conseranda
636 3353 725 3408 simul
739 3357 768 3409 et
782 3354 892 3425 ample·
947 3351 1036 3423 (Psat.
1052 3352 1160 3421 araur).
1179 3350 1330 3421 Oransque
1345 3350 1434 3406 simul
1455 3367 1522 3406 cum
1538 3366 1571 3405 ea
1589 3366 1595 3405 :
1613 3351 1722 3421 Caafiqa
1735 3351 1771 3404 ti·

65 3448 249 3506 cteudaesse
258 3441 892 3516 Psalmistaconsideranspsallebat,dieeus:
947 3443 1075 3495 maretaa
1082 3453 1178 3493 carmes
1187 3454 1289 3505 manaa
1294 3438 1411 3508 judiciis
1421 3440 1497 3494 enim
1510 3440 1565 3493 tais
1574 3439 1656 3493 timra'
1664 3436 1772 3509 (thia).

66 3533 288 3593 Uesericardiam
317 3538 342 3590 et
372 3533 511 3605 judiciam
547 3532 661 3587 cantata
690 3532 751 3598 tihi,
781 3532 896 3588 domine
1256 3544 1371 3601 CAPUT
1390 3544 1464 3600 vm,

70 3627 157 3699 im·
175 3625 214 3694 a).
231 3622 303 3678 ffi¹¹⁰
326 3623 432 3678 iterum
456 3622 549 3678 dieii?
570 3623 650 3690 Virta
674 3624 722 3675 lua
737 3628 762 3676 ‘³1
781 3621 895 3677 baiulus
950 3637 981 3691 la
998 3635 1087 3691 Veteri
1111 3633 1279 3690 Testamenta
1298 3635 1347 3689 liei
1369 3634 1513 3702 iudicium,
1540 3635 1570 3689 ia
1585 3634 1656 3690 Nava
1670 3634 1772 3705 qratia,

72 3723 134 3772 taus
159 3716 224 3786 ipsa
238 3729 284 3768 mre
304 3713 442 3769 sartacteta
464 3718 529 3767 suat
544 3709 633 3782 (Psat.
648 3711 728 3782 xxrr).
745 3710 802 3765 Sed
827 3711 896 3783 quia
978 3707 1097 3780 ejusdam
1107 3709 1197 3778 piatas
1211 3707 1326 3778 speciali
1341 3706 1457 3778 quadam
1470 3705 1548 3762 moda
1562 3706 1741 3777 intelligitur.

72 3821 136 3860 eum
152 3803 235 3875 virga
250 3800 516 3875 flagellari,baculo
532 3805 630 3855 autem
642 3799 727 3864 inniti
741 3804 770 3854 et
784 3805 898 3855 susten·
985 3794 1499 3868 HecqnidemsupradiatainVeteri
1509 3799 1695 3850 Testamenta
1708 3810 1775 3850 con·

72 3895 125 3949 tari
141 3892 282 3963 solemus,
298 3907 426 3964 congrue
441 3906 491 3963 per
501 3889 613 3962 virgam
630 3887 754 3957 nomini,
772 3889 836 3960 ejus
851 3905 896 3945 se·
951 3887 1091 3943 tinentur.
1110 3890 1140 3940 ln
1165 3885 1243 3940 Novo
1268 3890 1366 3940 autem
1382 3884 1407 3940 si
1421 3885 1505 3941 lude
1528 3888 1667 3956 apostate
1683 3883 1777 3939 Simo·

71 3984 242 4050 veritatem
258 3979 458 4052 perhaculum
470 3996 536 4035 vero
552 3979 679 4034 divinam
692 3977 830 4051 pietatem
847 3980 896 4034 de·
951 3977 1056 4047 nisque
1071 3974 1144 4046 Magi
1157 3974 1328 4043 interitum;
1345 3973 1404 4029 Arii
1420 3990 1536 4048 quoque
1547 3977 1777 4044 ceterorumque

74 4071 307 4145 signarit,eaque
321 4066 897 4142 conjungens,neutrumsinealterasibi
951 4063 1155 4120 hereticorum
1179 4062 1341 4135 perfidiam,
1357 4063 1485 4118 iudaice
1508 4063 1613 4135 plebis,
1637 4079 1689 4118 nec
1717 4078 1776 4117 noa

71 4162 204 4217 sulficere
230 4159 435 4226 consideravit,
452 4175 485 4214 ac
510 4158 535 4214 si
551 4163 648 4231 aperte
663 4158 772 4212 diceret
789 4174 795 4212 :
812 4157 896 4213 Seve—
952 4154 1084 4227 gentium
1100 4151 1229 4221 illarum,
1247 4169 1309 4225 qne
1334 4151 1430 4208 adhuc
1446 4151 1611 4225 paganismi
1627 4152 1684 4206 ritu
1700 4150 1777 4207 deti·

71 4251 143 4305 ritas
156 4255 185 4305 st
199 4248 293 4322 pictae
310 4254 372 4318 tna,
389 4248 479 4305 simul
494 4246 616 4314 collate,
628 4246 733 4303 salutis
750 4262 820 4302 mee
837 4247 896 4302 exi·
952 4248 1069 4314 nentur,
1085 4241 1289 4297 infidelitatem
1302 4241 1481 4297 aanlerasad
1498 4240 1620 4297 latronis
1636 4243 1776 4296 etcentu·

71 4342 157 4394 stunt
171 4354 267 4396 causa.
953 4334 1043 4405 rioqis
1055 4331 1214 4404 evangelici
1228 4331 1315 4386 fidem
1326 4335 1354 4386 et
1369 4335 1537 4387 sanatorum
1551 4328 1709 4385 intantium
1726 4343 1778 4400 pra

387 4444 499 4503 cqurp
518 4444 580 4501 vn,
953 4422 1059 4478 Christi
1076 4438 1145 4477 nece
1167 4419 1330 4477 occisarum
1352 4421 1526 4493 dignitatem
1542 4425 1569 4474 et
1585 4419 1621 4473 ad
1646 4417 1778 4491 gentium

73 4536 231 4609 efferuntur
250 4553 287 4592 ea
315 4535 402 4594 Veteri
425 4537 591 4591 Testamenta
616 4532 717 4589 dictae
738 4533 939 4604 piatatis,et1)
955 4511 1150 4611 ΡῙΠΓῙΨΨΨ
1175 4509 1345 4610 lflfissiffllflffl
1370 4525 1519 4582 magnam,
1536 4506 1722 4606 Pl⁰s⁰⁰t⁰fi¹
1736 4502 1779 4559 ⁰5⁹

338 4609 489 4665 severitatis
504 4607 639 4678 exempta.
956 4618 1104 4673 concipies
1117 4605 1230 4655 timoris
1241 4604 1268 4653 et
1284 4599 1392 4655 amoris
1408 4598 1498 4654 divini
1511 4599 1778 4667 compunctionem.

107 4697 164 4754 Sed
182 4697 354 4776 hujusmodi
382 4696 566 4754 collationem
589 4695 643 4750 hoc
668 4695 755 4751 modo
771 4693 800 4748 in
816 4692 900 4750 libris
991 4691 1048 4747 Sed
1063 4695 1096 4746 ut
1110 4688 1313 4745 brevissimam
1325 4687 1619 4756 efficacissimamque
1634 4683 1779 4752 amnium,

77 4787 201 4859 sparsim
214 4783 901 4858 sanctorabtemorareinprimisprimiparentis
956 4798 1020 4854 qne
1044 4779 1073 4834 in
1098 4792 1182 4833 sacra
1209 4777 1359 4849 Scriptura
1383 4775 1579 4842 continentur,
1596 4770 1781 4828 collationem

77 4876 310 4935 maledictionem
321 4883 350 4935 et
361 4877 461 4934 diluvii
471 4873 617 4949 generalis
628 4873 804 4929 horrendam
813 4873 900 4928 inun·
956 4870 1057 4937 iacias,
1067 4865 1385 4923 TestamentumVetus
1394 4864 1494 4920 canter
1506 4864 1541 4919 ad
1552 4863 1675 4931 Novum,
1685 4860 1717 4916 ia
1726 4859 1782 4916 Vs·

78 4965 234 5036 datianam,
251 4984 305 5024 nec
320 4984 378 5023 non
396 4965 514 5023 urbium
536 4964 668 5021 Sadame
691 4967 720 5019 et
735 4961 901 5018 Gomorrha
957 4960 1011 5016 teri
1028 4957 1146 5031 quidem
1154 4954 1350 5026 judicium,in
1362 4954 1439 5010 Novo
1452 4957 1548 5009 autem
1561 4951 1686 5026 gratiam
1698 4946 1783 5004 intel·

77 5057 260 5113 tremendam
280 5056 512 5123 subversionem,
528 5054 637 5126 illaque
661 5053 761 5108 amnia
783 5051 902 5122 judicii,
957 5049 1062 5122 ligans.
1075 5045 1213 5113 Quamvis
1228 5045 1307 5100 enim
1319 5045 1348 5099 in
1359 5049 1483 5117 utroque
1498 5048 1622 5113 utraque
1632 5037 1783 5095 invenian-

77 5143 118 5199 rel
131 5145 326 5203 districtionis
341 5146 444 5203 divine
460 5145 545 5217 signa
565 5144 625 5199 lare
640 5142 734 5199 crede.
751 5144 818 5207 Qne
834 5141 904 5213 qnia
959 5143 1017 5204 tur,
1038 5136 1206 5192 nullatenus
1229 5140 1327 5190 tamen
1351 5132 1495 5205 coequari
1520 5132 1654 5203 possunt,
1670 5126 1740 5198 quia
1753 5124 1784 5180 in

80 5248 128 5305 per
138 5249 170 5291 se
181 5234 258 5291 nihil
268 5239 437 5308 operantur,
450 5235 507 5290 nisi
517 5248 654 5306 pavorem
669 5231 712 5287 vel
724 5232 904 5303 desperatio·
958 5226 1055 5283 Veteri
1070 5225 1161 5280 habes
1172 5224 1306 5280 Latorem
1317 5224 1389 5297 legis
1401 5224 1436 5278 de
1451 5222 1592 5295 gravitate
1603 5215 1785 5289 judiciorum

78 5326 275 5393 uem,attende
288 5325 471 5382 mcxdivinae
481 5322 599 5397 pietatis
610 5320 760 5393 indicia,id
771 5322 903 5393 catejas
960 5316 1086 5372 maxime
1110 5315 1279 5383 dictantem,
1296 5330 1328 5369 eo
1356 5312 1489 5368 videlicet
1512 5309 1598 5365 moda
1615 5323 1622 5362 ·.
1649 5304 1691 5372 Si,
1707 5302 1785 5376 quis,

80 5411 141 5468 dem
156 5413 332 5488 protoplasti
345 5412 586 5487 redemptionem,
601 5409 669 5466 licet
687 5426 794 5479 seram,
806 5408 905 5466 Enoch
960 5405 1068 5479 inquit,
1085 5403 1157 5459 illud
1181 5403 1227 5459 vel
1250 5403 1321 5459 illud
1345 5400 1454 5466 lecerit,
1471 5402 1563 5454 marte
1586 5393 1738 5452 moriatur.
1754 5391 1786 5448 lu

80 5498 905 5573 lmaalationemNoefiliarumqueejuscouvarsationem,
960 5497 1039 5553 Nava
1054 5492 1341 5551 auteminetlabilem
1353 5489 1469 5548 Domini
1486 5486 1577 5545 nostri
1592 5486 1662 5543 lesu
1677 5479 1786 5551 Christi
1836 5541 1845 5548 ,

80 5606 130 5674 pao
138 5609 200 5654 nau
210 5593 346 5669 abrahe,
355 5593 436 5655 Isaac
445 5596 475 5659 at
487 5591 577 5654 Jacob
587 5589 810 5651 memorandam
821 5603 907 5648 vene·
961 5584 1097 5669 gratiam,
1113 5583 1237 5646 dicentis
1253 5601 1260 5644 ε
1279 5584 1371 5643 er'ts
1382 5581 1419 5647 at
1432 5595 1476 5644 ma
1487 5593 1580 5640 amam
1594 5576 1644 5662 qai
1656 5572 1788 5639 tutorem
