3892 6096
77 342 139 409 lli
568 339 728 406 NALOG.
748 341 799 404 uu
820 340 964 408 TRIBUS
986 340 1299 415 OUAESTIONIBUS.
1732 338 1790 403 fit

77 477 161 536 ditus
175 475 212 534 ad
231 473 393 548 imaginem
408 473 459 530 Dei
485 474 590 542 fueret,
605 478 752 549 peccando
767 477 906 534 similitu·
920 483 948 549 Α
963 479 1064 535 eodem
1080 478 1215 551 quinario
1240 495 1362 535 numero
1378 479 1666 553 comprehenduntur
1679 477 1786 553 (datm.

77 568 148 624 dine
162 563 331 621 conditoris
345 563 392 620 sui
407 564 538 620 recessit.
962 571 1047 640 xxv);
1064 585 1116 641 ego
1130 573 1240 634 tamen,
1254 567 1324 639 quia
1338 585 1455 625 omnem
1470 585 1627 626 numerum
1642 569 1719 626 infra
1734 570 1785 626 de-

115 654 291 714 Deteruarii
306 670 374 709 vero
387 654 537 726 mysterio,
554 673 605 728 pro
620 672 653 712 eo
669 658 747 728 quod
763 657 792 712 in
809 674 840 714 se
851 663 909 713 tres
963 659 1080 714 narium
1109 657 1238 730 positum
1262 658 1507 729 aliquaspeoislis
1531 658 1661 732 mysterii
1676 657 1789 716 virtute

77 746 209 805 unitates
223 743 341 808 habeat,
357 759 499 814 maguum
524 745 671 816 quoddam
687 746 790 803 sentio.
808 752 908 820 Ipsum
963 747 1137 820 insignitum
1153 748 1249 818 credo,
1265 746 1344 802 huuc
1359 746 1446 803 etiam
1460 745 1572 821 aliquid
1589 748 1656 804 boni
1671 749 1783 822 specia-

77 850 211 908 numque
226 832 384 890 Dominum
408 837 438 888 et
461 832 636 891 salvatorem
652 842 785 892 nostrum
809 838 839 892 in
854 838 909 894 hoc
962 836 1029 893 liter
1042 837 1204 908 exprimere
1219 836 1341 891 estimo.
1353 836 1438 902 Nam,
1454 836 1524 908 quis
1537 836 1615 893 idem
1630 837 1784 911 quinarius

78 923 206 998 exprimi
221 923 319 990 credo,
335 922 415 993 quia,
433 921 510 977 sicut
534 921 583 978 ille
598 924 628 979 in
652 925 768 981 duabus
783 927 907 996 naturis,
962 925 1085 982 dimidia
1099 942 1167 997 pars
1178 929 1223 981 eet
1236 925 1514 998 denariiomnigena
1524 926 1700 998 perfectione
1712 943 1785 999 pre·

76 1016 129 1072 nei
143 1012 281 1070 videlieet
296 1014 325 1067 et
339 1009 477 1080 hominis,
493 1015 582 1083 atque
595 1012 625 1068 in
642 1030 702 1069 una
715 1030 851 1085 persons,
867 1015 908 1071 ita
961 1013 1041 1081 clari,
1053 1018 1082 1070 et
1093 1030 1179 1071 omne
1194 1014 1351 1070 dimidium
1367 1013 1554 1086 divisumque
1568 1014 1599 1070 in
1610 1014 1715 1088 seipso
1729 1015 1784 1073 im·

77 1110 108 1162 et
129 1103 281 1161 ternarius
307 1101 338 1156 in
353 1101 469 1157 duabus
493 1101 637 1173 partibus,
653 1102 765 1159 homini
789 1104 907 1176 Deoque
961 1103 1121 1176 perfectum
1133 1103 1277 1171 consistit,
1290 1107 1386 1175 potest
1400 1097 1604 1161 convenienter
1617 1103 1713 1176 ipsam
1727 1104 1784 1160 im-

78 1194 155 1254 sstis
177 1191 391 1255 coorientibus,
411 1195 440 1245 et
462 1190 493 1245 in
520 1191 605 1246 unias
628 1191 743 1248 numeri
765 1193 907 1250 vocabulo
961 1191 1146 1264 perfectionis
1160 1191 1420 1265 qualitatemque
1435 1192 1465 1250 in
1480 1193 1594 1250 cunctis
1608 1192 1784 1252 mortalibus
1803 1180 1808 1185 ¹

79 1281 228 1348 consistit,
242 1279 378 1336 Binarius
388 1279 467 1336 enim
483 1284 512 1336 et
527 1281 624 1336 unitas
635 1282 698 1353 ejus
714 1286 784 1337 sunt
797 1286 905 1354 partes,
960 1282 1123 1353 quantavis
1143 1281 1298 1338 sanctitate
1325 1282 1455 1356 preditis
1479 1283 1637 1353 invenitur,
1666 1282 1783 1356 signifi·

81 1389 210 1447 quarum
224 1369 342 1443 quidem
357 1368 490 1425 binarius
505 1369 629 1440 homini,
649 1370 748 1426 unitas
761 1386 829 1428 vero
844 1371 905 1427 dei·
959 1385 1034 1426 care.

82 1463 136 1521 tati
152 1459 319 1518 omnimodo
330 1458 474 1514 convenit.
482 1459 537 1514 Sed
548 1463 577 1515 et
588 1459 643 1515 hoc
654 1459 826 1516 comminue
839 1477 907 1517 eon·
994 1460 1025 1515 Si
1040 1460 1086 1515 oui
1103 1460 1214 1516 dictum
1230 1460 1285 1516 hoc
1311 1459 1433 1533 placeat,
1451 1477 1567 1518 mecum
1593 1461 1718 1530 sentiat;
1735 1460 1784 1520 uui

79 1551 178 1625 gruit:
190 1547 358 1621 quiasiout
372 1549 591 1620 primusAdam
606 1551 906 1618 terrenus,seeundus
958 1565 1024 1605 vero
1048 1548 1193 1621 displicet,
1209 1550 1288 1605 dieat
1308 1549 1425 1620 melius,
1441 1554 1473 1606 ut
1488 1555 1517 1607 et
1528 1549 1595 1622 thoc
1615 1551 1782 1608 credemus.

77 1645 179 1698 sutem
193 1637 321 1695 scelestis
337 1637 454 1705 dicitur,
471 1638 513 1694 itu
527 1642 555 1694 et
579 1638 723 1704 binarius,
739 1655 825 1710 quem
842 1638 904 1711 pri·
958 1638 1018 1710 ligo
1034 1638 1162 1706 interim,
1180 1643 1212 1694 ut
1236 1638 1306 1705 dixi,
1323 1639 1409 1695 credo
1433 1640 1603 1712 quinarium
1628 1639 1710 1697 illam
1725 1641 1781 1697 im·

78 1745 161 1787 mum
185 1727 348 1798 hominem,
371 1728 468 1799 ipsum
492 1726 604 1782 scilicet
627 1727 719 1782 Adam
744 1727 904 1800 significari
958 1726 1176 1799 perfectionem,
1192 1743 1250 1798 qua
1265 1743 1351 1783 nemo
1373 1727 1403 1783 in
1419 1728 1474 1784 hac
1488 1729 1547 1784 vita
1561 1729 1676 1801 positus
1691 1732 1780 1798 carm

77 1835 168 1891 supra
182 1816 322 1888 diximus,
338 1816 418 1889 prior
428 1821 474 1873 est
487 1815 615 1872 ternario
630 1818 793 1872 secuudum
808 1817 902 1874 Adam
919 1859 944 1926 B
958 1816 1170 1889 designaretis
1184 1816 1239 1871 hac
1254 1833 1382 1889 namque
1392 1817 1611 1890 imperfectione
1625 1818 1783 1878 Psalmista

77 1907 274 1982 significante.
959 1905 1029 1961 dicit
1045 1907 1261 1978 :imperfectum
1285 1922 1377 1963 omum
1399 1906 1528 1964 viderunt
1550 1908 1625 1965 ocuti
1637 1910 1681 1966 tsi
1695 1909 1780 1981 (Prot.

111 1997 222 2054 Omnes
237 1994 329 2051 etiam
344 1993 451 2050 Christi
474 1994 598 2066 vestigia
611 1999 769 2067 sequentes
784 1995 905 2051 ternarii
959 1995 1105 2066 carsvur),
1119 1993 1204 2066 quasi
1218 1994 1328 2051 diceret
1341 2011 1348 2051 ι
1362 1999 1405 2064 tu,
1417 1995 1469 2070 qui
1483 1995 1565 2053 solus
1576 1997 1724 2070 perfectus
1739 2015 1782 2070 es,

77 2086 205 2159 speciem
221 2084 351 2156 recipere
372 2086 533 2154 merentur,
549 2083 601 2154 qui
625 2084 708 2156 prius
720 2084 798 2141 vitiis
813 2084 905 2141 dediti
959 2083 1007 2140 his
1020 2081 1113 2138 oculis
1126 2083 1343 2156 quibueomnia
1356 2085 1448 2151 vides,
1460 2086 1710 2158 imperfectionem
1726 2087 1784 2145 fra·

77 2174 191 2233 unane
207 2174 329 2230 fuerunt
351 2171 519 2228 assimilati.
534 2173 577 2227 Ad
593 2189 682 2244 quam
707 2174 847 2229 nimirum
864 2189 906 2229 re-
959 2171 1160 2245 gilitatemque
1175 2188 1272 2228 meam
1288 2174 1414 2231 maxime
1428 2172 1615 2244 consideras3
1629 2175 1674 2232 vel
1689 2176 1783 2234 aliter:

77 2263 243 2336 ceptionem
261 2265 291 2318 et
313 2260 544 2329 conversionem,
561 2260 602 2317 ita
615 2261 666 2317 Dei
681 2265 710 2318 et
725 2262 841 2319 Domini
856 2279 905 2318 no·
960 2261 1059 2331 tuqui
1083 2260 1180 2317 omnia
1204 2261 1291 2330 nosti,
1307 2262 1367 2318 scis
1382 2262 1452 2334 quia
1474 2280 1572 2320 coram
1594 2268 1623 2321 te
1638 2265 1785 2338 perfectus

78 2352 136 2410 stri
148 2352 220 2408 lesu
235 2349 343 2408 Christi
364 2351 490 2423 gretiam
514 2350 678 2423 proximam
693 2351 813 2421 habent,
829 2352 906 2410 sicut
960 2366 1024 2406 esse
1040 2365 1163 2423 nequeo.
1179 2350 1245 2406 Hac
1260 2350 1379 2423 quidem
1394 2352 1430 2408 de
1445 2351 1593 2424 quinario.

78 2441 184 2498 unitas
198 2444 225 2496 et
237 2440 384 2497 ternarius
409 2438 556 2496 binarium
579 2439 796 2497 circumdantes
809 2441 905 2498 eidem
1278 2458 1393 2514 cgpqqr
1410 2458 1466 2514 XL,

79 2530 206 2605 l³¹'⁰¹¹'mi
220 2533 432 2603 *Sumuntur-
959 2545 1031 2615 Quid
1045 2548 1159 2618 mystice
1183 2548 1295 2604 numeri
1315 2549 1457 2604 asenario
1478 2563 1565 2620 usque
1579 2548 1614 2604 nd
1635 2549 1784 2607 maurium

115 2620 145 2676 Si
162 2620 230 2692 quis
244 2635 312 2675 vero
323 2617 477 2674 subtiliora
486 2616 587 2672 rimari
602 2615 707 2674 solitus
721 2618 800 2690 velit,
812 2621 840 2675 et
850 2619 905 2676 hoo
1286 2619 1453 2689 significent.

76 2711 107 2766 in
124 2708 246 2765 ternarii
258 2705 905 2781 mysterio-exquirerequodGhrietusleeus,
995 2706 1036 2762 De
1051 2706 1166 2762 senario
1181 2709 1279 2763 autem
1293 2706 1349 2762 hoc
1362 2708 1457 2764 sentio
1472 2708 1551 2780 quie,
1568 2725 1635 2766 cum
1650 2709 1690 2766 sit
1702 2710 1785 2769 solus

77 2815 137 2855 non
153 2802 189 2854 ut
203 2796 298 2854 ceteri
312 2795 447 2853 homines
460 2812 495 2852 ex
509 2795 657 2868 conjugio,
673 2796 724 2851 esd
740 2813 774 2852 ex
788 2797 906 2867 Virgine
961 2797 1037 2853 infra
1052 2795 1205 2852 denarium
1221 2795 1784 2873 insuispartibusperfectusomnisque

77 2887 176 2946 moti
187 2885 315 2961 Spiritus
331 2885 438 2942 virtute
448 2885 642 2957 impregnata
656 2885 773 2958 genitus
787 2886 836 2952 eit,
849 2885 905 2959 ps·
960 2885 1038 2942 Deus
1053 2885 1083 2940 in
1098 2901 1149 2940 sex
1172 2885 1277 2942 diebus
1291 2885 1454 2958 perfecerit,
1470 2892 1639 2944 sanctorum
1667 2903 1784 2962 quoque

76 2976 126 3033 bet
141 2976 172 3032 in
190 2974 316 3032 ternario
327 2973 500 3046 questionis
511 2977 779 3046 campumcurrat,
797 2974 821 3030 si
838 2990 906 3046 pos·
961 2974 1168 3046 perfectionem
1183 2973 1337 3046 significet.
1349 2975 1404 3030 Sed
1416 2991 1453 3032 ne
1463 2976 1785 3035 contrariumvideatur

78 3065 117 3123 sit
131 3064 246 3122 solvere
266 3063 462 3137 propositum.
486 3065 546 3135 ligo
560 3061 649 3129 enim,
663 3061 778 3118 etiamsi
795 3061 905 3133 aliquid
961 3064 1038 3135 quod
1061 3063 1229 3135 quinarium
1253 3064 1516 3136 imperfectionem,
1542 3065 1692 3123 senarium
1716 3082 1784 3124 vero

79 3170 114 3212 ex
136 3154 195 3210 hoc
219 3153 355 3224 sentiam,
372 3156 481 3218 tamen,
499 3155 531 3206 ut
545 3150 611 3207 aliis
640 3154 727 3207 tantae
751 3151 906 3209 solutionis
961 3152 1169 3224 perfectionem
1180 3154 1513 3226 sauctorumdesignare
1527 3155 1639 3221 diceus,
1649 3155 1785 3228 imperfe-

76 3243 266 3315 triumphum
280 3240 456 3313 relinquam,
472 3239 540 3295 hinc
556 3238 598 3295 nil
612 3240 707 3297 dicere
722 3239 798 3297 volo.
920 3225 942 3294 G
960 3245 1040 3297 otum
1056 3240 1185 3297 simulet
1199 3242 1359 3313 perfectum
1375 3243 1470 3312 posui,
1482 3259 1557 3314 opus
1572 3246 1617 3299 est
1628 3242 1785 3315 explanare

112 3337 170 3390 Per
183 3332 321 3390 eumdem
337 3346 453 3404 quoque
464 3329 626 3386 ternarium
642 3333 766 3403 possunt
781 3329 905 3403 intelligi
960 3330 1107 3402 quomodo
1117 3331 1211 3385 sancti
1223 3329 1684 3401 quilibetinhaovita,imperfecti
1694 3329 1784 3386 simul

75 3421 134 3478 itta
149 3420 372 3493 trespraeripuae
386 3418 905 3490 necessariaequeomnibusChristia-
959 3422 988 3475 et
999 3418 1117 3489 perfecti
1132 3417 1276 3488 sintlpsa
1287 3433 1393 3489 nempe
1407 3417 1521 3474 Veritas
1531 3433 1599 3474 cum
1614 3417 1644 3473 iu
1656 3418 1785 3490 quodam

76 3511 127 3568 nis
143 3510 280 3577 virtutes,
291 3523 364 3579 quas
377 3505 535 3580 Apostolus
551 3508 772 3573 commemorat,
785 3505 902 3563 dicens:
959 3506 1107 3579 Evangelii
1123 3505 1187 3562 loco
1202 3505 1406 3562 universaliter
1417 3510 1546 3578 negaret,
1561 3506 1662 3563 dicens
1678 3524 1685 3563 :
1701 3506 1784 3564 Nemo

75 3602 156 3668 dunc
177 3607 274 3654 eutem
298 3604 419 3665 monent,
434 3595 510 3668 fides,
524 3611 595 3667 spes,
616 3594 747 3662 chorites,
763 3596 821 3650 triu
846 3594 905 3652 laee
960 3597 1057 3663 tortus,
1073 3595 1130 3650 etsi
1143 3595 1216 3651 sotus
1230 3596 1304 3665 ,omes
1326 3595 1402 3666 (lue.
1424 3594 1514 3667 svin),
1537 3594 1607 3651 alibi
1622 3595 1785 3652 econtrario

76 3689 101 3761 (f
111 3688 175 3746 Cor.
192 3690 267 3757 1111).
959 3686 1088 3756 aliquem
1111 3683 1261 3740 hominem
1285 3685 1394 3739 bonum
1415 3699 1480 3739 esse
1502 3687 1638 3752 testatur,
1659 3684 1784 3744 diceus:

114 3776 329 3843 Quaternsrius
351 3775 455 3832 deinde
474 3773 625 3847 proximus
640 3772 712 3829 satie
735 3788 842 3846 magno
858 3789 904 3828 re·
959 3777 1050 3831 Bonus
1065 3775 1145 3829 tomo
1159 3774 1191 3829 de
1206 3774 1273 3829 tono
1288 3772 1426 3844 thesauro,
1442 3775 1496 3829 eto.
1513 3773 1618 3844 (lfottfr.
1630 3774 1693 3845 ιιι).

79 3866 170 3940 fulget
189 3864 339 3939 mysterio,
355 3862 425 3936 quia
448 3861 661 3936 quadrifariam
685 3865 793 3918 sanctae
808 3861 904 3916 crucis
996 3863 1070 3928 Quid
1081 3861 1399 3935 igiturhaeverhorum
1410 3862 1783 3935 repugnantiaedooemur,

78 3955 204 4029 figuram
217 3953 366 4027 exprimit.
383 3953 416 4008 ln
442 3952 613 4009 summitate
638 3950 746 4022 quippe
770 3950 904 4022 ejusdem
960 3951 1017 4007 nisi
1039 3955 1072 4007 ut
1092 3950 1243 4007 hominem
1258 3950 1461 4023 imperfectum
1473 3951 1563 4007 simul
1578 3955 1608 4008 et
1621 3950 1784 4024 perfectum

78 4048 172 4102 mucis
186 4049 216 4100 et
230 4044 259 4100 in
276 4041 352 4114 basi,
368 4059 421 4098 neo
436 4058 494 4098 non
509 4041 540 4096 in
554 4039 680 4112 geminis
695 4038 825 4095 brachiis
836 4055 905 4110 qua·
960 4057 1047 4113 posse
1063 4040 1125 4095 fieri
1151 4039 1319 4096 fateamur?
1333 4039 1399 4094 ideo
1423 4039 1544 4114 quidem
1568 4040 1785 4111 imperfectum,

79 4132 225 4190 ternarius
241 4147 386 4188 uumerus
398 4130 554 4187 invenitur.
570 4129 636 4184 Hae
647 4126 767 4200 quidem
784 4127 826 4182 ita
840 4142 904 4183 esse
959 4131 1037 4202 quod
1049 4129 1109 4186 Deo
1119 4133 1305 4200 comparatus
1315 4126 1522 4201 perfectionem
1539 4127 1650 4184 nullam
1666 4128 1783 4198 habeat;

78 4221 215 4294 ipsovisu
225 4219 372 4294 corporali
382 4223 507 4293 possunt
517 4217 643 4290 probari.
656 4217 723 4282 Sed,
735 4217 760 4272 si
771 4216 905 4288 spiritua·
959 4218 1025 4274 ideo
1041 4223 1140 4275 autem
1155 4217 1327 4289 perfectum,
1344 4218 1369 4274 si
1385 4216 1615 4290 imperfectionis
1629 4221 1658 4274 et
1673 4217 1784 4291 fragili·

77 4309 150 4368 liter
163 4309 265 4367 altiora
283 4314 437 4382 penetrare
451 4307 585 4376 velimus,
603 4305 765 4362 maximum
780 4305 810 4360 in
825 4306 903 4377 ejus·
959 4307 1028 4363 tatis
1043 4324 1101 4363 sus
1117 4306 1314 4379 quantitatem
1321 4305 1434 4378 jugiter
1448 4307 1587 4364 attendat.
1605 4305 1680 4364 Hinc
1693 4306 1784 4364 etiam

78 4399 147 4458 dem
157 4398 370 4457 sanctacrucis
385 4395 566 4470 quadrifaria
580 4394 675 4468 figura
684 4397 903 4450 sacramentum
959 4395 1096 4452 Salomon
1112 4395 1200 4452 dicit:
1213 4395 1317 4467 Septies
1326 4394 1501 4466 justosmdtt
1514 4399 1541 4450 et
1554 4400 1678 4467 resurget
1692 4396 1784 4467 (from

77 4488 268 4562 reperiemus,
281 4485 360 4560 quod
375 4485 487 4543 scilicet
500 4483 673 4556 etsuperius
685 4482 733 4538 hic
746 4482 903 4537 dicendum
958 4485 1046 4556 xxiv).
1062 4488 1133 4540 Cum
1160 4500 1228 4556 ergo
1255 4484 1371 4557 longas
1395 4500 1426 4540 se
1441 4483 1606 4557 discrepare
1628 4484 1786 4540 rideantur

77 4579 279 4652 promisimus.
306 4576 381 4633 Nam
404 4574 562 4632 summitas
577 4574 642 4645 ejus
667 4587 807 4644 superna,
823 4571 904 4628 basis
918 4591 942 4657 Ι)
955 4575 1055 4644 iustus
1070 4578 1098 4628 et
1113 4573 1264 4641 cadens,id
1279 4577 1324 4628 est
1345 4571 1629 4644 peccans,quomodo
1643 4566 1784 4643 idemqui

78 4667 360 4739 iuferiora,utreque
373 4681 440 4721 vero
452 4662 571 4720 brachia
585 4661 676 4718 totius
692 4660 795 4716 muudi
812 4659 905 4716 ambi·
959 4663 1067 4735 septies
1082 4667 1183 4734 peccat
1198 4661 1368 4733 perhibetur
1386 4662 1497 4731 justus,
1514 4659 1571 4715 nisi
1586 4658 1656 4731 quia
1670 4659 1726 4716 hoo
1739 4662 1785 4718 est

78 4760 139 4814 tutu
152 4773 221 4815 eam
241 4754 391 4812 continere
417 4751 594 4827 significant.
612 4750 694 4806 Unde
708 4749 808 4805 nullus
823 4749 905 4805 locus
960 4751 1088 4808 maxima
1095 4752 1169 4822 justi
1177 4749 1382 4821 justitiasuam
1394 4747 1683 4821 injustitismjugiter
1697 4749 1784 4806 corde

80 4845 221 4902 ommate
236 4848 346 4901 sancte
356 4842 453 4899 crucis
467 4857 577 4896 vacuus
593 4856 658 4896 esse
672 4839 836 4896 credendus
850 4843 904 4894 est.
960 4841 1050 4898 simul
1065 4846 1094 4896 et
1113 4857 1161 4895 ore
1177 4838 1299 4895 Domino
1322 4838 1415 4907 fateri,
1431 4843 1519 4911 etque
1533 4839 1650 4895 eredere
1664 4855 1717 4911 per
1729 4838 1785 4896 hoc

113 4937 246 4992 Possunt
259 4932 346 4990 etiam
363 4947 416 5004 per
429 4931 566 4988 eumdem
591 4928 813 5001 quaternarium
837 4944 906 4999 qus-
959 4926 1783 5001 veniampeceatorumconsequifUudeetPsalmistaait:

79 5027 147 5080 tuor
168 5021 337 5096 Evangelia,
358 5037 412 5098 nep
435 5037 493 5076 nou
518 5023 643 5091 quatuor
666 5017 801 5084 virtutes,
817 5015 845 5070 id
862 5018 907 5071 est
961 5019 1116 5091 confitetor
1137 5017 1282 5074 odomeem
1296 5033 1339 5073 me
1349 5018 1491 5089 justitiam
1511 5033 1600 5073 meam
1615 5017 1743 5086 Domino,
1759 5019 1785 5073 et

76 5113 204 5186 justitie,
219 5111 387 5187 prudentia,
402 5107 606 5181 temperantia,
622 5106 762 5162 fortitudo
778 5120 906 5191 congrue
961 5113 991 5164 tu
1005 5108 1135 5163 remisisti
1150 5108 1317 5178 impietatem
1331 5115 1433 5179 peccott
1445 5108 1501 5164 mei
1514 5106 1600 5178 (Prot.
1611 5104 1699 5177 xxm).

79 5201 241 5277 designari,
995 5196 1037 5253 De
1051 5195 1223 5268 hujusmodi
1237 5195 1413 5268 perfectione
1428 5199 1457 5252 et
1470 5193 1690 5268 imperfectione
1704 5192 1784 5250 idem

112 5291 273 5360 Quinctius
287 5289 356 5348 licet
376 5288 406 5344 in
428 5286 576 5362 geminam
599 5284 843 5359 significationem
859 5300 904 5339 re·
960 5284 1196 5341 Psalmistaalias
1205 5285 1336 5357 apertius
1345 5281 1650 5357 loquitur.Cum'enim
1661 5286 1785 5357 orasset,

79 5383 240 5455 proborum
256 5379 370 5437 scilicet
384 5382 413 5435 et
425 5378 583 5434 electorum
599 5374 674 5431 flecti
690 5373 793 5447 possit,
805 5373 850 5428 vel
868 5373 903 5429 ob
960 5374 1060 5430 dicens
1078 5391 1085 5429 ι
1101 5375 1140 5431 Ab
1156 5374 1271 5431 oeeuttz's
1293 5375 1363 5431 meis
1385 5374 1489 5429 mendo
1503 5389 1555 5440 ote,
1571 5373 1735 5440 Dominaet
1749 5373 1786 5430 oi

78 5469 136 5529 troc
149 5471 222 5544 quia
235 5474 297 5527 tum
312 5466 391 5526 mala
417 5482 505 5539 quam
522 5465 598 5521 bona
622 5464 752 5536 quinque
767 5461 904 5518 sensibus
959 5466 1059 5520 attenti
1072 5481 1240 5535 porceserco
1255 5473 1312 5530 tuo,
1324 5481 1392 5520 mox
1407 5462 1571 5536 subjungit,
1583 5461 1625 5530 st,
1637 5461 1785 5535 inquiens,

77 5559 208 5634 corporis
221 5559 401 5629 efficiuntur,
414 5572 467 5614 seu
482 5571 533 5629 pro
545 5571 579 5610 eo
590 5553 668 5626 quod
684 5553 770 5608 fetuae
779 5550 868 5608 simul
877 5557 906 5609 et
957 5569 1014 5610 non
1028 5556 1136 5625 tuerint
1150 5554 1288 5611 dominati
1298 5552 1441 5611 subaudis
1452 5551 1618 5622 alienitvel,
1632 5556 1665 5608 ut
1677 5552 1708 5607 in
1721 5551 1787 5611 uiis

79 5642 902 5728 prudenteavirgines,sicutevangelioaverbatestantur,
959 5642 1110 5700 codicibus
1120 5643 1280 5714 invenitur,
1290 5639 1789 5716 dominata,subintslligis,delicta,
