3892 6096
111 214 173 291 Ι203
618 223 791 286 t'l'l'llLONl
813 219 989 285 lllOllAGlll
1010 220 1043 282 S.
1067 219 1313 284 ullllllullttll
1758 220 1820 283 tul

112 359 264 435 vigilantis
278 357 363 427 servi,
375 372 444 414 oum
459 354 601 413 Dominus
616 355 801 429 omnipotens
817 356 853 411 ad
869 370 936 410 eum
951 355 979 423 Α
993 352 1162 410 avertimus.
1179 356 1283 409 semen
1309 350 1465 425 germinat,
1485 354 1514 407 et
1539 350 1654 418 crescit,
1669 367 1738 409 cum
1763 369 1818 411 nos

113 445 938 521 venerit,inplurimisintimaturlibris,exquibusunam
994 441 1153 510 nescimus,
1171 441 1241 515 quia
1256 441 1345 498 semel
1360 444 1499 513 concepta
1517 440 1609 496 virtus
1626 442 1817 514 pergratiam

114 537 246 613 Apostoli
259 535 374 611 protero
390 535 577 602 sententiam,
594 534 719 591 dicentis
736 553 742 591 :
768 535 870 592 Oculus
884 550 939 590 non
996 531 1043 587 Dei
1059 532 1136 587 intra
1147 548 1200 587 nos
1211 530 1321 603 jugiter
1332 535 1455 604 augetur
1466 535 1494 585 et
1505 530 1541 585 ad
1555 534 1723 602 proveetum
1734 531 1818 587 duoi-

114 627 195 697 vidit,
208 641 258 683 nec
271 625 348 682 auris
362 624 478 692 audiuit,
494 639 544 680 nec
563 626 594 679 in
612 641 658 680 cor
673 624 792 681 bortrinis
804 623 938 695 asendit,
993 624 1051 677 tur.
1063 620 1143 677 Ultro
1159 626 1237 676 terra
1250 621 1408 676 fructilloat
1422 620 1552 691 primum
1567 619 1699 689 herbam,
1712 621 1819 680 deinde

113 730 177 789 quaa
187 715 359 789 preparavit
373 715 443 772 Dens
456 713 635 786 diligentibus
649 729 678 770 se
697 714 723 786 (l
738 713 800 770 Cor.
817 731 848 785 11,
863 713 902 784 9).
994 710 1114 782 spicam,
1130 710 1235 767 deindo
1252 710 1371 783 plenum
1387 709 1569 765 trumentum
1584 708 1614 764 iu
1630 709 1721 781 spica,
1737 726 1817 780 oum,

149 803 295 871 Quoniam
309 803 409 861 multe
425 806 495 862 sunt
510 802 665 860 hominum
680 802 870 876 cogitationes
884 802 939 858 hoo
993 799 1185 871 preveniente
1200 816 1254 854 nos
1270 798 1363 871 gratia
1376 798 1435 865 Dei,
1448 814 1531 854 mens
1547 803 1647 854 nostra
1661 805 1766 870 sponte
1781 800 1819 857 ad

113 893 301 971 solummodo
316 894 499 951 attendentes
520 892 646 966 qualiter
670 909 701 949 se
724 894 864 950 excusent
887 907 939 964 pro
994 888 1466 961 fructumbonioperisassurgit;
1481 887 1820 961 primumquidempro·

117 981 248 1058 quolibet
260 983 331 1042 vitio
345 983 424 1056 quod
439 981 482 1040 vel
497 981 764 1039 contrabominum
780 980 824 1038 vel
840 983 941 1037 contra
994 979 1104 1034 ducens
1119 993 1208 1050 opera
1222 980 1310 1044 recta,
1327 977 1376 1033 sed
1394 976 1588 1033 teneritudine
1607 978 1735 1050 quadam
1759 980 1819 1035 cir-

115 1072 282 1147 proximum
293 1071 491 1144 committunt,
503 1071 654 1137 Dominus,
665 1070 835 1143 hujusmodi
846 1067 941 1125 stulti·
994 1068 1132 1124 oumdata
1159 1070 1187 1123 el
1215 1066 1311 1122 adhuc
1340 1070 1441 1122 contra
1468 1065 1626 1138 cujuslibet
1648 1067 1821 1126 tentationis

118 1163 190 1220 tiam
213 1160 385 1237 previdens,
410 1161 463 1219 scit
488 1162 561 1217 enim
590 1160 769 1230 nuntiationes
797 1158 941 1216 bominum
996 1156 1123 1229 impetus
1147 1156 1286 1224 inllrma;
1310 1154 1415 1212 deinde
1436 1170 1502 1211 vcro
1521 1155 1658 1212 virtutem
1674 1157 1821 1230 cujusque

117 1250 653 1327 quonlamuaneesanttl’sal.xcur,ll),
663 1249 832 1306 omnimoda
842 1248 941 1305 admo·
995 1246 1091 1318 operis
1113 1245 1181 1302 boni
1206 1248 1329 1313 tantam,
1346 1244 1426 1301 utait
1448 1243 1545 1300 valida
1570 1248 1671 1302 contra
1695 1262 1822 1319 quaeque

118 1340 231 1399 uitione
245 1340 382 1411 occurrit,
397 1344 432 1397 ut
446 1357 496 1398 eos
525 1357 541 1396 a
556 1338 780 1411 cogitationibus
795 1336 941 1411 perversis
994 1338 1185 1391 tentamenta.
1202 1335 1324 1391 Plenum
1344 1337 1442 1390 autern
1459 1334 1639 1390 trumentum
1656 1337 1726 1390 tnnc
1741 1340 1823 1392 terra

120 1428 256 1506 corrigat.
272 1429 355 1488 Unde
379 1430 410 1486 in
434 1428 589 1502 Evangelio
605 1428 751 1501 quoslibet
766 1428 939 1498 admonens,
995 1424 1236 1491 fructificat‚cum
1248 1425 1278 1479 in
1290 1423 1369 1479 omni
1381 1440 1466 1496 opere
1477 1423 1553 1479 bono
1563 1423 1732 1495 proficimus
1743 1428 1773 1481 et
1783 1425 1821 1482 ad

116 1517 209 1575 dicit:
237 1520 269 1575 ln
291 1535 348 1592 qna
370 1533 503 1575 mensura
528 1519 618 1574 mensi
640 1518 761 1590 fueritis,
781 1518 942 1572 remetietur
995 1512 1182 1586 perfectionis
1208 1513 1407 1569 maturitatem
1434 1512 1604 1568 solidamur.
1627 1515 1760 1585 cumque
1787 1529 1822 1570 eo

115 1607 190 1666 vobis
204 1606 310 1682 (llattlt.
322 1607 410 1680 v11,2)
424 1633 431 1678 ;
447 1606 532 1680 quasi
546 1607 675 1663 diceret:
694 1629 705 1656 ι
723 1604 817 1663 Nolite
832 1605 942 1661 frustra
996 1603 1116 1659 mudum
1132 1619 1163 1658 so
1179 1601 1346 1675 produxerit
1359 1601 1482 1666 tructus,
1495 1600 1659 1674 messisque
1670 1602 1822 1659 advenorIt

117 1695 249 1755 laborare
263 1696 318 1755 hoo
333 1696 488 1770 cogitando
500 1695 578 1768 quod
594 1694 639 1751 vel
654 1693 766 1750 occulta
781 1694 825 1750 vel
841 1698 942 1767 aperta
955 1729 980 1795 B
994 1697 1122 1764 tempus,
1151 1692 1251 1748 statim
1278 1691 1365 1747 homo
1393 1690 1484 1747 mittit
1512 1689 1616 1747 falcem
1645 1695 1674 1748 et
1702 1692 1822 1750 desecat

117 1787 242 1844 crimina
254 1788 351 1843 vestra
365 1784 458 1842 Deum
477 1783 599 1851 lateant,
614 1786 647 1840 ut
669 1784 773 1840 exinde
794 1782 939 1856 judicium
996 1797 1122 1838 messem
1134 1798 1140 1848 ;
1153 1781 1223 1853 quia
1233 1779 1586 1852 omnipotensDeus,oum
1596 1797 1822 1855 unumquemqe

117 1874 181 1947 ejus
195 1875 315 1932 evadere
329 1873 467 1947 possitis;
483 1874 539 1930 scit
553 1872 632 1930 enim
653 1876 681 1929 et
698 1872 728 1927 id
749 1872 847 1945 ipsum
863 1873 941 1945 quud
996 1872 1033 1928 ad
1062 1888 1149 1944 opera
1177 1870 1303 1942 perlecta
1331 1869 1507 1942 perduxerit,
1532 1870 1596 1941 ejus
1625 1871 1820 1943 temporalem

118 1962 265 2037 cogitatis,
276 1961 403 2036 qualiter
415 1962 648 2035 unumquodque
659 1961 761 2018 vitium
777 1978 834 2018 non
851 1960 941 2035 poeni·
996 1960 1086 2016 vitam
1103 1976 1155 2031 per
1169 1960 1307 2015 emissam
1324 1958 1499 2015 sententiam
1516 1957 1630 2026 incidit,
1646 1963 1680 2014 ut
1693 1975 1821 2032 granum

24 2046 28 2053 ¹
121 2051 209 2109 tendo
232 2051 283 2109 sed
308 2052 474 2109 excusando
488 2049 610 2124 possitis
624 2067 721 2108 coram
736 2068 769 2108 eo
785 2051 942 2107 occultare.
998 2065 1086 2105 suurn
1110 2049 1146 2105 ad
1171 2047 1300 2105 coelestia
1321 2046 1426 2103 horrea
1450 2048 1600 2119 perducat.
1622 2046 1688 2104 Haeo
1711 2048 1824 2121 itaque,

121 2140 178 2198 Sed
205 2141 275 2214 quia
298 2141 353 2197 hoo
372 2157 430 2198 nan
445 2139 542 2198 solum
557 2138 630 2195 nihil
646 2140 773 2212 prodest,
790 2140 944 2196 sedetiam
999 2139 1103 2194 tratres
1118 2136 1295 2203 charissimi,
1314 2137 1508 2205 attendentes,
1525 2136 1688 2210 supplicate
1702 2137 1762 2194 Dea
1778 2142 1824 2208 ut,

120 2229 250 2288 multum
264 2234 359 2300 nocet,
371 2234 483 2288 mentes
497 2233 609 2287 vestras
629 2229 764 2303 corrigite
778 2228 945 2301 paenitendo
999 2227 1024 2284 si
1038 2227 1068 2282 in
1084 2227 1175 2283 herba
1189 2225 1303 2299 pusillae
1318 2225 1396 2298 fidei,
1411 2224 1456 2281 vel
1471 2230 1577 2282 tenere
1599 2225 1763 2285 devotionis
1788 2226 1825 2284 ad

120 2320 150 2374 el
165 2319 331 2377 confitendo
345 2323 464 2391 peccata
477 2323 586 2388 vestra,
600 2318 732 2375 iaciendo
748 2333 864 2390 qnoque
879 2317 946 2374 aliis
1000 2316 1132 2373 studium
1147 2316 1228 2372 bonu
1245 2315 1367 2372 actionis
1389 2314 1484 2370 adhue
1499 2315 1580 2384 estis,
1596 2313 1644 2371 ille
1657 2315 1741 2373 vobis
1755 2332 1826 2374 oon·

121 2420 186 2479 que
197 2406 288 2464 vultis
303 2406 369 2463 illos
386 2407 479 2463 lacere
494 2406 587 2463 vobis.
604 2406 634 2462 Si
655 2407 702 2463 cui
723 2405 821 2478 aliqua
836 2405 946 2463 lecistis
1001 2406 1101 2462 cedere
1114 2405 1251 2478 dignetur
1265 2404 1322 2460 tale
1336 2404 1561 2477 incrementum,
1575 2403 1722 2477 talemque
1737 2404 1827 2478 spiri·

121 2495 421 2563 damna,omnimoda
437 2494 567 2552 laborate
583 2495 823 2551 utrestituuntur
838 2494 945 2563 ablata,
1000 2500 1049 2550 tus
1073 2494 1284 2562 maturitatem,
1309 2497 1454 2565 quatenus
1483 2494 1519 2549 nd
1549 2492 1669 2565 plenum
1695 2494 1827 2550 tractum

120 2586 182 2655 aut,
196 2582 222 2640 si
235 2583 291 2640 hoc
305 2586 464 2657 paupertas
477 2582 612 2656 impedit,
623 2586 684 2639 tam
699 2599 717 2639 a
730 2582 789 2639 Deo
805 2598 893 2654 quam
910 2582 946 2638 ab
1000 2583 1137 2657 perennis
1151 2582 1215 2639 vitu
1231 2582 1402 2639 mereamini
1417 2581 1575 2654 pervenire.

120 2670 172 2727 illo
194 2671 242 2728 oui
263 2670 372 2729 damna
389 2674 460 2729 sunt
476 2670 553 2728 iacta
567 2668 703 2744 precibus
719 2671 832 2728 intimis
846 2669 947 2728 indul·
1036 2672 1112 2728 Sunt
1130 2671 1217 2728 etiam
1242 2671 1328 2728 multi
1349 2671 1399 2743 qui
1424 2671 1603 2728 arbitrantur
1624 2687 1659 2728 ex
1681 2669 1828 2728 diabolica

121 2760 219 2834 gentio
233 2764 359 2835 petatur.
376 2760 407 2818 Si
421 2776 489 2834 ergo
504 2760 534 2817 in
550 2760 605 2817 hae
620 2776 760 2817 mensura
774 2761 869 2817 mensi
884 2760 946 2817 tue·
1001 2762 1405 2834 lleripatestatequacunque
1416 2759 1827 2833 noxiaetadversainmundo

122 2847 189 2907 ritis
198 2849 455 2921 aliis,rernetietur
464 2850 594 2923 prolecto
603 2849 797 2907 vobiseadem
808 2865 948 2908 mensura
1002 2849 1197 2922 contingunt:
1224 2850 1332 2922 quibus
1353 2851 1545 2922 respondetur
1559 2848 1588 2904 in
1605 2848 1760 2922 Evangelio
1776 2864 1829 2922 per

123 2954 141 2995 a
163 2937 297 2996 Domino.
314 2960 329 2989 n
355 2938 496 2996 llamdem
518 2954 635 3012 qnoque
650 2939 825 2996 seutentiam
841 2939 947 2996 confir·
1001 2936 1829 3012 illurnquemDominnsouravit,expellensabeodaemo-

122 3040 210 3086 mans
223 3026 366 3086 Dominus
381 3025 544 3102 subjungit,
561 3027 660 3086 dicens
675 3045 682 3083 :
700 3029 753 3097 Qui
766 3030 841 3086 enim
855 3028 946 3098 babet,
989 3013 1055 3085 ¹nes
1067 3029 1180 3101 legionis
1191 3045 1296 3085 nornen
1310 3027 1462 3089 babentes.
1474 3027 1566 3084 lidem
1579 3043 1707 3101 namque
1718 3028 1827 3085 damo-

123 3115 240 3174 dabitur
253 3116 319 3182 stra·
342 3125 368 3174 et
389 3119 438 3189 qai
459 3134 518 3173 noa
540 3118 629 3186 tuln,
644 3119 729 3174 ctiam
748 3117 818 3190 quod
840 3100 983 3175 vitaturi}
1002 3116 1826 3190 nes,oumseexpellendosessaabhomineagnoacerent,

123 3204 222 3263 baben
235 3206 377 3278 cosmetur
395 3206 429 3262 alr
449 3221 479 3264 ea
494 3205 599 3278 (llattt.
614 3223 681 3276 xxv,
696 3206 753 3278 29).
769 3207 836 3271 Qua
858 3207 945 3264 nimi·
1001 3207 1115 3264 nisibus
1139 3208 1208 3263 totis
1233 3207 1465 3279 deprecabantur
1487 3205 1646 3262 Dominum
1671 3205 1826 3263 dicentes:

122 3310 189 3351 rum
199 3294 299 3363 verba,
311 3299 344 3351 ut
358 3294 516 3365 credimus,
527 3295 569 3352 itu
584 3299 653 3352 sunt
667 3295 875 3369 intelligenda:
892 3296 947 3363 Qui
1000 3297 1076 3352 llittc
1097 3311 1145 3352 nos
1160 3297 1189 3351 tn
1202 3310 1308 3369 porcas,
1324 3303 1355 3351 nt
1376 3298 1406 3351 tn
1428 3310 1473 3352 cas
1486 3296 1657 3351 introeamus
1672 3295 1784 3367 (llattlt.
1798 3308 1826 3364 v,

121 3383 408 3441 habetcuramhano
422 3386 456 3440 ut
470 3383 750 3458 donajamaocepta
763 3384 946 3442 benedistri·
1004 3387 1056 3458 12),
1083 3386 1241 3457 statimque
1262 3402 1279 3442 a
1301 3385 1372 3441 lesu
1396 3388 1515 3456 accepta
1537 3383 1656 3440 licentia
1686 3388 1825 3441 exeuntes

122 3470 203 3542 buat,
219 3470 337 3529 dabitur
356 3470 399 3529 illi
424 3478 458 3528 ut
482 3471 555 3529 alias
570 3474 658 3530 etiam
673 3474 797 3531 virtutes
812 3473 945 3547 accipiat.
1001 3473 1215 3530 introieruntin
1228 3490 1342 3546 porcos,
1354 3478 1383 3530 et
1393 3490 1500 3546 magno
1513 3473 1625 3545 impetu
1638 3488 1709 3547 grex
1724 3488 1825 3547 poroo·

122 3559 178 3627 Qui
190 3563 289 3616 autem
301 3576 402 3616 euram
413 3559 586 3631 hujusmodi
599 3578 656 3618 non
672 3561 771 3633 habet,
782 3561 845 3634 ipse
858 3562 947 3619 etiam
1001 3579 1066 3618 rum
1080 3563 1279 3635 praeoipitatus
1289 3567 1334 3618 est
1344 3562 1373 3618 in
1385 3562 1516 3619 marala
1527 3578 1585 3633 qua
1597 3561 1739 3619 nimirum
1750 3563 1826 3619 lacta

123 3645 251 3720 cognitio
264 3646 371 3704 salmis
385 3651 508 3719 eternae,
525 3664 614 3719 quam
630 3666 648 3704 a
666 3651 761 3723 gratia
775 3650 825 3706 Dei
847 3651 946 3707 datam
1001 3668 1102 3709 omnes
1113 3656 1238 3724 possunt
1261 3651 1374 3708 edoceri
1388 3652 1468 3724 quia,
1480 3651 1505 3707 si
1534 3650 1668 3708 diabolus
1690 3667 1749 3709 uon
1774 3650 1826 3708 lra-

121 3734 547 3810 babuit,auiereturubeo,ita
560 3735 641 3807 utin
652 3739 808 3809 reprobum
825 3755 946 3796 sonsum
1001 3741 1066 3797 buit
1081 3745 1254 3812 potestatem
1280 3740 1385 3796 laedere
1405 3756 1517 3812 porcos,
1535 3741 1585 3812 qui
1600 3743 1669 3797 sunt
1682 3738 1827 3798 animalia

123 3825 243 3897 eadem,
257 3824 346 3883 laniat
360 3840 394 3882 ea
409 3841 471 3897 quae
487 3841 546 3882 non
563 3824 749 3882 conveniunt.
1000 3829 1153 3897 vilissima,
1165 3828 1221 3885 nisi
1238 3829 1411 3901 permissus,
1425 3827 1620 3885 multominus
1633 3827 1736 3884 ledere
1750 3844 1826 3902 pra·

157 3912 269 3971 Deinde
282 3929 350 3970 vero
360 3913 445 3987 quasi
456 3911 564 3985 aliquis
578 3917 720 3986 quareret
735 3915 782 3972 cui
795 3916 837 3973 rei
850 3918 947 3989 quod·
999 3918 1075 3975 valet
1090 3934 1268 3990 quemquam
1285 3916 1445 3986 bominem,
1457 3918 1635 3974 animalibus
1650 3917 1765 3975 cunctis
1775 3932 1826 3976 ex·

122 3998 196 4060 libet
210 4018 285 4075 opus
297 4003 411 4060 bonum
425 4002 456 4059 in
478 4002 572 4072 initio,
587 4008 615 4061 et
629 4005 659 4060 in
676 4004 799 4079 longiori
814 4007 945 4079 proiectu
1000 4006 1207 4078 cellentiorem,
1223 4006 1279 4063 nisi
1301 4024 1318 4064 a
1339 4011 1397 4063 Deo
1413 4007 1535 4079 accipiat
1550 4009 1735 4079 potestatem.
1750 4006 1825 4064 Cum

123 4092 153 4148 e't
168 4087 205 4146 'in
228 4091 404 4164 perfectione
419 4089 509 4148 simul
525 4092 609 4159 roret,
625 4091 707 4150 addit
720 4093 944 4152 similitudinem
999 4097 1077 4152 enim
1088 4094 1222 4152 homines
1233 4095 1328 4167 magis
1339 4095 1456 4153 diabolo
1467 4111 1556 4168 quam
1567 4100 1623 4152 Deo
1636 4095 1745 4153 servire
1759 4099 1827 4153 atn-

120 4179 201 4238 unde
216 4180 337 4254 questio
351 4180 419 4238 talis
434 4179 545 4238 absolvi
558 4181 662 4253 possit,
674 4182 791 4240 dicens:
813 4203 824 4232 ι
839 4184 886 4241 Sic
901 4190 946 4242 est
999 4185 1124 4253 duerint,
1136 4188 1205 4241 tunc
1221 4185 1339 4241 dabitur
1353 4185 1378 4241 ei
1395 4188 1523 4258 potestas
1540 4184 1702 4253 nDomino,
1715 4189 1750 4241 ut
1761 4200 1827 4243 eoa·

119 4268 944 4344 reguumDei,quemadmodumsihomojaciatsemenin
998 4272 1827 4347 dem,quisibiservirestudent,allligens,laciataentin

119 4352 208 4428 tarra,
219 4363 248 4416 et
260 4358 396 4432 dormiat,
407 4363 437 4417 et
446 4363 583 4434 exsurgat
594 4363 679 4418 nacte
690 4376 724 4418 ae
734 4361 792 4429 die,
802 4367 831 4418 et
843 4378 943 4420 semen
998 4363 1094 4436 qualis
1105 4363 1142 4419 sit
1153 4363 1290 4419 dominus
1300 4361 1349 4420 ille
1359 4363 1404 4419 aui
1416 4364 1607 4419 decreverunt
1619 4362 1740 4436 servire,
1751 4379 1825 4438 qua·

119 4441 275 4524 germinet,
291 4453 320 4506 et
334 4453 446 4506 crescat
460 4450 532 4505 dum
548 4448 641 4506 nescit
662 4448 712 4506 ille
729 4467 736 4506 :
765 4449 841 4507 ultro
863 4452 942 4508 enim
958 4469 982 4535 1)
996 4457 1083 4510 tenus
1097 4453 1141 4508 vel
1159 4451 1258 4508 alllicti
1268 4456 1411 4525 cogantur
1420 4452 1544 4510 Domino
1559 4468 1626 4508 vera
1640 4450 1789 4509 submitti.

117 4542 198 4597 terra
210 4538 379 4606 li‘uctilioat,
395 4537 525 4611 primum
540 4537 673 4607 herbam,
689 4539 794 4596 delude
817 4540 941 4613 spicam,
1033 4541 1218 4597 Pensandum
1234 4540 1428 4598 nihilominus
1442 4545 1487 4598 est
1501 4542 1578 4614 quod
1595 4541 1621 4597 ei
1632 4541 1683 4612 qui
1699 4544 1825 4599 sanatus

118 4626 355 4702 deiudeplenum
366 4627 546 4684 trumentum
557 4626 588 4683 in
599 4625 699 4700 spioa;
715 4631 863 4684 etcumse
875 4645 942 4701 pro-
996 4630 1102 4696 lueret,
1119 4646 1135 4685 a
1150 4628 1273 4685 Domino
1288 4630 1456 4702 precipitur
1479 4634 1523 4697 ut,
1540 4629 1567 4684 in
1593 4628 1715 4685 domum
1735 4642 1825 4685 suam

118 4716 232 4773 duxerit
243 4717 473 4788 tructus,statim
484 4715 577 4773 mittit
586 4715 848 4788 falcem,quoniam
860 4718 943 4775 adest
995 4717 1277 4784 vadens,annuntiet
1286 4717 1389 4774 vicinis
1400 4718 1462 4774 suis
1473 4720 1613 4789 quantam
1626 4715 1683 4772 sibi
1695 4716 1824 4790 gratiam

118 4804 235 4861 massis.
248 4826 263 4854 »
278 4804 369 4876 Cujus
380 4803 515 4861 videlicet
527 4803 673 4877 parabolae
687 4819 792 4861 seusus
807 4809 850 4861 est
865 4805 940 4862 iste:
995 4805 1137 4863 Dominus
1152 4806 1261 4878 lecerit,
1276 4810 1304 4863 et
1319 4807 1465 4879 quomodo
1481 4806 1526 4862 sui
1543 4807 1682 4862 misertus
1707 4804 1823 4862 ltrerit:

117 4894 251 4965 llegnum
263 4891 314 4948 uei
325 4896 371 4948 eet
383 4891 535 4963 quodlibet
544 4909 618 4965 opus
628 4893 749 4963 bonnm,
760 4893 836 4964 quod
852 4893 940 4950 nimi·
995 4897 1073 4967 quod
1084 4895 1195 4951 seilicet
1204 4894 1352 4966 geminam
1361 4894 1572 4967 babereputest
1582 4892 1824 4967 intelligentiam.

118 4992 185 5036 rum
209 4995 284 5052 opus
310 4979 395 5052 quasi
419 4995 518 5036 semen
543 4981 573 5035 in
597 4985 675 5037 terra
696 4983 856 5054 jactamus,
872 4998 939 5039 cum
993 4983 1058 5041 Una
1072 4983 1179 5056 quippe
1193 4984 1277 5039 docet
1291 5000 1345 5040 nos
1364 4982 1555 5056 spiritualiter
1580 4987 1622 5054 ut,
1638 4981 1674 5038 ad
1698 4982 1825 5039 domum

115 5067 309 5127 intentionem
322 5069 430 5125 bonam
446 5068 526 5125 cordi
540 5073 641 5126 nostro
655 5069 823 5127 inserimus.
835 5073 938 5130 Samen
994 5072 1178 5129 conscientie
1193 5077 1299 5127 nostra
1316 5072 1434 5144 reversi,
1450 5072 1642 5128 emendemus
1661 5071 1692 5126 in
1715 5070 1826 5128 melias

115 5158 194 5217 enlm
204 5158 235 5216 in
246 5162 324 5215 terra
335 5157 461 5226 mittere,
472 5161 518 5214 est
528 5157 674 5214 desideria
688 5158 764 5215 bona
776 5160 937 5233 canoipere.
993 5163 1070 5233 quod
1089 5163 1257 5232 ignoranter
1278 5162 1472 5233 peccavimus,
1489 5162 1589 5234 sicque
1613 5175 1665 5232 per
1689 5158 1826 5217 melioris

114 5247 273 5321 Postquam
282 5262 350 5303 vero
362 5262 462 5304 semen
474 5245 503 5303 in
513 5251 592 5303 terra
600 5247 819 5320 jactaverimus,
831 5248 939 5306 dormi·
991 5251 1055 5307 ritae
1066 5251 1314 5307 conversationem
1327 5252 1537 5307 annuntiemus
1553 5250 1690 5305 virtutem
1702 5246 1824 5305 Domini

115 5348 193 5409 mus,
209 5337 280 5410 qnia
298 5336 363 5409 jam
387 5336 417 5392 in
441 5352 493 5410 spe
515 5335 584 5393 boni
604 5337 699 5409 operis
714 5337 936 5421 requiescimus.
991 5340 1116 5396 innubis
1127 5339 1390 5396 laetam.Aliavero
1402 5334 1826 5413 intelligentia,licetoarnaliu
1854 5340 1859 5345 '

114 5424 204 5484 Nocte
219 5441 252 5482 ac
267 5425 315 5482 die
329 5426 441 5485 interea
455 5426 618 5500 surgimus,
630 5426 655 5484 si
670 5443 723 5484 nec
738 5443 790 5501 per
804 5429 937 5498 adversa,
991 5429 1039 5498 sit,
1056 5434 1152 5503 potest
1167 5434 1265 5486 tamen
1281 5429 1426 5487 adificare
1442 5427 1567 5501 aliquos,
1578 5427 1686 5483 docens
1702 5430 1737 5482 ut
1752 5440 1823 5500 gra·

112 5528 166 5577 neo
188 5529 240 5591 per
263 5530 402 5591 prospera
424 5533 442 5577 a
463 5517 569 5576 timore
582 5519 611 5575 et
624 5531 724 5575 amore
737 5515 788 5575 Dei
802 5517 935 5579 animum
990 5520 1063 5578 tiam
1078 5519 1140 5594 Dei,
1157 5535 1220 5593 qua
1236 5536 1289 5578 nos
1304 5519 1373 5578 lecit
1388 5518 1577 5593 corporaliter
1589 5532 1688 5591 sanos,
1704 5530 1825 5581 aarum
