3892 6096
773 276 888 354 lars.
1621 272 1681 369 '100'

93 424 208 485 loannis
223 425 369 498 precibus,
385 425 443 484 leti
457 429 486 482 ct
499 423 662 482 incolumes
678 423 713 482 ad
729 441 796 499 pro·
811 424 840 493 A
854 439 929 481 care.
940 422 991 481 Cui
1001 426 1242 504 quaedamimago
1256 429 1372 505 fulgens
1380 434 1514 506 protinus
1522 435 1678 508 assistens,

93 518 258 573 uertuntur.
284 515 406 583 Quidam
432 513 592 571 monachus
616 513 802 571 Pistoriensis
856 516 886 569 et
900 514 965 585 eJus
989 512 1072 572 lateri
1098 520 1254 591 utramque
1276 537 1397 578 manum
1422 538 1582 598 apponens,
1598 525 1679 583 illam

93 603 150 661 scii
163 605 262 660 Sancti
272 604 384 678 Angeli,
398 604 607 660 interveniente
616 603 801 670 necessitate,
856 603 923 660 lorti
931 601 1021 660 veloci
1029 604 1254 681 impulsusuper
1261 611 1682 686 pontemreduxit;eiquemox

93 708 130 763 er,
145 698 244 767 ageret
257 694 292 749 ad
316 692 471 763 quemdam
487 696 605 765 pontem
620 691 802 765 perveniens,
856 692 1032 751 vestimenta
1046 694 1177 752 caballus
1192 697 1227 752 de
1241 713 1299 769 quo
1311 699 1463 771 ceciderat,
1480 701 1550 758 dum
1566 718 1684 760 conare-

95 787 109 840 t
123 798 158 840 ex
172 798 248 856 equo
262 782 450 852 descendere,
464 781 714 856 sequeconiidens
728 797 802 853 equo
858 783 908 836 tur
921 796 1087 856 assurgere,
1103 798 1179 856 genu
1204 800 1351 857 premens,
1361 788 1464 844 tandiu
1484 791 1579 846 tenuit
1592 791 1685 849 donec

93 874 156 930 ,tem
183 871 388 929 convenienter
410 869 570 943 transvehi,
594 868 668 926 nihil
682 870 805 927 timebat
859 870 1021 928 monachus
1036 873 1174 928 menibus
1190 875 1326 930 reductus
1337 891 1446 947 equum
1460 878 1687 952 comprehende·

93 961 167 1020 nodi.
197 965 269 1017 burn
298 964 395 1017 autem
427 977 479 1033 per
506 964 626 1032 pontem
656 957 802 1030 transiret,
858 963 912 1027 ret,
934 959 1056 1033 ejusque
1080 965 1212 1016 ventrem
1235 961 1417 1031 subintrans,
1443 966 1686 1038 pontemillaesus

93 1050 361 1135 eximprovisosub
379 1051 451 1122 pede
471 1048 706 1123 lapsuscorruit.
722 1047 805 1104 Unde
859 1048 1037 1106 ascenderet.
1054 1050 1279 1122 Sioquclactum
1295 1052 1434 1121 est,dum
1447 1055 1619 1129 monachus,
1636 1058 1686 1130 qui
1735 1042 1740 1046 ’

93 1157 142 1197 rus
153 1139 203 1212 qui
216 1139 242 1195 oi
256 1139 475 1211 supersedebat,
489 1138 516 1193 vi
529 1136 660 1193 cadentis
673 1136 740 1209 equi
751 1136 806 1192 ior·
860 1138 946 1193 morti
961 1137 1114 1195 videbatur
1128 1156 1192 1196 osso
1215 1140 1337 1210 ricinus,
1363 1142 1440 1198 boati
1455 1144 1547 1216 patris
1561 1144 1684 1203 ioannis

93 1228 218 1302 apulsus,
244 1232 326 1284 extra
350 1231 469 1300 pontem
496 1225 609 1295 cecidit,
635 1230 664 1282 et
698 1241 805 1298 pavore
861 1242 966 1284 nomon
1004 1227 1215 1300 congeminatio
1251 1230 1376 1287 fideliter
1412 1235 1564 1304 repeteret,
1605 1233 1684 1293 illius

103 1317 260 1392 repentina
284 1315 667 1388 perterritus,rcvercndum
692 1319 805 1388 patrem
860 1316 997 1388 praesidio
1012 1332 1070 1373 non
1096 1316 1191 1374 solum
1216 1320 1323 1375 meruit
1347 1319 1382 1376 ab
1406 1320 1575 1378 imminenti
1592 1328 1686 1381 morte

94 1423 124 1463 m
140 1405 265 1463 fideliter
279 1405 428 1476 invocans,
442 1420 560 1478 semper
573 1407 710 1477 paratum
724 1404 806 1475 adju·
860 1404 945 1477 eripi,
960 1420 1062 1462 verum
1077 1405 1165 1463 etiam
1179 1406 1309 1479 pristinae
1329 1408 1448 1466 sanitati
1463 1425 1497 1466 ex
1511 1410 1626 1487 integro
1641 1428 1688 1470 re·

93 1494 146 1553 atei
172 1496 364 1560 succurreret,
376 1492 471 1549 valido
486 1491 613 1548 clamore
624 1491 711 1564 coepit
726 1492 807 1547 invo-
861 1493 943 1550 stitui
957 1494 1025 1568 (ΙΙ).

92 1638 221 1712 loquitur
235 1637 265 1692 in
280 1636 409 1718 editione
424 1636 555 1718 Romana
570 1634 645 1691 alius
660 1633 734 1690 libor
748 1633 807 1690 mi·
861 1635 897 1691 de
911 1634 1062 1717 ltnggiolo,
1078 1637 1215 1709 superius
1235 1637 1356 1719 laudati,
1380 1641 1431 1723 qui
1452 1641 1489 1698 de
1503 1633 1592 1700 variis
1606 1661 1689 1703 ener-

93 1726 157 1778 um,
174 1725 268 1783 quma
291 1711 444 1765 recentiora
459 1710 577 1763 auctore
602 1722 706 1778 parum
721 1722 807 1762 accu-
861 1721 997 1779 gumenrs
1010 1724 1028 1764 a
1042 1712 1144 1764 sancto
1158 1708 1271 1766 Joanno
1286 1710 1417 1769 liberatis
1431 1713 1501 1786 agit.

93 1781 163 1854 ‚u'pta
171 1785 251 1838 sunt.
261 1779 461 1836 Proelerendus
470 1776 629 1835 essctliber
639 1776 807 1850 Hieronymi

93 2112 121 2264 i
173 2107 566 2265 SANCTO
616 2106 662 2258 J
666 2106 1022 2261 OANNE
1070 2108 1688 2271 GUALBERTO

738 2372 948 2458 ABBATE

93 2546 185 2610 ornis
207 2541 543 2607 vamuneaosmu
565 2540 806 2602 ruanarosu
827 2541 867 2601 ru
885 2540 1141 2602 uonnsramo
1156 2542 1391 2606 rassrrumo
1413 2545 1452 2607 m
1475 2548 1651 2611 urauara

577 2712 1103 2811 COMMENTARIUS.

448 2904 542 2978 (Apud
557 2902 701 2976 Bolland.‚
717 2902 789 2959 Julii
803 2904 875 2959 tom.
891 2902 940 2974 ΙΙΙ,
954 2903 1002 2961 die
1016 2906 1060 2975 12,
1076 2919 1143 2978 pag.
1160 2906 1235 2979 311.)

111 3190 127 3258 5
141 3186 163 3244 Ι.
175 3185 271 3242 Sancti
282 3184 376 3257 patria
389 3197 488 3238 nomen
503 3184 528 3237 ct
542 3189 669 3237 stamma.
827 3181 851 3246 Β
867 3178 1023 3250 nandoque
1037 3180 1101 3251 ejus
1116 3181 1267 3238 nobilitato
1278 3183 1398 3255 quidam
1409 3184 1534 3243 nimium
1547 3186 1620 3243 mibi
1635 3188 1694 3246 sol-

93 3267 817 3339 ctissimusVallumbrosaniOrdinisinstitutor,si-
870 3266 940 3323 liciti
965 3266 1056 3324 luisse
1079 3268 1221 3326 videntur.
1247 3271 1326 3327 Inter
1348 3270 1421 3330 alios
1447 3273 1480 3329 R.
1504 3278 1538 3330 D.
1561 3274 1696 3334 Tiberius

93 3382 118 3422 re
135 3359 817 3430 acerrimusSimoniacabareseosoppugnator
872 3355 1036 3412 Petracaius
1059 3356 1192 3414 arborem
1215 3358 1431 3432 genealogicam
1456 3361 1555 3432 erexit,
1580 3363 1609 3417 in
1639 3380 1697 3436 qua

93 3445 817 3512 communissimamhistoricorumsentcntiamna·
871 3448 1037 3500 maternum
1048 3444 1128 3501 illius
1142 3460 1235 3517 genus
1246 3446 1364 3503 deducit
1374 3448 1598 3523 excaroiingico
1608 3450 1697 3508 Fran·

93 3548 101 3600 t
115 3541 264 3600 Florentia
277 3539 382 3597 celebri
398 3537 488 3593 ltaliae
504 3535 618 3592 civitate
636 3535 749 3591 Patrem
763 3533 815 3589 ba·
873 3549 973 3589 corum
985 3536 1150 3601 stemmate,
1162 3550 1195 3590 ac
1205 3534 1272 3591 dein
1283 3537 1335 3608 per'
1344 3552 1460 3595 ramum
1471 3537 1544 3594 illud
1552 3540 1699 3597 connectit

93 3630 277 3691 aelbertum:
295 3631 418 3684 matrem
433 3642 511 3692 vero,
525 3628 558 3680 ut
568 3623 689 3696 quidam
703 3621 816 3688 uolunt,
873 3638 939 3678 cum
952 3620 1060 3678 illustri
1076 3621 1250 3678 Ubertcrum
1273 3622 1395 3695 familia,
1419 3641 1508 3699 quam
1523 3633 1699 3702 exaugusto

93 3736 179 3779 naeu
194 3718 357 3785 Camillam,
374 3717 409 3772 de
424 3731 482 3788 qua
503 3718 602 3769 tamen
617 3711 731 3784 antiqui
745 3710 819 3768 Vita
872 3714 1003 3767 veterum
1018 3710 1216 3767 Romanorum
1227 3715 1313 3785 gente
1328 3712 1505 3784 processisse
1519 3730 1588 3773 oum
1603 3717 1701 3774 Ricar-

93 3826 148 3867 rrcs
163 3825 221 3865 non
237 3806 443 3864 meminerunt.
460 3801 578 3860 Nemini
589 3801 617 3857 S.
629 3799 752 3857 Joannis
767 3799 817 3856 ad·
873 3798 949 3855 dano
964 3797 1126 3871 Malaspina
1141 3799 1266 3872 aliisque
1279 3800 1438 3859 existimat.
1456 3807 1613 3862 Paternam
1627 3821 1699 3863 vcro

93 3897 207 3958 ,mulo
221 3896 422 3961 cudbertum,
438 3891 574 3965 quamvis
590 3889 716 3946 Didacug
729 3888 819 3945 Fran.
874 3878 996 3951 stirpem
1020 3895 1055 3935 ox
1079 3879 1338 3951 Langobardorum
1353 3880 1472 3954 regibus
1495 3884 1565 3940 oriri
1581 3886 1700 3944 asserit.

93 3990 123 4045 in
137 3990 206 4043 Vita
219 3986 300 4042 illius
315 3983 413 4040 Italiae
430 3982 508 4038 edita
522 3980 573 4036 lib.
590 3980 603 4034 1
621 3995 687 4053 pag.
709 3977 728 4031 9
742 3977 821 4034 dicat
876 3969 956 4025 Unde
969 3972 1065 4024 varios
1079 3968 1344 4041 consanguinitatis
1359 3971 1468 4042 gradus
1480 3972 1609 4030 ostendit
1623 3974 1702 4031 inter

106 4076 311 4135 tantummodo
326 4090 343 4128 a
357 4071 506 4128 modernis
521 4068 561 4124 ita
577 4065 729 4141 appellari.
746 4066 821 4124 Nam
875 4057 905 4114 S.
921 4060 1040 4113 Petrum
1055 4060 1177 4129 igneum
1192 4072 1228 4113 ex
1242 4056 1349 4114 Ordine
1364 4057 1608 4118 vallumbrosano
1620 4067 1649 4117 s.
1665 4060 1703 4118 R.

93 4167 158 4223 otus
173 4164 261 4222 etiam
276 4163 302 4218 et
319 4158 448 4218 caruem
471 4158 531 4214 sive
544 4155 686 4213 warnero
702 4172 821 4224 nomen,
876 4147 908 4202 a.
925 4145 1116 4215 cardinalem,
1132 4150 1161 4200 S·
1187 4145 1368 4202 sarnanum
1390 4146 1531 4205 ubertum
1552 4165 1587 4206 ex
1600 4149 1702 4206 eodem

93 4260 172 4329 pater
186 4252 267 4309 illius
292 4251 422 4324 gerebat,
448 4249 550 4303 datum
576 4245 677 4314 luisse,
694 4248 823 4317 patetex
877 4236 984 4292 Ordine
1007 4235 1178 4308 episcopum
1202 4234 1389 4292 Parmensem
1414 4239 1443 4292 et
1464 4236 1703 4295 Cardinalem.ao

94 4344 146 4400 127
160 4343 191 4399 in
204 4342 272 4398 Vita
286 4357 337 4413 per
350 4340 383 4395 B.
404 4338 549 4393 Andream
572 4331 691 4406 scripta,
707 4333 757 4389 ubi
773 4336 822 4389 ze·
877 4324 1004 4397 denique
1018 4323 1095 4380 inter
1116 4326 1144 4379 S.
1170 4322 1342 4397 Gregorium
1366 4323 1418 4381 Vll
1442 4326 1613 4383 Pontificem
1628 4331 1657 4383 et
1669 4324 1701 4383 S.

93 4452 103 4492 s
118 4433 269 4508 presbyter
294 4428 461 4501 lampadem
486 4424 644 4481 accendere
666 4421 766 4478 volens
781 4421 824 4479 sio
877 4413 1020 4469 loannem
1035 4411 1237 4483 Gualbertum,
1251 4411 1338 4467 itaut
1353 4411 1382 4466 hi
1399 4429 1500 4470 omnes
1515 4431 1574 4470 non
1586 4418 1703 4471 tantum

93 4527 157 4581 nat:
174 4546 188 4573 α
204 4522 234 4578 Si
250 4522 406 4588 remeunt,
420 4532 484 4588 quer
500 4515 536 4570 de
550 4512 695 4568 Walberto
710 4510 822 4567 Joanne
839 4545 860 4612 C
879 4501 1069 4576 professionis
1084 4506 1135 4557 aut
1159 4499 1333 4567 sanctitatis,
1361 4501 1412 4556 sed
1435 4501 1522 4557 etiam
1549 4501 1704 4573 sanguinis
1752 4520 1755 4524 ·

93 4615 125 4671 [is
140 4610 232 4669 oculis
243 4609 301 4665 vidi
316 4603 463 4672 ataudivi,
475 4604 504 4659 in
516 4603 610 4675 ipsius
620 4601 739 4656 nomine
754 4616 824 4672 pras-
879 4589 995 4647 vinculo
1007 4588 1117 4646 luerint
1140 4588 1299 4658 conjuncti,
1319 4591 1352 4642 ut
1379 4588 1473 4644 fusius
1498 4588 1660 4660 explicatur
1675 4588 1706 4644 in

93 4701 154 4770 libi,
169 4704 202 4756 ut
216 4698 348 4755 celeriter
363 4710 495 4761 accensa,
521 4689 697 4747 inexstincta
711 4704 826 4761 perma-
879 4680 958 4736 Actis
973 4678 1083 4735 nostris
1096 4681 1167 4733 lom·
1183 4677 1201 4730 6
1216 4675 1284 4732 Μᾶἱῑ
1298 4675 1329 4730 ῑῐῑ
1344 4675 1410 4731 Vita
1422 4677 1552 4750 Gt⁰80tfi
1566 4675 1628 4732 Vll·

101 4814 116 4842 a
142 4791 223 4847 Idcm
251 4785 441 4843 confirmatur
469 4798 504 4838 cx
527 4779 655 4853 capitulo
682 4778 826 4834 celebrato
917 4770 943 4822 3.
960 4765 1107 4838 Quidquid
1123 4765 1161 4820 sit
1174 4765 1209 4820 de
1224 4768 1284 4819 tam
1305 4763 1427 4836 antiqua
1441 4768 1468 4820 S.
1484 4764 1603 4822 loannis
1618 4765 1708 4823 Gual·

93 4896 107 4936 o
122 4878 159 4936 ab
174 4875 379 4933 iucarnationc
400 4870 515 4928 Domini
531 4866 623 4924 nostri
638 4871 706 4924 iesu
721 4866 827 4922 Christi
881 4857 955 4914 berti
970 4854 1092 4928 origine,
1103 4868 1192 4924 quam
1212 4851 1303 4908 solide
1318 4854 1435 4925 probari
1446 4853 1660 4926 desideramus,
1672 4854 1708 4913 dc

93 4968 191 5025 Nil.»
219 4967 252 5021 ln
277 4981 334 5036 quo
360 4965 502 5019 statutum
527 4963 581 5028 est,
599 4960 631 5011 ut
654 4954 727 5011 nulli
743 4954 828 5011 liceat
881 4947 972 5018 hujus
982 4944 1094 5001 arboris
1104 4941 1295 5015 genealogica
1306 4941 1398 4997 ramis
1410 4941 1534 4998 aliorum
1546 4943 1708 5001 sententias

93 5063 161 5124 tare,
175 5055 231 5111 nisi
248 5054 325 5126 quod
340 5052 464 5123 Maiores
479 5045 571 5103 nostri
582 5048 716 5101 cantasse
731 5043 829 5099 sciun-
882 5037 1053 5101 retenemus,
1067 5036 1101 5088 ut
1114 5047 1215 5104 aequus
1231 5047 1329 5086 rerum
1351 5032 1512 5087 aestimator
1535 5031 1572 5088 de
1583 5035 1646 5088 tota
1661 5048 1708 5087 ar·

93 5145 187 5203 cilicet
201 5144 277 5217 quod
294 5142 325 5197 in
346 5135 554 5211 Antiphonario
579 5133 691 5190 domini
706 5131 829 5188 Joannis
883 5128 952 5182 bore
968 5122 1083 5181 facilius
1095 5120 1189 5194 possit
1199 5120 1342 5192 judicare.
1355 5120 1496 5176 ltaronius
1507 5121 1536 5175 in
1548 5119 1709 5176 Annalibus

93 5234 151 5293 erti
168 5232 323 5290 invenitur.
350 5253 364 5280 o
381 5229 446 5284 Haec
470 5224 542 5282 satis
561 5224 597 5278 de
621 5221 721 5278 Sancti
737 5219 829 5276 nostri
883 5211 1094 5270 Ecclesiasticis
1107 5214 1179 5267 tom.
1195 5209 1233 5265 ΙΙΙ
1242 5210 1277 5266 ad
1294 5226 1404 5265 annum
1416 5208 1522 5265 Christi
1534 5209 1603 5263 1063
1618 5223 1709 5281 agens

93 5328 134 5383 ‚et
144 5323 280 5391 nomine3
294 5336 371 5376 nunc
380 5319 415 5374 dc
424 5314 567 5373 natalium
579 5310 733 5383 splendore
744 5308 830 5382 paulo
885 5305 920 5360 de
936 5303 1018 5359 Patro
1028 5301 1116 5374 lgneo
1129 5299 1201 5356 satis
1212 5301 1296 5355 caute
1306 5298 1386 5366 dicit,
1399 5299 1476 5370 quod
1493 5297 1581 5354 luerit
1591 5320 1605 5348 a
1618 5295 1711 5353 nobili

93 5433 98 5472 ι
113 5413 262 5487 agendum
277 5413 330 5467 est.
885 5398 966 5452 ortus
982 5407 1087 5465 genere
1101 5406 1136 5445 en
1150 5392 1305 5445 stemmate
1319 5387 1507 5445 dominorum
1522 5385 1712 5444 ildebrandi-

93 5504 161 5562 latis
177 5504 293 5560 constat
312 5501 341 5556 S.
364 5498 509 5554 loannem
534 5488 725 5548 Gualbertum
740 5486 831 5542 nobili
886 5497 1003 5551 norum,
1019 5484 1052 5536 ut
1066 5479 1097 5535 in
1112 5478 1175 5536 Vita
1189 5479 1253 5549 ejus
1269 5477 1347 5532 edita
1361 5493 1455 5549 nuper
1465 5477 1616 5535 asseritur.
1632 5473 1713 5531 »Sed

93 5612 97 5650 ι
110 5590 299 5669 progenitum
313 5604 398 5659 aeso;
415 5589 444 5644 at
457 5585 488 5642 in
513 5575 680 5639 cremanda
694 5574 831 5633 determi-
885 5572 947 5629 bac
957 5569 1025 5629 Vita
1034 5591 1050 5621 «
1060 5582 1155 5643 nuper
1166 5565 1244 5623 edita
1256 5587 1271 5616 ι»
1283 5563 1420 5641 exiguam
1430 5570 1482 5627 ant
1495 5564 1609 5625 nullam
1624 5560 1714 5625 baad
