3892 6096
110 342 167 406 tet
638 340 671 404 S.
693 338 856 404 ioannis
880 338 1103 405 celeseum
1125 339 1293 404 necans
1756 334 1813 401 799

112 480 176 552 ejus
186 474 326 534 intuitum
338 473 460 529 mutavit
471 474 609 541 mentem,
621 490 654 529 ac
664 473 933 546 preordinata,que
948 475 975 543 Α
991 473 1158 542 miserante,
1174 477 1203 529 et
1225 473 1289 546 ipso
1312 470 1521 545 patrocinante,
1544 464 1715 528 acciderant
1739 488 1813 528 nua-

20 576 23 581 '
113 586 144 625 se
158 564 394 639 putabatdieere,
408 562 515 619 oblitus
528 566 572 619 cst
582 562 678 618 verba:
691 565 753 629 Qua
763 563 828 633 ejus
840 563 936 635 peric·
990 563 1079 628 tians,
1090 561 1268 619 salutaribus
1284 563 1320 618 ab
1337 579 1369 618 ao
1384 562 1480 619 verbis
1495 562 1672 629 instructus,
1683 560 1812 635 gaudens

113 658 208 711 ctione
222 654 257 709 ab
279 669 312 709 eo
336 653 377 708 ita
399 655 557 725 comperta,
574 656 673 708 tantus
695 651 832 723 deinceps
861 652 938 707 inter
991 656 1020 708 et
1035 651 1166 708 exultans
1182 669 1315 708 reversus
1331 658 1375 707 est
1389 652 1424 708 ad
1441 650 1568 725 propria.

112 749 271 815 utrumque
283 740 937 811 lirmatusestamor,quantusintercharissi-
1024 744 1070 795 72.
1088 740 1150 797 Alio
1166 757 1283 812 quoque
1296 746 1426 812 tempore
1445 756 1513 798 cum
1532 738 1626 796 nimia
1641 739 1693 795 nix
1707 743 1810 799 terram

113 849 188 904 mos,
202 836 291 904 atque
302 831 431 887 uterinos
443 830 516 887 solet
526 846 590 886 esse
600 846 765 903 germanos.
777 830 842 885 liaee
853 846 936 885 nam·
991 833 1109 903 tegeret,
1118 831 1238 901 quidam
1248 829 1331 903 lepus
1343 846 1377 886 cx
1385 830 1450 887 nive
1459 846 1605 903 egressus,
1614 829 1811 902 tugurium,in

114 938 169 992 que
184 940 201 977 a
214 920 374 976 venerabili
386 920 448 975 viro
464 919 567 975 abbeie
586 918 710 974 liedulfo
730 918 938 975 Passiniancn·
992 936 1049 991 quc
1064 920 1166 975 beatus
1177 919 1306 975 Joannes
1316 923 1385 975 tunc
1397 936 1463 975 cum
1477 918 1660 987 quibusdam
1678 918 1811 977 iratribus

115 1011 157 1066 sis
171 1009 304 1077 coenobii,
317 1009 367 1082 qui
383 1013 453 1064 tuuc
463 1008 504 1064 ihi
516 1009 624 1076 aderat,
636 1008 744 1080 saepius
759 1007 936 1075 audivimus,
992 1008 1318 1081 stabatestiagressus.
1328 1009 1417 1073 Quem
1428 1008 1549 1080 quidam
1559 1008 1687 1064 fratrum
1698 1024 1813 1083 moxap-

115 1103 203 1171 atquc
218 1099 253 1154 de
267 1097 319 1154 lali
334 1102 408 1153 teste
423 1097 557 1152 dubitare
571 1095 645 1152 nihil
660 1096 801 1152 debemus
815 1097 881 1167 (89).
992 1096 1156 1167 prehendit,
1168 1102 1196 1152 et
1209 1097 1238 1151 in
1250 1097 1360 1169 gremio
1373 1097 1501 1153 brachiis
1512 1097 1760 1170 circumplectens
1770 1098 1813 1155 ab·

150 1188 195 1241 cs.
211 1187 264 1252 Oui
287 1188 357 1242 dum
383 1186 509 1257 quodam
536 1189 666 1256 tempore
694 1184 783 1240 nimis
812 1189 938 1257 egrotus
992 1186 1116 1255 scandit,
1128 1186 1272 1258 caepitque
1288 1186 1427 1242 iratribus
1439 1186 1534 1243 dicere
1549 1187 1628 1258 quod
1647 1185 1769 1244 licenter
1782 1186 1812 1243 il-

116 1277 311 1349 pulmentum,
323 1276 401 1348 quod
414 1279 520 1348 egroto
536 1273 681 1343 convenit,
693 1278 760 1329 ante
776 1290 807 1329 se
822 1279 938 1330 coctum
992 1273 1171 1345 lum,atpote
1181 1272 1322 1328 divinitus
1333 1273 1446 1342 datum,
1458 1278 1577 1344 possent
1591 1272 1813 1339 eaeremaxima

116 1370 227 1422 teneret
241 1365 361 1436 quidam
379 1363 535 1437 religiosus
544 1363 796 1434 irater,Gerardus
809 1362 939 1433 nominc,
993 1378 1060 1418 cum
1071 1360 1143 1417 nihil
1156 1362 1215 1418 iere
1230 1367 1334 1433 preater
1346 1363 1444 1434 ipsum
1456 1362 1491 1418 ad
1507 1361 1656 1418 edendum
1667 1362 1811 1420 haberent.

114 1454 292 1510 visitationis
303 1453 398 1526 gratia
408 1452 534 1521 advenit,
546 1457 634 1524 atque
645 1457 711 1508 ante
721 1451 805 1508 illum
816 1467 940 1523 presen—
993 1454 1099 1507 Beatus
1113 1467 1181 1506 vero
1194 1450 1332 1515 ioannes,
1344 1451 1422 1522 quod
1442 1451 1598 1517 acciderat,
1609 1451 1691 1524 quod
1709 1451 1811 1509 dietum

114 1547 194 1599 tatus
209 1548 264 1599 est.
281 1543 334 1600 Cui
358 1559 425 1599 mox
439 1541 571 1615 praedieti
596 1540 740 1614 pulmenti
764 1539 939 1613 particulam
994 1543 1097 1606 iuerat,
1113 1539 1171 1595 Deo
1186 1538 1340 1605 revelante,
1364 1555 1554 1611 cognoscens,
1565 1540 1689 1596 fratrem
1704 1540 1775 1615 qaid
1786 1540 1810 1597 in

116 1633 275 1705 quamdam
287 1632 423 1705 porrexit,
433 1632 483 1704 qui
495 1648 547 1687 nce
558 1647 702 1699 recusare,
715 1646 767 1686 nec
779 1633 851 1684 nutu
864 1645 938 1701 quo·
994 1626 1104 1699 gremio
1121 1628 1324 1683 absconditum
1340 1632 1452 1684 teneret
1466 1628 1632 1701 requirens,
1647 1628 1809 1687 manifeste·

115 1720 185 1777 libet
201 1720 336 1777 resistere
351 1721 475 1792 lenensi,
488 1736 551 1776 eam
568 1719 690 1791 accepit,
703 1718 880 1790 silenterque
895 1733 939 1772 co·
994 1721 1057 1771 tum
1068 1715 1198 1788 leporem
1207 1715 1262 1772 sibi
1272 1717 1335 1772 dari
1345 1716 1601 1789 imperavit,quem
1610 1717 1809 1775 blandamaau

116 1810 217 1875 medit,
229 1813 257 1865 et
268 1809 343 1865 inter
355 1809 477 1877 edendo,
489 1825 521 1864 se
533 1824 624 1873 rcum,
637 1824 668 1864 se
679 1805 939 1879 reprehensibilem
995 1805 1045 1861 diu
1061 1805 1231 1860 attrectavit.
1252 1805 1379 1862 Dicendo
1395 1806 1451 1861 sibi
1468 1822 1475 1860 :
1492 1805 1592 1874 Follis,
1605 1805 1685 1863 sollis
1699 1808 1758 1877 (90)
1769 1823 1810 1863 cur

118 1897 315 1970 atqaelupum
326 1913 462 1953 accusare
471 1895 567 1969 coepit,
579 1901 666 1969 atque
677 1913 728 1969 per
736 1896 940 1968 cogitationem
994 1895 1052 1950 bue
1067 1894 1194 1950 venisti?
1217 1895 1320 1950 Postea
1343 1911 1409 1951 vero
1434 1895 1563 1969 leporem
1579 1895 1638 1967 (91)
1654 1896 1807 1967 miseratus,

117 1986 238 2042 rixando
254 1985 346 2042 multa
356 1986 451 2042 dicere
461 1986 643 2057 verba,quod
655 1984 699 2041 vel
714 1984 803 2041 semel
816 1983 871 2040 hoo
881 2000 939 2040 non
996 1987 1094 2055 portas
1110 1982 1232 2039 coenobii
1248 2000 1395 2056 egressus,
1410 1983 1494 2040 illum
1508 1989 1593 2040 terre
1609 1983 1806 2057 supposuit,ac

117 2076 283 2141 refutasset,
293 2074 370 2147 quod
388 2073 484 2130 almus
499 2078 581 2146 pater
596 2078 769 2146 perrexerat.
786 2075 876 2139 Quem
893 2070 941 2128 ille
996 2072 1121 2129 liberam
1133 2072 1212 2128 abire
1227 2071 1369 2145 permisit.
1380 2073 1519 2145 Sequenti
1530 2077 1631 2129 autem
1642 2073 1691 2129 die
1701 2072 1805 2145 quidam

117 2162 315 2236 perspiritum
326 2178 548 2235 recognoscens,
560 2166 587 2217 et
597 2162 733 2230 audiens,
744 2162 827 2234 quasi
840 2160 941 2233 lingua
996 2161 1126 2217 rusticus
1137 2161 1253 2217 asinum
1262 2162 1388 2232 panibus
1398 2162 1537 2229 oneravit,
1545 2166 1708 2236 sanctoque
1716 2159 1804 2218 Joacai

116 2253 267 2324 prol’erret,
285 2251 397 2323 expleta
412 2251 578 2318 relectione,
590 2250 680 2306 dixit:
696 2251 725 2305 si
741 2250 807 2323 plus
822 2248 867 2305 vel
884 2248 941 2304 mi·
996 2251 1026 2305 in
1042 2266 1149 2323 magna
1164 2249 1260 2305 inedia
1275 2266 1342 2305 eum
1358 2251 1421 2306 suis
1437 2250 1576 2307 iratribus
1592 2251 1731 2323 portavit.

117 2357 173 2396 nus
189 2357 223 2396 ex
237 2340 303 2408 boc,
315 2341 393 2413 quod
418 2357 468 2411 per
481 2339 688 2413 cogitationem
712 2338 812 2395 dixisti
839 2352 941 2393 narra·
1030 2341 1075 2396 73.
1094 2346 1131 2396 be
1148 2340 1262 2406 clerico,
1275 2340 1324 2412 qui
1342 2341 1420 2395 lama
1435 2340 1583 2397 reverendi
1598 2340 1696 2398 Patria
1711 2339 1804 2409 audita,

116 2444 194 2498 vero,
205 2431 233 2484 te
248 2429 346 2500 ipsum
357 2428 422 2483 volo
437 2428 543 2483 habere
553 2430 667 2483 testem.
679 2429 714 2483 lit
725 2444 791 2483 mcx
801 2441 941 2482 arcanum
996 2434 1025 2485 et
1040 2446 1105 2485 cum
1122 2429 1181 2484 vita
1195 2428 1291 2500 qualis
1307 2434 1385 2485 esset
1395 2430 1460 2501 ejus
1475 2429 1620 2498 doctrina,
1633 2434 1803 2502 cunctaque

118 2516 164 2571 sui
180 2516 306 2587 pectoris
322 2515 511 2587 patefaciens,
523 2532 646 2588 queque
671 2517 941 2587 cogitaverat,quae·
997 2517 1164 2590 possidebat
1179 2518 1207 2572 in
1230 2516 1346 2588 saeculo,
1361 2517 1504 2585 vendidit,
1519 2523 1548 2573 et
1562 2517 1693 2591 plurima
1707 2517 1801 2575 numia·

118 2619 175 2675 que
191 2621 243 2676 pcr
257 2603 463 2676 cogitationem
479 2605 604 2672 dixerat,
619 2604 714 2660 lucide
728 2603 886 2659 enarravit.
997 2611 1076 2661 mata
1091 2606 1194 2661 exinde
1204 2622 1336 2673 sumens,
1348 2623 1440 2678 eaque
1455 2622 1596 2663 crumena
1608 2606 1802 2675 includebaed

153 2694 198 2748 70.
214 2692 267 2748 Cui
292 2693 469 2760 discessura,
486 2694 623 2748 insanum
640 2693 798 2764 quemdam
824 2692 942 2747 tratrem
998 2693 1152 2750 cenobium
1169 2694 1300 2767 praedicti
1314 2695 1409 2751 Putris
1418 2696 1505 2751 venit.
1520 2698 1653 2769 Cumque
1663 2696 1733 2753 inde
1742 2692 1804 2753 Patri

119 2781 340 2851 commendans,
349 2781 525 2854 segregatim
537 2780 701 2837 nocturnali
712 2780 825 2852 expleto
836 2778 942 2850 cilicio,
998 2799 1029 2839 se
1040 2782 1153 2855 placere
1164 2784 1301 2854 crederet,
1312 2785 1390 2840 unde
1401 2784 1527 2857 amplius
1540 2788 1602 2842 erat
1613 2784 1804 2854 odibilis,lida·

119 2876 153 2926 ut
167 2886 267 2927 secum
281 2871 400 2927 duc-eret
415 2870 576 2941 imperavit.
589 2870 680 2941 Cujus
692 2870 856 2941 jussionem
869 2874 897 2924 et
910 2867 944 2923 li·
998 2869 1109 2926 cialiter
1124 2871 1159 2926 ad
1177 2870 1272 2927 locum
1297 2873 1448 2939 accedens,
1474 2889 1506 2930 ec
1529 2874 1643 2930 venisse
1667 2872 1804 2948 significat.

121 2960 222 3017 benter
247 2957 367 3029 audivit,
379 2964 408 3015 et
434 2957 557 3014 dulciter
570 2975 601 3014 se
615 2958 775 3031 adimplere
798 2957 942 3031 promisit.
998 2961 1089 3025 Quem
1113 2975 1179 3015 cum
1205 2959 1265 3030 ille,
1286 2961 1466 3032 paupertatis
1489 2961 1616 3029 amicus,
1637 2966 1804 3018 nummatum

120 3048 209 3103 Nocte
218 3064 285 3103 vero
297 3063 431 3120 surgens,
439 3045 604 3102 nocturnali
616 3045 728 3118 expleto
739 3045 843 3116 cilicio,
851 3046 943 3117 [dum]
998 3049 1058 3104 lore
1074 3053 1260 3120 cognosceret
1279 3052 1368 3120 utque
1389 3051 1512 3119 audiret,
1528 3068 1589 3123 qua
1603 3069 1656 3124 pro
1671 3049 1803 3108 causaad·

120 3152 186 3192 cum
200 3136 278 3192 socio
290 3135 368 3191 abire
379 3135 557 3208 disponeret,
570 3136 618 3191 siti
628 3135 802 3208 gravissima
812 3134 943 3191 laborare
997 3141 1125 3204 venerat,
1134 3137 1176 3193 sic
1187 3153 1254 3192 cum
1266 3136 1425 3209 alloquitur
1436 3157 1442 3194 :
1455 3138 1603 3206 Ouandiu,
1614 3140 1721 3212 iuquit,
1729 3152 1802 3195 unum

120 3224 215 3296 caepit.
230 3225 289 3280 Hoc
301 3225 429 3281 Joannes
439 3224 525 3280 Pater
540 3241 591 3297 per
601 3225 697 3280 cordis
712 3224 941 3280 illuminatorem
957 3200 978 3268 C
998 3245 1032 3282 ex
1046 3226 1093 3282 his
1108 3242 1197 3298 super
1211 3230 1238 3283 te
1249 3243 1404 3282 nummum
1419 3225 1558 3284 habueris
1569 3232 1621 3284 aul
1631 3224 1802 3285 reservaveris

118 3329 340 3386 recognoscens,
351 3312 522 3369 ministrum
533 3329 632 3383 suurn,
644 3314 694 3385 qui
707 3314 732 3370 ei
743 3312 854 3370 solebat
868 3313 941 3369 assi·
997 3315 1075 3387 apud
1097 3319 1137 3381 te,
1149 3330 1202 3370 nee
1226 3331 1342 3370 mecum
1367 3314 1541 3388 participare
1566 3316 1686 3388 poteris,
1699 3331 1747 3373 aee
1766 3328 1801 3369 rna

118 3407 204 3471 stare,
222 3407 295 3458 nutu
313 3403 468 3473 advocans,
486 3419 542 3458 non
567 3419 688 3474 parvum
716 3402 859 3475 scyphum
874 3403 942 3458 vino
996 3403 1118 3460 habebis
1134 3402 1272 3459 amicum.
1288 3404 1354 3461 Haec
1368 3404 1467 3476 itaque
1491 3403 1615 3460 clericus
1639 3404 1754 3462 audiena
1765 3417 1799 3459 rc·

119 3508 196 3563 atqua
210 3490 301 3547 mixto
312 3491 483 3547 summatim
495 3490 617 3563 implere
636 3492 712 3547 lecit.
727 3490 869 3563 Deinceps
880 3490 942 3546 dis·
996 3492 1094 3558 cessit,
1112 3491 1237 3564 pretium
1254 3491 1300 3547 sui
1326 3492 1496 3565 patrimonii
1512 3493 1590 3565 quod
1612 3491 1723 3549 deicola
1734 3506 1798 3565 spre-

119 3595 271 3635 cessurum
284 3580 412 3651 fratrem,
425 3579 450 3636 si
465 3580 590 3648 adesset,
604 3580 639 3636 ad
655 3597 686 3636 se
696 3580 794 3636 venire
804 3579 940 3653 signavit.
996 3584 1085 3649 verat,
1102 3579 1161 3636 illis
1186 3584 1281 3636 totum
1301 3580 1452 3638 distribuit
1465 3581 1514 3653 qui
1531 3582 1717 3653 possessione
1737 3595 1798 3637 eam·

119 3667 171 3724 Cui
188 3669 223 3724 ad
240 3685 271 3724 sc
291 3668 439 3724 accedenti
465 3673 631 3741 perrectum
647 3668 790 3741 scyphum
815 3684 941 3741 sumere,
997 3671 1077 3740 bant,
1094 3669 1276 3743 libenterque
1304 3686 1424 3725 mianum
1449 3670 1639 3743 porrigebant
1663 3668 1796 3728 munificis

119 3757 280 3830 vinumque
294 3757 362 3814 lecit
375 3757 485 3813 bibere.
997 3757 1104 3813 Deinde
1120 3759 1259 3813 remeavit
1272 3757 1308 3812 ad
1324 3757 1419 3826 illam,
1431 3757 1481 3830 qui
1499 3759 1589 3815 Deum
1605 3775 1688 3831 auro,
1699 3753 1796 3815 ciant

155 3846 400 3924 71.Virquidam
416 3848 446 3902 in
461 3846 610 3902 vicinitate
625 3845 813 3902 valimbrosae
828 3862 943 3919 perma-
998 3847 1092 3902 nudos
1122 3847 1308 3919 preponebat
1333 3846 1484 3904 divitibus.
1497 3848 1556 3904 Hac
1584 3852 1713 3906 loannes
1735 3850 1796 3921 patu
1841 3864 1843 3921 j

120 3952 204 4001 nens,
215 3935 414 3991 beatotoanni
424 3935 509 3991 valde
525 3934 619 3991 fidelis
629 3938 657 3990 et
669 3935 790 3991 devotus
805 3936 941 4004 existens,
997 3935 1131 4005 audiens,
1141 3940 1169 3991 et
1185 3936 1256 4007 quid
1269 3935 1387 4008 egisset,
1403 3935 1589 3994 discutiendo
1600 3930 1795 4011 reperiena,qai
1841 3934 1843 3951 '

120 4023 247 4094 quodam
259 4022 352 4077 dicad
364 4040 431 4078 eum
443 4040 509 4078 crim
520 4023 644 4079 canibus
654 4023 743 4092 venit,
755 4040 845 4095 seque
856 4025 885 4080 in
895 4040 942 4080 ve·
997 4030 1064 4081 ante
1078 4023 1252 4095 locupletem
1265 4029 1423 4096 spreverat,
1435 4025 1544 4082 iactam
1560 4042 1612 4098 pro
1623 4026 1734 4084 Christo
1743 4036 1793 4097 pav-

120 4110 942 4180 natndiutrustralaborassc,nullamvenandambestiam
997 4130 1107 4185 parem,
1123 4111 1262 4168 dilectum
1279 4114 1408 4186 suscepit
1421 4113 1451 4168 in
1467 4112 1571 4169 filium.

118 4199 231 4264 videns,
243 4198 379 4254 asseruit.
392 4199 497 4255 Beatus
508 4216 575 4256 vero
585 4199 712 4256 loannes
725 4217 793 4257 mcx
803 4200 859 4257 sibi
870 4218 942 4273 prae·
1312 4220 1427 4277 gqurp
1445 4221 1507 4277 vfl,

119 4287 197 4360 cepit
212 4290 245 4343 ut
258 4288 432 4357 comederet,
448 4304 531 4344 esum
553 4287 639 4345 lassis
654 4289 777 4347 canibus
792 4290 943 4360 tribueret,
997 4308 1025 4365 s,
1041 4311 1158 4365 ganne,
1175 4310 1335 4365 Guggast„
1358 4311 1431 4366 apo,
1445 4313 1548 4367 emp„
1562 4310 1598 4367 ad
1614 4306 1798 4386 ἄδιψα),

119 4380 148 4433 et
161 4379 262 4449 postea
278 4377 313 4432 ad
328 4378 495 4433 venandum
519 4377 636 4448 rediret,
648 4377 717 4449 quia
739 4384 870 4452 captura,
885 4380 943 4435 Deo
1237 4382 1429 4438 simoniacam
1442 4382 1580 4438 learesr'm.

122 4470 289 4539 praestante,
301 4466 399 4522 statim
418 4466 588 4539 perveniret.
605 4467 666 4530 Quo
682 4466 768 4536 iacto,
785 4468 814 4522 in
830 4485 942 4539 agrum,
1032 4469 1077 4523 74.
1093 4468 1200 4524 Contra
1212 4469 1409 4526 Simoniecam
1422 4475 1520 4527 autem
1535 4471 1674 4529 heresim
1689 4470 1799 4529 iterate
1841 4518 1843 4537 ,

120 4555 170 4627 qui
186 4564 229 4611 eat
240 4554 418 4611 monasterio
439 4556 604 4628 contiguus,
626 4555 702 4612 illico
712 4556 810 4627 exivit,
830 4573 947 4628 quoque
962 4561 984 4624 1]
1001 4562 1120 4612 sanctus
1135 4556 1195 4613 zelo
1208 4557 1296 4613 divini
1312 4559 1421 4616 amoris
1432 4560 1650 4631 exardescebat,
1662 4554 1800 4618 uttotisn'tr

121 4661 188 4701 mox
202 4644 316 4717 lepores
332 4644 362 4700 in
388 4643 532 4716 niveque
546 4649 608 4701 lota
621 4649 692 4701 tunc
716 4650 794 4701 terra
818 4650 880 4701 erat
894 4662 944 4702 co·
1000 4645 1092 4716 sibus,
1103 4644 1133 4700 in
1150 4646 1257 4717 quibus
1268 4647 1391 4717 valebat,
1403 4648 1636 4721 circumquaque
1645 4646 1801 4707 exhortando

119 4737 229 4804 operta,
245 4732 329 4801 vidit;
346 4736 412 4805 past
426 4750 500 4804 quos
520 4733 643 4790 canibus
659 4734 823 4807 concitatis,
840 4735 943 4791 ambos
997 4737 1026 4789 et
1048 4735 1232 4790 admonendo
1247 4736 1393 4793 videretur
1418 4753 1592 4811 repugnare.
1616 4738 1744 4813 Denique
1755 4733 1802 4809 epi·
1841 4760 1843 4765 ·

120 4821 278 4877 cumomni
290 4821 714 4895 lestinationecomprehendit.
728 4824 943 4880 Posthaecvero
998 4839 1086 4894 scapo
1106 4821 1309 4881 Voluternensi
1326 4826 1382 4897 (92)
1396 4826 1537 4883 mellillua
1559 4833 1652 4901 atque
1675 4825 1803 4886 salatileat

121 4909 157 4964 ad
173 4913 307 4964 sanctum
321 4911 464 4965 ioannem
479 4925 613 4966 remeans
628 4915 657 4966 et
672 4911 708 4982 ei,
725 4928 788 4983 qnae
804 4912 870 4981 sibi,
885 4914 942 4969 Deo
998 4912 1107 4983 scripte
1122 4912 1236 4981 direxit,
1252 4930 1316 4986 quae
1341 4914 1387 4970 hic
1404 4931 1455 4987 pro
1471 4931 1579 4989 magna
1603 4918 1730 4975 utilitate
1750 4928 1801 4971 coa·
1841 4950 1843 4961 ·

155 5032 212 5104 (89)
226 5036 286 5088 Ηοο
302 5031 477 5087 miraculum
493 5032 557 5088 iuse
567 5034 798 5093 examinavimus
813 5034 843 5091 in
857 5037 943 5093 Com·
998 5038 1029 5092 u.
1045 5038 1160 5092 Andrea
1176 5036 1256 5093 nulla
1271 5039 1309 5093 sit
1331 5056 1385 5094 vox
1405 5056 1469 5111 que
1493 5041 1549 5096 hoc
1573 5040 1686 5100 iudicet
1704 5042 1801 5099 h'rusln
1841 5048 1843 5113 5

120 5108 209 5159 ment.
226 5103 344 5172 Praevia,
362 5106 376 5171 ‚a'
390 5104 416 5156 8.
997 5109 1097 5179 itaque
1114 5109 1282 5177 Franchius,
1309 5108 1359 5165 lib.
1375 5128 1404 5178 x,
1421 5128 1487 5184 pag.
1500 5112 1594 5169 3'a‘3et
1608 5130 1703 5187 seqq„
1718 5110 1800 5168 alata

156 5174 378 5246 (ititffotticpro
400 5173 645 5240 stultovelsutvo.
662 5176 709 5231 Sic
727 5176 854 5234 Joannes
878 5179 941 5234 itia·
998 5179 1051 5234 hcc
1079 5180 1256 5251 probare‚ei
1278 5182 1420 5237 rationem
1449 5182 1687 5255 reddere,quare
1708 5184 1798 5240 dean

121 5259 222 5309 ⁰⁰¹¹118.
247 5245 297 5301 lib.
316 5263 343 5302 ιν
356 5246 427 5301 Vita
447 5248 473 5301 S.
487 5245 616 5315 Gregorii
642 5264 732 5319 papea,
758 5267 820 5321 rap.
837 5254 872 5305 69
888 5267 894 5305 :
909 5252 942 5306 At
997 5251 1085 5319 huJus
1101 5251 1239 5307 animalis
1255 5253 1378 5308 lormam
1396 5256 1601 5326 assumpserit.

121 5315 169 5368 itte
189 5334 263 5371 crore
279 5318 386 5373 itutliro
398 5322 523 5373 suarium
537 5332 629 5372 centem
643 5321 812 5391 irirrepitona
833 5322 939 5394 sottem,
1032 5325 1088 5391 (92)
1105 5323 1134 5376 ld
1148 5328 1192 5377 est
1205 5324 1394 5380 Volaterrano.
1408 5324 1562 5381 Volaterrae
1573 5332 1674 5382 autem
1695 5318 1796 5382 eatae·

121 5386 154 5439 ‹ri›
169 5403 199 5440 ce
213 5390 321 5458 quictem
337 5392 416 5457 sirpe
431 5390 525 5445 leuiter
536 5404 682 5460 percamus
695 5399 745 5445 est.
996 5395 1118 5464 antique
1141 5394 1292 5461 hetruria,
1309 5396 1367 5451 sita
1391 5413 1480 5467 prope
1506 5398 1592 5454 hiram
1614 5396 1756 5455 fluviolum
1775 5390 1795 5445 tl

156 5456 586 5527 (till*'·-·eiccorlircviariurn
610 5459 897 5534 vallumbrosanum,
912 5468 942 5520 et
995 5465 1146 5533 Casinam,
1177 5465 1267 5521 distat
1290 5484 1326 5522 ue
1353 5467 1473 5541 triginta
1492 5474 1618 5540 quatuor
1646 5462 1793 5525 milliariis·

121 5530 295 5585 recentior-rs
313 5530 402 5599 huius
418 5531 529 5587 ordinis
552 5532 709 5604 scriptores
732 5543 865 5590 asserant
881 5536 940 5591 de·
995 5535 1139 5592 Florentia
1155 5537 1184 5592 in
1199 5483 1361 5595 meridiem.

113 5618 234 5659 monem
249 5602 307 5659 suh
321 5600 410 5671 hujus
431 5602 537 5674 leporis
560 5605 654 5660 l'orme
678 5602 809 5675 latuisse,
826 5621 893 5663 cum
909 5607 939 5663 in
