3892 6096
120 340 181 404 alt
624 332 797 401 brunoni
818 334 998 402 nuruum
1018 336 1053 401 S.
1075 330 1323 401 subustum
1764 326 1835 396 dl&

155 475 272 533 iubata
284 471 458 547 supplleatie
473 470 601 528 dormire
615 484 667 529 eor
679 472 826 528 mundum
850 473 938 528 vetat.
954 474 983 542 Α
1032 470 1065 527 ln
1080 468 1161 526 lnotu
1175 467 1281 542 positis
1293 478 1352 525 nou
1367 470 1411 525 est
1425 458 1602 524 alammion
1614 462 1725 522 duleis.

154 565 187 621 In
202 563 257 620 boo
271 563 334 636 ipso
349 565 450 635 peooat
463 560 551 617 bomo
567 560 643 633 quod
666 574 786 634 peooare
804 556 901 627 uellet,
917 559 942 616 si
1033 551 1158 632 Impedit
1172 558 1217 615 ire
1230 556 1363 615 animum
1379 571 1416 614 ne
1430 548 1660 629 ponitoeruere
1670 566 1786 612 verum.

120 652 215 710 inulte
229 654 338 724 posset.
1032 649 1126 722 Impia
1140 664 1262 722 queque
1276 647 1399 704 studens
1412 644 1518 719 nequit
1530 642 1561 700 in
1575 641 1666 716 equis
1676 642 1738 702 iore
1748 658 1826 716 pru-

154 738 262 797 luutile
274 742 319 796 est
330 756 365 796 ea
379 739 479 796 erebro
493 738 591 795 videre
605 754 657 811 per
672 754 736 811 qua
749 736 807 794 cito
814 737 944 795 treberis
1688 731 1788 804 [dens.

115 829 151 888 ad
167 828 257 887 noxia
270 844 406 902 quaque.
792 809 800 827 ⁸
1012 818 1149 885 'Invidiae
1164 824 1279 899 plenius
1292 840 1380 897 super
1395 838 1476 881 omes
1490 824 1587 879 entat
1600 835 1722 895 egenus.

149 919 332 976 luvooandus
343 922 388 975 est
397 917 474 974 Deus
481 916 593 991 jugiter
607 920 639 972 ut
653 915 833 974 voluntatem
851 915 940 973 simul
1031 914 1144 990 Ingenti
1155 932 1226 973 eura
1240 915 1391 989 pensanda
1403 916 1450 970 est
1465 911 1525 968 vita
1538 911 1649 967 sutura.

110 1013 140 1065 et
155 1006 325 1065 faoultstem
339 1007 413 1064 bene
427 1006 532 1080 agendi
543 1006 628 1063 uobis
639 1005 938 1079 prestaredignstur.
1029 1006 1178 1063 Judioium
1193 1006 1301 1061 durum
1315 1019 1405 1076 super
1419 1002 1480 1058 beo
1491 1003 1537 1057 est
1550 1002 1667 1073 seeptra
1677 996 1824 1057 futurum.

146 1096 283 1156 luimioos
303 1095 424 1170 diligere
438 1112 525 1170 grave
542 1095 661 1168 quidem
683 1097 729 1151 est
749 1097 938 1167 preceptum,
1030 1097 1063 1152 ln
1078 1093 1195 1152 Domini
1207 1093 1293 1151 donis
1308 1092 1433 1166 graviter
1448 1088 1610 1147 tentabitur
1624 1087 1733 1145 omnis.

115 1187 166 1245 sed
183 1187 293 1259 grande
308 1186 372 1257 eJus
387 1185 552 1258 premium.
1031 1185 1171 1243 ludurare
1187 1184 1239 1241 Dei
1252 1182 1326 1239 nibil
1342 1186 1387 1239 est
1401 1179 1459 1237 uisi
1473 1195 1533 1236 non
1548 1174 1692 1236 misereri.

154 1275 235 1349 ignis
248 1274 490 1348 eououpiseentie
505 1273 631 1330 earnalis
646 1276 756 1346 quanto
771 1271 884 1329 diutius
897 1286 942 1328 ar·
1029 1275 1195 1347 lnorassata
1208 1288 1277 1328 earo
1294 1273 1395 1345 gustat
1408 1266 1539 1326 eoelestia
1554 1282 1631 1324 raro.
1654 1312 1656 1319 .

117 1364 186 1421 dere
198 1364 387 1437 permittitur,
404 1367 484 1420 tanto
500 1362 650 1419 difficilius
666 1360 874 1435 exstinguitur.
1318 1357 1436 1417 oaldi
1450 1360 1487 1413 X.
1592 1400 1595 1405 .

154 1451 217 1510 lllis
231 1452 422 1531 dimittuntur
436 1453 560 1509 minima
570 1451 621 1525 qui
632 1448 941 1516 maiorsdistriotelle
1030 1450 1167 1509 Charitas
1182 1467 1241 1507 nou
1256 1453 1301 1507 est
1315 1451 1351 1507 ab
1369 1448 1427 1506 ullo
1445 1436 1658 1521 extorquenda,
1683 1438 1736 1502 sed
1752 1436 1837 1527 eum·

117 1544 223 1598 verunt
236 1545 364 1615 peooata.
995 1540 1144 1599 benefieiis
1158 1538 1348 1612 exquirenda.

152 1628 937 1704 Ingratusuuusmultismisarisetpauperibusnooet.
1030 1629 1163 1689 Charitas
1177 1628 1271 1702 operit
1280 1625 1506 1686 multitudinem
1521 1624 1722 1697 peecatorum.
1770 1657 1773 1661 -
1805 1655 1808 1659 -

150 1718 233 1792 Inopi
249 1718 424 1776 beneficium
437 1717 546 1790 duplex
560 1718 610 1773 dat
625 1717 676 1790 qui
687 1715 820 1774 celeriter
833 1716 893 1772 det.
1029 1719 1138 1776 charos
1152 1734 1237 1776 nemo
1250 1733 1321 1776 suos
1331 1714 1446 1774 Christo
1461 1725 1630 1786 preponere
1644 1708 1742 1769 debet.

151 1807 261 1880 lnopiae
275 1822 365 1878 parva
379 1804 506 1862 avarities
519 1806 627 1863 desunt
640 1806 750 1862 omnia.
1315 1802 1429 1862 CAPUT
1449 1802 1498 1859 xl.
1601 1835 1604 1839 <

153 1897 185 1952 ln
201 1892 304 1951 multis
318 1895 427 1951 frustra
442 1893 556 1951 laborat
570 1894 621 1967 qui
632 1912 686 1951 sua
700 1894 796 1968 magis
806 1908 894 1966 quam
906 1908 938 1950 se
1028 1899 1152 1955 Letetur
1167 1910 1217 1953 oor
1231 1893 1426 1967 querentium
1442 1888 1611 1949 Dominum.

116 1984 216 2058 ipsum
231 1983 290 2040 Deo
305 1983 409 2040 offerre
423 1984 533 2040 studet.
1029 1984 1186 2043 Laetabitur
1195 1985 1297 2056 jnstua
1311 1982 1342 2038 in
1357 1980 1482 2039 Domine
1495 1982 1525 2038 et
1534 1974 1667 2052 sperabit
1681 1975 1713 2035 ln
1727 1991 1776 2049 eo,
1790 1978 1820 2035 ot

153 2071 339 2147 improvidus
354 2072 440 2130 miles
455 2073 558 2130 fortem
573 2073 643 2130 sein
659 2088 730 2146 paee
744 2069 896 2146 gloriatur.
991 2074 1192 2132 laudabuntur
1206 2088 1309 2130 omnes
1323 2070 1395 2128 reoti
1406 2070 1503 2127 corde.
1552 2130 1561 2138 ‚.

152 2162 220 2220 Ideo
235 2176 336 2219 omnes
352 2161 502 2220 diabolice
516 2162 687 2220 tentationis
715 2160 865 2219 molestias
878 2159 939 2235 pati
1027 2165 1091 2223 Lux
1103 2162 1327 2234 ortaestjusto,
1343 2163 1372 2217 et
1386 2159 1474 2217 reotie
1489 2157 1576 2215 eorde
1589 2153 1700 2213 latitia

38 2286 41 2293 ·
116 2252 317 2325 permittimur
332 2254 365 2308 ut
376 2250 517 2309 omnibus
528 2252 653 2308 easdem'
663 2249 815 2308 molestias
830 2248 940 2323 patien·
1030 2251 1166 2326 Lapidem
1182 2265 1270 2324 quem
1299 2247 1530 2323 reprobaverunt
1552 2244 1745 2314 edifloantes,
1773 2240 1822 2299 hie

116 2340 198 2399 tibus
211 2341 338 2413 eompati
353 2344 381 2397 et
394 2329 546 2398 eoud'olere
561 2340 701 2398 solemus.
994 2343 1089 2400 iaetus
1105 2340 1194 2399 estin
1210 2343 1299 2415 eaput
1314 2337 1426 2411 anguli.

153 2430 233 2486 luter
246 2428 348 2501 epulas
362 2427 482 2485 difficile
498 2432 630 2486 servatur
639 2427 770 2485 oestitas.
1029 2432 1101 2489 Lata
1113 2434 1144 2488 et
1157 2429 1287 2502 spatiosa
1299 2427 1347 2486 via
1361 2429 1406 2486 est
1420 2441 1484 2499 que
1499 2422 1581 2483 duoit
1594 2422 1631 2479 ad
1647 2424 1785 2479 mortem.

154 2514 338 2589 impossibiie
350 2520 398 2573 eet
408 2516 500 2590 copiis
512 2516 697 2590 voluptatum
711 2516 777 2575 sine
790 2515 940 2590 uoluptate
1029 2522 1136 2577 Luoeat
1149 2518 1201 2575 lux
1213 2522 1312 2574 vestra
1326 2531 1425 2573 eoram
1446 2511 1630 2580 hominibus,
1654 2513 1688 2568 ut
1701 2508 1823 2569 rideam

117 2603 187 2662 frui·
994 2623 1082 2684 opera
1095 2611 1194 2665 vestra
1212 2607 1289 2664 bona
1302 2608 1333 2664 et
1354 2603 1521 2679 glorifloent
1546 2604 1664 2659 Patrem
1689 2602 1822 2658 veebum

153 2692 282 2766 improbi
294 2695 327 2749 et
340 2691 407 2749 duri
420 2691 451 2749 lu
465 2691 529 2766 ipso
544 2692 628 2750 initio
639 2693 751 2766 peceati
762 2698 832 2752 sunt
845 2694 939 2768 gravi·
994 2698 1045 2773 qui
1058 2697 1089 2767 in
1105 2696 1185 2754 ooelis
1200 2700 1255 2752 est.
1833 2764 1836 2769 ¹

118 2783 164 2838 tor
179 2779 365 2855 corripiendi·
1029 2787 1085 2845 Lex
1098 2802 1150 2859 per
1164 2785 1284 2860 Moysen
1297 2783 1367 2841 date
1380 2784 1435 2852 est,
1448 2776 1698 2855 gratiaetveritas
1707 2793 1761 2851 per
1770 2780 1825 2835 te·

153 2870 268 2943 iugiter
281 2869 492 2927 attendendum
505 2873 617 2943 quanta
626 2870 677 2927 Del
688 2870 939 2944 grstiasitnobis·
995 2892 1061 2934 sum
1076 2875 1223 2931 Christum
1238 2874 1314 2930 faeta
1328 2876 1383 2928 est.

120 2962 232 3027 uomet
245 2972 334 3031 quam
351 2958 452 3016 multis
467 2958 498 3015 iu
510 2959 788 3033 eorporalibusetin
799 2959 938 3034 spiritua·
1031 2966 1174 3025 Leremus
1189 2963 1279 3021 oorda
1292 2963 1393 3019 nostra
1408 2974 1475 3016 oum
1490 2956 1630 3015 manibus
1644 2955 1682 3014 ad
1696 2959 1802 3017 Dauum

119 3046 199 3105 libus
215 3047 300 3104 donis
315 3047 436 3105 ditiores
446 3047 514 3105 iaeti
529 3048 634 3106 simos.
1031 3054 1087 3110 Leo
1100 3052 1220 3125 rugiens
1235 3056 1264 3108 et
1277 3066 1367 3108 ursus
1382 3047 1516 3105 esuriens
1530 3049 1576 3104 est
1603 3043 1740 3119 prinoeps
1762 3043 1824 3103 im:

154 3137 186 3194 lu
201 3152 310 3193 vanum
327 3135 440 3193 laborat
454 3135 505 3210 qul
520 3150 628 3194 oerum
641 3136 774 3195 honorat.
994 3142 1062 3215 pius
1077 3157 1166 3215 super
1180 3138 1322 3214 populum
1336 3152 1508 3212 pauperem.

153 3225 186 3281 ln
201 3224 287 3281 malis
303 3240 420 3297 sperare
433 3225 512 3282 bons
523 3225 666 3284 innocens
681 3225 807 3284 maxime
822 3222 905 3284 solet.
954 3210 977 3280 C
1031 3230 1142 3303 Lingua
1156 3228 1334 3302 sapientium
1350 3229 1436 3283 ornat
1450 3222 1615 3283 seientiam.

151 3314 205 3372 lob
220 3312 395 3371 venerabilis
407 3314 549 3387 patientia
560 3314 847 3373 eunetisdolentibns
857 3319 886 3373 et
894 3314 940 3372 iu·
1032 3314 1414 3391 Lampaseoutemptaapud
1426 3312 1619 3388 rogitationes
1633 3300 1760 3369 divitum
1770 3326 1822 3385 pa·

116 3402 212 3460 firmis
226 3419 277 3476 pro
293 3402 425 3477 exemplo
438 3403 550 3478 jugiter
564 3409 610 3462 est
624 3406 788 3478 pensanda.
995 3412 1059 3468 rata
1073 3412 1118 3465 est
1131 3407 1168 3464 ad
1183 3412 1300 3480 tempus
1315 3408 1471 3462 statutum.

154 3492 315 3550 infirmitas
330 3493 439 3561 earnis,
454 3493 479 3548 si
508 3493 653 3565 patienter
674 3494 868 3564 sustineatur,
894 3497 942 3552 est
1032 3498 1146 3572 Lingua
1158 3494 1311 3570 plaoabilis
1325 3494 1442 3569 lignum
1456 3492 1534 3549 vitae.

119 3581 204 3656 quusi
220 3581 408 3655 purgatorius
422 3580 510 3654 ignifl-
1032 3586 1144 3644 Laudet
1158 3588 1186 3642 te
1197 3583 1321 3656 alienus,
1337 3588 1365 3640 et
1379 3599 1438 3640 uon
1452 3598 1486 3639 os
1501 3585 1597 3637 tuum.

73 3721 78 3731 .
155 3668 269 3726 ludrmi
284 3684 357 3741 pens
371 3682 475 3725 omnes
490 3668 656 3741 sequidem
680 3669 717 3726 ab
745 3669 810 3727 aliis
824 3670 942 3728 tolerari
1032 3673 1199 3750 Loquimiui
1213 3673 1365 3731 veritatem
1377 3669 1585 3745 unusquisque
1605 3682 1674 3728 oum
1685 3664 1825 3742 proximo

116 3758 229 3827 solunt,
245 3757 303 3831 ipsi
317 3773 384 3815 vero
399 3757 472 3813 alios
487 3757 610 3813 tolerare
625 3760 762 3814 renuunt.
996 3781 1060 3835 auo,
1078 3763 1217 3837 quoniam
1232 3779 1336 3822 sumus
1349 3761 1476 3819 invicem
1493 3758 1638 3816 membr&

152 3847 303 3905 ludioium
319 3847 453 3904 divinum
469 3861 528 3903 uon
542 3849 629 3917 errat,
644 3851 678 3904 ut
698 3846 873 3921 plerumque
886 3847 942 3906 hu·
1033 3853 1141 3911 Littera
1154 3852 1271 3922 ooeidit,
1287 3850 1409 3926 spiritua
1422 3852 1523 3907 autem
1537 3845 1677 3907 vividoat.

120 3952 253 3994 manum·
1031 3942 1131 4016 Lupus
1146 3940 1303 3998 adveniens
1320 3939 1431 3997 indioat
1441 3954 1499 4013 quo
1514 3935 1614 3993 animo
1624 3924 1754 4009 quilibet
1766 3950 1825 4009 pa-

156 4023 276 4081 lnridus
290 4022 405 4080 invidia
420 4038 481 4081 suae
495 4023 552 4082 telo
567 4022 713 4098 imprimis
729 4025 901 4099 perentitur.
997 4033 1057 4090 ster
1071 4046 1159 4104 super
1174 4028 1271 4103 gregis
1286 4027 1450 4086 custodiam
1465 4025 1574 4084 stabat.

155 4112 213 4169 lter
226 4111 348 4186 longum
363 4116 483 4186 agentes
497 4113 602 4186 majori
617 4114 799 4187 providentia
810 4115 944 4190 indigent
1032 4120 1166 4177 Dueerna
1177 4116 1306 4191 eorporis
1320 4120 1365 4174 est
1379 4114 1483 4175 oeulos
1495 4132 1503 4186 ;
1518 4104 1571 4172 lux
1596 4113 1696 4171 anum
1710 4108 1826 4171 mend·
1842 4114 1845 4119 '

120 4215 210 4274 qoam
222 4215 312 4275 prope
326 4199 522 4275 profitientes.
996 4206 1141 4281 sapientia
1156 4204 1327 4279 spiritualis.

157 4290 201 4347 lta
216 4292 247 4348 et
259 4290 405 4363 monaehi,
426 4291 537 4364 jugiter
564 4295 622 4349 Deo
651 4291 821 4362 servientes,
849 4292 943 4366 mame
1033 4297 1148 4370 Lingua
1161 4295 1187 4354 si
1201 4312 1260 4353 non
1275 4292 1473 4369 restringitur,
1496 4302 1686 4367 nequaquam
1703 4284 1759 4347 ubi
1777 4303 1826 4348 es·

118 4383 207 4455 egent
220 4380 367 4454 provideri
382 4396 471 4454 quam
488 4380 585 4438 ueteri
595 4379 686 4438 libere
700 4381 839 4439 viventes.
997 4385 1069 4444 oidit
1081 4387 1171 4459 J'aoet,
1187 4386 1238 4442 sed
1253 4400 1369 4457 semper
1384 4384 1421 4440 ad
1436 4381 1582 4442 deteriora
1595 4377 1715 4438 labitur.

155 4470 272 4527 lnssnito
287 4468 380 4527 labori
394 4469 809 4544 duitusquentnsounquesit,
825 4486 943 4546 eompa-
1034 4475 1143 4549 Laquei
1159 4472 1342 4532 inevitabiles
1365 4476 1438 4531 sunt
1451 4471 1500 4529 bis
1529 4468 1625 4545 parati
1642 4466 1694 4543 qui
1707 4464 1828 4527 nuum

120 4559 180 4618 rari
196 4559 308 4633 nequit.
959 4580 1099 4651 Douram
1114 4563 1284 4639 habeutpro
1294 4546 1827 4632 suorumemendaliouepseastoram

157 4649 225 4708 lllos
241 4653 391 4727 exspeotat
405 4648 498 4724 gloria
508 4649 558 4722 qui
573 4648 720 4709 laboriosa
732 4654 840 4724 gerunt
852 4653 945 4708 eorta-
1021 4655 1182 4731 ¹Laorgma
1198 4651 1313 4712 veniam
1328 4669 1387 4710 nou
1408 4648 1564 4724 postulant
1590 4648 1643 4706 sed
1660 4648 1825 4731 merentur.

123 4737 216 4796 mina.
1036 4743 1123 4815 Loca,
1137 4759 1192 4801 neo
1205 4759 1264 4801 nou
1280 4741 1413 4815 regiones
1426 4736 1594 4814 mammea
1613 4730 1828 4821 malitiainbs·

155 4827 260 4884 iuveni
276 4827 350 4885 nibil
365 4830 460 4904 magis
484 4830 603 4889 noxium
631 4830 779 4888 invenitur
806 4844 895 4903 quam
910 4833 944 4888 ut
999 4831 1157 4890 bitautium
1171 4831 1260 4889 ineis
1277 4829 1396 4906 penitus
1410 4833 1483 4889 sunt
1497 4829 1666 4887 destrueter.

119 4914 302 4972 voluntatem
316 4920 465 4992 propriam
484 4925 637 4994 aequatur.
1033 4921 1127 4979 Labor
1140 4920 1293 4995 improbus
1307 4919 1408 4978 omnia
1421 4916 1519 4976 vineit.

156 5002 298 5076 injuriam
313 5021 451 5081 maguam
468 5007 596 5066 Creatori
618 5008 686 5064 latit
700 5007 752 5081 qui
779 5012 944 5066 ereaturam
1033 5009 1142 5069 Laudis
1156 5009 1292 5068 bumana
1308 5007 1412 5067 addus
1427 5006 1532 5066 divine
1547 4999 1753 5083 retributionis
1762 5001 1830 5061 des·

119 5090 211 5151 ullam
226 5091 294 5166 plus
308 5109 398 5167 quam
412 5096 496 5155 illum
512 5095 617 5170 diligit.
997 5099 1070 5175 pioit
1085 5115 1204 5157 munus.

155 5182 245 5239 Juxta
258 5181 370 5256 aliquid
386 5185 495 5243 multos
509 5185 630 5242 laudare
645 5184 714 5241 lieet
727 5185 885 5259 sapientes,
1033 5188 1127 5245 Labor
1140 5187 1279 5246 assiduus
1294 5186 1425 5246 oarnales
1440 5184 1579 5262 deprimit
1589 5185 1692 5242 asin.

155 5270 448 5347 Qui,iurtaquedam
457 5273 597 5332 laudandi
607 5278 679 5331 sunt
688 5273 788 5332 miuus
798 5293 942 5352 unquam.
1034 5279 1170 5352 Languor
1182 5277 1321 5337 insolitus
1335 5277 1490 5338 insolitum
1503 5275 1594 5335 etiam
1609 5264 1766 5333 mediolan
1776 5280 1831 5346 ga·

159 5359 227 5417 lllos
241 5367 369 5421 ueterum
383 5365 479 5437 oapiet
495 5363 577 5422 dolor
591 5367 620 5421 et
633 5364 791 5437 eruoiatus,
997 5383 1055 5426 nus
1070 5367 1183 5441 querit.

156 5448 211 5514 Qui
221 5465 300 5507 nune
313 5450 415 5509 latitia
429 5454 588 5528 capiuntur
601 5453 638 5510 ab
653 5453 848 5513 immoderata
1034 5457 1120 5513 Liber
1132 5461 1178 5514 est
1191 5457 1334 5517 dioendus
1348 5457 1380 5517 in
1394 5472 1454 5533 quo
1470 5455 1585 5515 nullum
1595 5446 1830 5529 amusium.

153 5538 345 5614 imperataut
360 5543 449 5601 servit
462 5542 724 5617 oolleetapeounia
737 5543 853 5620 eoique.
1033 5546 1120 5617 Lete,
1150 5548 1245 5622 magis
1273 5563 1363 5623 quam
1390 5544 1488 5608 tristis
1512 5544 1661 5627 quosdam
1684 5532 1836 5603 Μ’

150 5627 272 5692 luridus
283 5629 404 5691 alterium
419 5632 573 5694 mamesoit
588 5631 677 5692 rebus
691 5630 809 5705 opimis.
997 5641 1202 5712 corrumpunt.
1532 5630 1535 5635 ’
