3892 6096
56 308 98 384 Μ
550 315 705 380 elatus.
729 313 778 380 DE
800 313 944 383 saletis
967 313 1280 390 Quasslortleus.
1728 302 1771 371 θ’

57 450 265 522 nativitatem,
281 465 372 524 quam
386 448 417 509 in
432 466 563 524 persona
579 451 656 509 dicto
671 451 803 511 scribens
819 468 884 526 pro-
900 453 927 523 Α
944 451 1017 512 Nam
1032 469 1116 510 sacra
1133 451 1283 526 Scriptura
1301 467 1407 510 noman
1422 454 1452 508 at
1464 461 1619 524 personam
1634 445 1713 505 idem
1728 441 1768 502 si·

58 540 127 610 tuti,
152 539 242 598 simul
267 540 426 613 corrigant.
442 541 484 598 sd
509 541 580 609 hac,
604 559 713 616 quase,
730 543 889 616 dignentur
942 544 1080 619 gnificare
1094 543 1236 615 perhibet,
1248 559 1315 599 cum
1327 558 1378 615 pro
1390 541 1484 598 tribus
1496 537 1643 615 personis,
1655 535 1761 604 Patris,

58 630 213 691 attendere
227 629 298 704 quia
317 635 394 687 Deus
409 630 604 705 omnipotens,
621 633 697 689 sicut
720 633 888 690 dialecticos
942 637 972 690 et
986 632 1059 705 Filii,
1071 638 1099 688 et
1114 632 1243 705 Spiritus
1253 632 1356 704 sancti,
1369 648 1442 704 quas
1453 629 1614 703 sepissime
1624 627 1763 700 legimus,

57 725 88 778 et
103 720 314 793 grammaticos
331 720 367 776 ad
387 720 545 791 agnitionis
559 738 619 778 sna
634 722 758 795 gratiam
773 721 888 778 trabere
942 723 999 780 tria
1014 723 1133 780 nomina
1149 723 1294 779 interdurn
1312 721 1404 794 pouit,
1421 723 1453 776 ut
1470 736 1476 775 :
1491 721 1590 775 dania
1603 718 1694 774 docete
1708 732 1766 772 om·

56 810 146 882 solet,
162 810 203 866 ita
224 810 380 866 amborum
395 810 473 867 dicta
488 809 536 867 vei
554 812 663 885 scripta
689 813 819 884 accipere
844 811 887 867 di·
941 830 990 870 aas
1004 818 1108 886 pentes,
1120 814 1291 885 baptizantes
1303 829 1346 869 eos
1360 811 1514 868 innomine
1527 810 1669 877 Patriaet
1683 803 1766 874 Filii,

58 904 180 976 gnatae,
196 900 358 956 dummodo
379 900 531 956 veritatem
547 900 693 973 fidemque
707 918 820 958 sacram
836 900 887 957 ob·
941 912 967 960 et
981 903 1102 971 Spiritus
1116 904 1206 958 carecti
1221 902 1326 975 (diutili.
1343 900 1435 972 xviri).
1452 898 1563 963 Quibus
1576 896 1672 953 verbis
1689 893 1767 951 colli·

58 1006 177 1049 servam
197 989 344 1046 studeant.
359 990 413 1045 Sed
429 989 454 1045 si
471 990 543 1046 sorte
568 989 752 1047 saecularium
776 988 885 1046 littera·
942 993 1021 1066 gitur
1035 992 1115 1066 quia,
1126 997 1155 1048 et
1168 1008 1284 1056 noman,
1294 996 1323 1047 et
1338 1007 1463 1064 persona
1477 987 1683 1045 communione
1698 1001 1768 1057 qua·

58 1095 128 1135 rum
156 1077 322 1151 eloquentia
341 1077 435 1134 inflati
450 1078 511 1135 hac
535 1094 592 1135 nou
617 1078 803 1144 crediderint,
818 1094 886 1133 con·
943 1083 1010 1138 dam
1020 1084 1196 1156 junguntur.
1208 1082 1280 1138 Cum
1297 1080 1376 1137 enim
1392 1094 1498 1136 nomeu
1511 1093 1562 1150 pro
1576 1091 1702 1149 persona
1716 1089 1767 1146 pu·

57 1167 268 1240 &admittique
290 1171 380 1224 Mum
397 1166 541 1241 elegantia
562 1168 706 1225 sermonis
722 1167 768 1225 sui
793 1167 887 1241 magis
942 1171 1032 1242 nitur,
1049 1188 1155 1228 nomen
1177 1183 1274 1227 autem
1296 1169 1385 1227 variis
1408 1169 1496 1225 rebus
1521 1164 1687 1236 ascribitur,
1703 1179 1767 1238 par·

58 1257 202 1317 delectari
212 1273 298 1330 quam
310 1255 472 1313 rusticitate
485 1256 587 1325 nostri,
599 1258 761 1325 attendant,
774 1273 885 1329 precor,
942 1278 1014 1319 sonu
1028 1277 1146 1334 quoque
1159 1260 1249 1316 variis
1265 1260 1352 1316 rebus
1368 1257 1473 1316 ascribi
1487 1255 1574 1313 valet.

56 1348 142 1421 quod
155 1345 307 1419 Apostolus
322 1346 395 1402 dicit
411 1363 417 1402 :
434 1347 576 1419 Sapientia
599 1349 681 1420 hujus
705 1347 802 1402 muudi
815 1347 884 1402 stat·
977 1350 1135 1406 Saeculares
1147 1366 1212 1406 vero
1228 1349 1422 1420 littera,quus
1439 1347 1528 1403 etiam
1545 1343 1664 1418 plurimi
1680 1343 1766 1417 spiri·

56 1438 126 1493 iiiia
140 1436 217 1508 “PM
229 1440 318 1493 emm
332 1437 360 1507 (¹
372 1436 433 1492 ⁶0⁷·
449 1437 508 1506 1¹1l;
525 1440 553 1493 et
569 1453 576 1492 :
594 1438 708 1493 iutrma
722 1436 819 1492 mundi
832 1437 885 1493 ete·
942 1439 1016 1497 tales
1030 1439 1082 1496 viri
1099 1443 1271 1512 sequuntur,
1285 1437 1381 1495 simile
1396 1437 1466 1509 quid
1491 1435 1622 1492 tradunt.
1639 1433 1712 1489 Cum
1736 1433 1766 1490 in

59 1527 101 1597 iii
111 1526 194 1595 Dm»
211 1534 242 1581 Μ
256 1525 405 1597 ⁶0⁷¹i¹⁸²¹d⁰i
414 1528 500 1597 tortia
512 1526 537 1597 (l
551 1526 610 1582 Cor·
623 1526 653 1597 ¹)·
942 1529 1141 1604 grammatica
1157 1527 1321 1602 pronomini
1344 1530 1372 1583 et
1387 1528 1472 1583 verbo
1487 1529 1546 1580 tres
1563 1539 1702 1595 personas
1717 1538 1767 1577 as·

93 1615 172 1672 Inter
187 1613 250 1670 hac
261 1629 377 1686 qnoque
388 1614 572 1687 pausandum
586 1619 630 1671 est
645 1615 714 1688 quia
729 1614 848 1670 nomina
858 1618 887 1670 et
942 1616 1314 1690 cribunt‚ut:ego‚tu,ilie;
1324 1614 1539 1688 at:lego‚tagis‚
1549 1611 1766 1679 legitouarum

57 1703 146 1764 verba
166 1703 314 1776 quadam,
330 1719 408 1759 nunc
429 1703 548 1775 quidem
573 1704 703 1774 abusive,
719 1720 796 1759 nune
820 1720 886 1760 vero
942 1709 1038 1782 prima
1048 1712 1077 1764 et
1087 1708 1216 1764 secunda
1226 1723 1350 1780 persona
1360 1703 1476 1779 proprie
1487 1700 1621 1760 rationali
1631 1702 1768 1757 substan-

58 1793 176 1868 proprie
191 1796 351 1864 ponuntur.
364 1792 401 1849 Ut
415 1792 445 1849 in
456 1792 581 1849 Psalmis
596 1793 717 1850 verbum
731 1809 885 1866 persequor.
942 1799 989 1854 tia
1013 1797 1198 1861 conveniunt,
1223 1796 1293 1868 quia
1320 1810 1405 1850 nemo
1435 1794 1530 1865 potest
1557 1789 1651 1846 dicere
1668 1807 1674 1845 :
1691 1789 1766 1861 Eg03

60 1882 93 1945 ln
108 1897 169 1938 uno
184 1881 265 1938 enim
279 1880 342 1937 loco
364 1881 471 1937 dicitur
487 1900 493 1938 :
509 1883 625 1954 inquire
648 1899 743 1956 pacem
757 1887 782 1938 et
796 1899 888 1954 perse·
943 1904 1029 1944 nemo
1046 1891 1141 1959 potest
1155 1883 1337 1956 intelligere:
1354 1883 1411 1949 Tu,
1426 1881 1483 1937 nisi
1500 1877 1661 1937 rationalis.
1671 1875 1768 1933 Tertia

60 1986 143 2049 quere
155 1987 219 2027 eam
230 1971 316 2042 (Psoi.
332 1974 443 2040 xxmu).
455 1970 532 2028 Alibi
547 1989 613 2028 vcro
629 1971 685 2028 alio
698 1988 787 2028 sensu
806 1971 888 2043 poni·
943 1992 1009 2033 vero
1025 1991 1234 2048 personaque
1250 1973 1358 2030 dicitur
1372 1969 1505 2038 illailla,
1519 1968 1604 2039 illud,
1615 1967 1650 2024 ad
1665 1982 1768 2039 quam·

60 2065 119 2127 tur,
137 2065 170 2116 ut
186 2077 194 2115 ἱ
210 2060 402 2117 &trahentem
415 2069 516 2118 secreto
528 2065 658 2133 proximo
672 2077 722 2117 tuo
736 2061 809 2116 hunc
822 2078 888 2133 per·
942 2066 1014 2123 libet
1027 2064 1225 2122 irrationalem
1248 2068 1277 2121 et
1298 2061 1498 2119 insensibilem
1520 2062 1696 2125 creaturam,
1712 2054 1769 2112 dici

61 2151 194 2223 ‘tenebar
207 2151 294 2219 (Pull-
311 2151 347 2222 c)-
365 2150 494 2215 Quorum
511 2149 646 2207 videlicet
661 2167 753 2205 unum
771 2165 888 2206 necesse
942 2156 1028 2224 vaiet,
1040 2158 1091 2210 ut:
1106 2153 1154 2210 ille
1171 2154 1245 2221 lons,
1262 2151 1312 2209 illa
1327 2167 1413 2223 aqua,
1427 2148 1499 2205 illud
1515 2164 1615 2221 sequor
1628 2144 1704 2202 fluit.

60 2244 103 2296 est
119 2238 251 2310 abusive,
268 2238 347 2296 aliud
367 2256 435 2296 vero
459 2240 575 2313 proprie
600 2240 730 2312 pesitum
747 2239 814 2308 dici,
830 2238 888 2295 nisi
976 2249 1044 2300 Hac
1067 2243 1157 2317 igitur
1180 2242 1280 2300 omnia
1303 2239 1458 2307 dialectici,
1482 2253 1592 2310 quasso,
1616 2235 1769 2292 attendant

60 2330 217 2401 torte,pro
241 2345 273 2384 eo
295 2329 560 2402 quod,velpacem
588 2327 887 2402 quarentesvelho-
943 2333 1075 2406 mihique
1091 2349 1148 2389 non
1165 2332 1312 2404 imputent
1327 2329 1362 2400 si,
1379 2329 1408 2384 in
1424 2325 1576 2400 opusculis
1591 2322 1767 2394 meis,aliud
1865 2371 1874 2382 .

59 2418 174 2475 minem
204 2417 304 2474 ledere
332 2417 461 2474 volentes
480 2418 546 2492 (hoc
575 2419 653 2474 enim
683 2421 889 2490 persequentes
943 2423 1014 2495 quid
1042 2438 1131 2496 quam
1160 2419 1313 2477 dialectiea
1341 2419 1443 2474 doceat
1471 2414 1644 2472 invenerint.
1675 2413 1769 2483 Major

59 2507 229 2580 tissflffiffll),
247 2511 407 2580 ”immittit
427 2509 577 2580 Sssquessdo
591 2508 718 2581 agimus,
730 2513 889 2578 uirumque
943 2496 1020 2569 euim
1037 2528 1107 2567 cura
1122 2510 1195 2566 mihi
1218 2514 1263 2565 est
1285 2508 1419 2581 legendo,
1436 2505 1480 2563 vel
1504 2504 1670 2569 scribendo,
1686 2499 1769 2574 sequi

60 2597 151 2654 ‘stim
163 2612 224 2653 '¹¹²⁰
237 2597 889 2669 0⁰d⁰mq¹¹⁰V⁰lb⁰Pl⁰sell0POSSlfflU⁸·Qu0d
944 2605 1113 2658 sauctorum
1133 2598 1210 2655 dicta
1225 2614 1314 2669 quam
1334 2595 1473 2662 Platonis,
1485 2593 1528 2649 rel
1544 2589 1708 2648 Aristotelis
1724 2589 1767 2662 ip·

61 2686 85 2742 si
100 2685 143 2741 ita
156 2688 213 2753 est,
231 2685 308 2741 idem
330 2686 367 2741 de
385 2702 507 2758 persona
523 2687 610 2742 datur
625 2686 759 2760 intelligi.
771 2691 844 2743 Nam
860 2691 890 2743 ei
944 2690 1062 2761 eiusque
1078 2688 1166 2745 etiam
1187 2688 1277 2742 Boetii
1295 2687 1442 2758 dogmata.
1459 2683 1523 2752 Oui,
1540 2681 1607 2738 licet
1629 2681 1658 2736 in
1681 2678 1769 2736 dictis

61 2775 200 2832 infinum
212 2772 322 2830 numeri
330 2778 374 2831 est
384 2779 412 2831 et
421 2776 485 2847 ejus
495 2775 587 2849 origo,
596 2777 680 2847 juxta
690 2777 888 2849 grammatica
944 2777 1080 2851 plurimis
1097 2779 1194 2833 orator
1209 2775 1295 2831 tuerit
1310 2771 1583 2838 excellentissimus,
1599 2769 1628 2824 in
1645 2767 1768 2841 quibus·

61 2863 209 2938 regulam,
221 2863 306 2920 iacile
322 2868 418 2936 potest
431 2865 560 2937 agnosci.
577 2864 617 2921 De
631 2866 717 2921 verbo
734 2868 811 2921 enim
826 2882 887 2938 per·
944 2868 1012 2923 dam
1028 2871 1125 2922 tamen
1142 2879 1256 2921 errasse
1278 2863 1435 2920 invenitur.
1447 2863 1526 2917 luter
1549 2876 1612 2931 qua
1637 2855 1709 2913 illud
1724 2858 1769 2913 est

60 2969 124 3010 mua
152 2969 287 3026 personas
302 2953 452 3009 derivatur
473 2970 579 3010 nomen
595 2955 673 3027 quod
695 2959 740 3010 est
760 2972 888 3027 persana,
945 2955 1033 3028 quod,
1050 2972 1084 3010 ex
1106 2971 1230 3027 persona
1250 2950 1441 3026 philosophia
1463 2948 1597 3022 loquens,
1619 2947 1769 3002 Lucanum

62 3041 227 3116 penultima
241 3041 363 3116 syllaba,
380 3042 565 3099 discretionis
580 3060 678 3115 causa,
691 3045 841 3116 producta,
854 3062 890 3101 ne
944 3044 1083 3119 gentilem
1109 3048 1137 3099 et
1160 3043 1307 3098 infidelem
1326 3039 1500 3097 familiarem
1524 3054 1612 3094 suum
1629 3033 1768 3109 appellat,

64 3131 257 3205 imperativus
271 3147 335 3187 esse
351 3136 470 3204 putetur
486 3149 619 3205 persona.
631 3132 723 3200 Unda,
736 3133 812 3189 sicut
826 3149 888 3189 ver·
945 3135 1044 3190 diceus
1061 3151 1068 3189 :
1085 3134 1117 3188 lit
1136 3131 1289 3188 familiaris
1315 3146 1397 3186 meus
1422 3129 1567 3184 Lucanus.
1584 3125 1665 3193 Quod
1689 3123 1768 3180 enim

62 3220 131 3278 bum
144 3236 265 3294 peram
283 3238 340 3277 non
363 3226 514 3294 propterea
529 3220 635 3277 dicitur
657 3223 733 3294 quod
760 3221 888 3294 aliquam
904 3209 926 3276 C
945 3223 1017 3279 nulli
1033 3221 1183 3278 conveniat
1198 3221 1293 3276 dicere
1314 3216 1451 3291 gentilem
1472 3216 1600 3288 aliquem
1616 3229 1688 3268 vara
1703 3212 1768 3285 phi·

61 3327 132 3377 rem,
157 3310 216 3366 vel'
234 3310 433 3367 substantiam
459 3310 586 3384 proprie,
612 3312 662 3367 sed
692 3310 891 3368 indifferenter
945 3312 1066 3384 sophira,
1083 3311 1111 3365 id
1137 3315 1181 3366 cst
1206 3308 1308 3363 divina
1325 3306 1472 3379 sapientia
1497 3303 1671 3360 familiarem
1694 3315 1769 3368 esso,

64 3398 232 3472 quamlibet
247 3415 306 3455 rem
328 3405 475 3471 personet,
491 3400 551 3456 sive
570 3399 711 3467 nominet,
727 3400 769 3455 ita
784 3405 811 3456 et
826 3417 889 3473 per·
924 3440 928 3446 .
946 3399 1041 3456 tidelis
1056 3397 1179 3471 quilibet
1194 3397 1341 3452 advertere
1356 3393 1442 3448 valet.

64 3505 136 3546 sona
151 3504 209 3561 pro
228 3487 383 3560 cujuslibet
403 3489 443 3545 rei
459 3489 625 3562 agnomine,
641 3489 684 3545 vel
709 3489 891 3545 demonstra·
980 3487 1172 3543 Veneraudus
1186 3487 1232 3540 est
1256 3499 1324 3556 ergo
1340 3481 1417 3537 Deus
1441 3478 1597 3556 omniaque
1613 3473 1701 3530 simul
1725 3474 1768 3529 di-

64 3577 141 3634 tione
159 3576 220 3634 dici
233 3581 338 3650 potest.
945 3577 1013 3632 vina
1026 3575 1174 3633 laudanda
1185 3576 1254 3630 sunt
1265 3588 1316 3644 pru
1328 3569 1436 3642 capite;
1452 3572 1480 3625 et
1493 3571 1559 3640 post
1569 3566 1630 3622 hac
1645 3566 1769 3637 possunt

36 3680 41 3689 ·
98 3665 192 3735 Quod,
204 3666 264 3723 nisi
275 3665 369 3738 fallor,
381 3670 442 3723 tam
456 3667 550 3724 Sacra
563 3667 720 3741 Scriptura
736 3684 825 3740 quam
837 3685 890 3724 sa·
946 3666 1059 3723 laudari
1074 3670 1177 3721 catera
1192 3676 1325 3735 quaque.

11 3746 15 3752 ’
66 3754 207 3812 emerium
232 3754 398 3812 litterarum
413 3754 570 3812 traditione
594 3755 742 3813 iuvenitur
763 3755 804 3812 ita
816 3772 890 3812 esse.
1222 3751 1341 3825 Explicit
1355 3749 1494 3822 prolapus.

797 4015 1041 4104 suerrus

91 4199 515 4326 DIALOGUS
561 4201 670 4325 DE
715 4201 1023 4326 TRIBUS
1070 4193 1739 4351 QUAESTIONIBUS,

847 4419 878 4464 ll)
901 4419 986 4466 EST:

186 4539 231 4604 ee
252 4540 362 4605 diviua
382 4541 503 4625 pietatis
525 4541 943 4624 aguite‘unajudieebrumqae
964 4541 1132 4604 diuinorum
1152 4541 1400 4617 diversitatem
1423 4558 1481 4599 uon
1505 4536 1540 4597 de
1564 4535 1649 4597 varia

740 4623 810 4684 bene
824 4621 936 4702 agendi
945 4622 1102 4702 ,suauitate

446 4777 547 4849 Onam
560 4775 630 4854 pius
644 4782 676 4837 et
686 4776 789 4854 justus
803 4775 964 4847 Dominus,
982 4774 1030 4836 vel
1044 4783 1162 4855 quanta
1176 4774 1306 4836 facultas

447 4856 600 4918 Omnibus
615 4856 738 4929 existat,
755 4854 837 4916 bona
849 4856 908 4917 uiti
921 4855 1041 4917 discere
1057 4857 1152 4930 uisus,

446 4937 513 4999 Huc
527 4935 655 4999 humilis
669 4937 784 5013 veniat,
801 4943 833 4999 et
846 4942 958 4999 cuncta
971 4935 1078 5016 legens
1093 4937 1152 4997 sibi
1167 4935 1265 4997 discat
1279 4932 1354 5014 (32).

334 5095 451 5153 CAPUT
471 5095 625 5153 PRIMUM.
906 5097 934 5165 Α
984 5099 1015 5153 ii.
1032 5097 1095 5153 Non
1111 5095 1162 5162 ita,
1175 5096 1225 5152 sed
1248 5095 1387 5168 quoniam
1402 5092 1551 5150 continuis
1574 5092 1770 5148 tentationum

73 5184 220 5244 aaziae
233 5185 295 5244 Scri
324 5186 388 5242 urie
401 5184 480 5242 bomo
493 5185 601 5242 abunde
619 5185 729 5244 docetru
747 5200 810 5258 qeae
822 5187 895 5242 scitu
948 5190 977 5242 et
991 5184 1244 5259 perturbationum
1259 5182 1402 5240 molestiis
1418 5183 1489 5238 adeo
1513 5181 1625 5237 afficior
1646 5182 1678 5236 ut
1699 5180 1770 5253 quid

317 5258 437 5314 wilm
449 5259 605 5314 saccaria
618 5266 692 5315 suut.
949 5272 985 5330 ad
1001 5273 1127 5331 salutem
1143 5277 1274 5330 nostram
1296 5272 1439 5346 pertineat
1458 5269 1607 5343 providere
1623 5269 1771 5327 interdum

104 5367 205 5423 Ham.
220 5365 279 5423 Gur
294 5379 365 5435 nou,
381 5356 516 5436 Othiune,
531 5380 599 5420 cum
613 5364 814 5433 convenimus,
828 5368 894 5437 apte
947 5380 1069 5436 prorsus
1084 5364 1226 5436 ignorem.

75 5452 107 5510 da
120 5454 214 5512 salute
228 5458 329 5512 nostm
343 5450 455 5525 aliquid
469 5453 656 5510 tractamus?
984 5453 1014 5509 0.
1031 5451 1184 5519 Molestiis‚
1195 5468 1259 5523 qua
1270 5467 1455 5524 quacumque
1467 5448 1578 5505 inimici
1589 5447 1770 5505 circumven-

103 5544 176 5606 aaa
191 5542 281 5611 Quui
297 5542 435 5617 cuiquam
448 5541 527 5600 aliud
542 5544 703 5618 gerendum
719 5541 758 5599 sit
772 5539 856 5599 diois.
947 5542 1026 5598 tione
1040 5540 1217 5612 interantur,
1228 5539 1392 5614 omnigenis
1402 5543 1461 5597 tam
1471 5538 1585 5596 Veteris
1598 5554 1687 5613 quam
1699 5537 1770 5598 Novi

101 5643 158 5721 (32)
172 5643 209 5709 ln
222 5642 323 5709 cedias
335 5641 474 5704 (imoensi
488 5641 519 5702 hi
533 5656 642 5705 versus.
649 5640 771 5719 prologo
785 5639 1014 5717 praemittuntur.
