<?xml version="1.0" encoding="UTF-8"?>
<!DOCTYPE html PUBLIC "-//W3C//DTD XHTML 1.0 Transitional//EN"
    "http://www.w3.org/TR/xhtml1/DTD/xhtml1-transitional.dtd">
<html xmlns="http://www.w3.org/1999/xhtml" xml:lang="en" lang="en">
 <head>
  <title>
</title>
<meta http-equiv="Content-Type" content="text/html;charset=utf-8" />
  <meta name='ocr-system' content='tesseract 3.04.00' />
  <meta name='ocr-capabilities' content='ocr_page ocr_carea ocr_par ocr_line ocrx_word'/>
</head>
<body>
  <div class='ocr_page' id='page_1' title='image "./patrologiaecurs01unkngoog_0431.png"; bbox 0 0 3892 6096; ppageno 0'>
   <div class='ocr_carea' id='block_1_1' title="bbox 774 341 1685 415">
    <p class='ocr_par' dir='ltr' id='par_1_1' title="bbox 774 341 1685 415">
     <span class='ocr_line' id='line_1_1' title="bbox 774 341 1685 415; baseline -0.003 -3"><span class='ocrx_word' id='word_1_1' title='bbox 774 349 890 415; x_wconf 78' lang='lat' dir='ltr'>ACTA.</span> <span class='ocrx_word' id='word_1_2' title='bbox 1625 341 1685 409; x_wconf 69' lang='grc'><strong>851</strong></span> 
     </span>
    </p>
   </div>
   <div class='ocr_carea' id='block_1_2' title="bbox 91 479 1757 5376">
    <p class='ocr_par' dir='ltr' id='par_1_2' title="bbox 91 479 1751 2165">
     <span class='ocr_line' id='line_1_2' title="bbox 91 479 1686 561; baseline 0.004 -23"><span class='ocrx_word' id='word_1_3' title='bbox 91 479 211 540; x_wconf 83' lang='lat' dir='ltr'><strong>rvarias</strong></span> <span class='ocrx_word' id='word_1_4' title='bbox 226 486 357 557; x_wconf 84' lang='lat' dir='ltr'><strong>accipere</strong></span> <span class='ocrx_word' id='word_1_5' title='bbox 378 498 472 541; x_wconf 89' lang='lat' dir='ltr'><strong>voees.</strong></span> <span class='ocrx_word' id='word_1_6' title='bbox 503 481 569 540; x_wconf 82' lang='lat' dir='ltr'><strong>Fuit</strong></span> <span class='ocrx_word' id='word_1_7' title='bbox 597 481 713 539; x_wconf 88' lang='lat' dir='ltr'><strong>subitus</strong></span> <span class='ocrx_word' id='word_1_8' title='bbox 736 480 806 540; x_wconf 88' lang='lat' dir='ltr'><strong>illuc</strong></span> <span class='ocrx_word' id='word_1_9' title='bbox 820 485 847 551; x_wconf 79' lang='grc' dir='ltr'><strong>Α</strong></span> <span class='ocrx_word' id='word_1_10' title='bbox 862 483 984 557; x_wconf 89' lang='lat' dir='ltr'><strong>quidam</strong></span> <span class='ocrx_word' id='word_1_11' title='bbox 998 483 1045 542; x_wconf 91' lang='lat' dir='ltr'><strong>sui</strong></span> <span class='ocrx_word' id='word_1_12' title='bbox 1059 486 1163 544; x_wconf 81' lang='lat' dir='ltr'><strong>aflines</strong></span> <span class='ocrx_word' id='word_1_13' title='bbox 1176 484 1245 544; x_wconf 85' lang='lat' dir='ltr'><strong>lessi</strong></span> <span class='ocrx_word' id='word_1_14' title='bbox 1260 484 1390 561; x_wconf 83' lang='lat' dir='ltr'><strong>lassique</strong></span> <span class='ocrx_word' id='word_1_15' title='bbox 1404 498 1616 560; x_wconf 76' lang='lat' dir='ltr'><strong>supervenere:</strong></span> <span class='ocrx_word' id='word_1_16' title='bbox 1632 482 1686 561; x_wconf 85' lang='lat' dir='ltr'><strong>qni</strong></span> 
     </span>
     <span class='ocr_line' id='line_1_3' title="bbox 91 571 1685 650; baseline 0.003 -23"><span class='ocrx_word' id='word_1_17' title='bbox 91 588 151 628; x_wconf 70' lang='lat' dir='ltr'><strong>rum</strong></span> <span class='ocrx_word' id='word_1_18' title='bbox 167 590 346 630; x_wconf 85' lang='lat' dir='ltr'><strong>concursus:</strong></span> <span class='ocrx_word' id='word_1_19' title='bbox 363 591 430 630; x_wconf 88' lang='lat' dir='ltr'><strong>nam</strong></span> <span class='ocrx_word' id='word_1_20' title='bbox 446 574 494 629; x_wconf 91' lang='lat' dir='ltr'><strong>diu</strong></span> <span class='ocrx_word' id='word_1_21' title='bbox 511 574 587 629; x_wconf 89' lang='lat' dir='ltr'><strong>iuter</strong></span> <span class='ocrx_word' id='word_1_22' title='bbox 611 571 802 630; x_wconf 88' lang='lat' dir='ltr'><strong>densissimas</strong></span> <span class='ocrx_word' id='word_1_23' title='bbox 858 574 983 646; x_wconf 84' lang='lat' dir='ltr'><strong>benigne</strong></span> <span class='ocrx_word' id='word_1_24' title='bbox 995 579 1203 649; x_wconf 77' lang='lat' dir='ltr'><strong>gratanterque</strong></span> <span class='ocrx_word' id='word_1_25' title='bbox 1217 576 1322 646; x_wconf 89' lang='lat' dir='ltr'><strong>babiti,</strong></span> <span class='ocrx_word' id='word_1_26' title='bbox 1338 577 1446 633; x_wconf 87' lang='lat' dir='ltr'><strong>nostris</strong></span> <span class='ocrx_word' id='word_1_27' title='bbox 1466 576 1685 650; x_wconf 87' lang='lat' dir='ltr'><strong>percunctanti·</strong></span> 
     </span>
     <span class='ocr_line' id='line_1_4' title="bbox 91 661 1681 739; baseline 0.003 -21"><span class='ocrx_word' id='word_1_28' title='bbox 91 667 118 718; x_wconf 90' lang='lat' dir='ltr'><strong>et</strong></span> <span class='ocrx_word' id='word_1_29' title='bbox 131 661 313 720; x_wconf 86' lang='lat' dir='ltr'><strong>humillimas</strong></span> <span class='ocrx_word' id='word_1_30' title='bbox 329 664 456 729; x_wconf 89' lang='lat' dir='ltr'><strong>arbores,</strong></span> <span class='ocrx_word' id='word_1_31' title='bbox 475 663 582 735; x_wconf 89' lang='lat' dir='ltr'><strong>quibus</strong></span> <span class='ocrx_word' id='word_1_32' title='bbox 612 663 723 734; x_wconf 83' lang='lat' dir='ltr'><strong>passim</strong></span> <span class='ocrx_word' id='word_1_33' title='bbox 743 661 803 718; x_wconf 79' lang='lat' dir='ltr'><strong>brec</strong></span> <span class='ocrx_word' id='word_1_34' title='bbox 858 664 925 733; x_wconf 85' lang='lat' dir='ltr'><strong>bue,</strong></span> <span class='ocrx_word' id='word_1_35' title='bbox 941 665 1028 733; x_wconf 90' lang='lat' dir='ltr'><strong>unde,</strong></span> <span class='ocrx_word' id='word_1_36' title='bbox 1045 664 1130 737; x_wconf 87' lang='lat' dir='ltr'><strong>quive</strong></span> <span class='ocrx_word' id='word_1_37' title='bbox 1140 669 1248 733; x_wconf 90' lang='lat' dir='ltr'><strong>essent,</strong></span> <span class='ocrx_word' id='word_1_38' title='bbox 1264 682 1357 738; x_wconf 88' lang='lat' dir='ltr'><strong>quove</strong></span> <span class='ocrx_word' id='word_1_39' title='bbox 1371 665 1525 723; x_wconf 84' lang='lat' dir='ltr'><strong>tenderent</strong></span> <span class='ocrx_word' id='word_1_40' title='bbox 1538 664 1681 739; x_wconf 87' lang='lat' dir='ltr'><strong>(nondum</strong></span> 
     </span>
     <span class='ocr_line' id='line_1_5' title="bbox 92 750 1683 828; baseline 0.001 -20"><span class='ocrx_word' id='word_1_41' title='bbox 92 752 682 825; x_wconf 78' lang='lat' dir='ltr'><strong>intloca,quaerendoerraverantlnsuper</strong></span> <span class='ocrx_word' id='word_1_42' title='bbox 701 750 803 807; x_wconf 90' lang='lat' dir='ltr'><strong>etaliis</strong></span> <span class='ocrx_word' id='word_1_43' title='bbox 858 752 936 808; x_wconf 92' lang='lat' dir='ltr'><strong>enim</strong></span> <span class='ocrx_word' id='word_1_44' title='bbox 951 752 1069 809; x_wconf 76' lang='lat' dir='ltr'><strong>iustum</strong></span> <span class='ocrx_word' id='word_1_45' title='bbox 1085 754 1181 822; x_wconf 88' lang='lat' dir='ltr'><strong>illum,</strong></span> <span class='ocrx_word' id='word_1_46' title='bbox 1196 753 1267 826; x_wconf 91' lang='lat' dir='ltr'><strong>quia</strong></span> <span class='ocrx_word' id='word_1_47' title='bbox 1277 752 1345 810; x_wconf 90' lang='lat' dir='ltr'><strong>alibi</strong></span> <span class='ocrx_word' id='word_1_48' title='bbox 1357 754 1513 823; x_wconf 77' lang='lat' dir='ltr'><strong>resederat,</strong></span> <span class='ocrx_word' id='word_1_49' title='bbox 1523 752 1683 828; x_wconf 86' lang='lat' dir='ltr'><strong>viderant),</strong></span> 
     </span>
     <span class='ocr_line' id='line_1_6' title="bbox 92 839 1683 916; baseline 0.003 -20"><span class='ocrx_word' id='word_1_50' title='bbox 92 841 218 897; x_wconf 87' lang='lat' dir='ltr'><strong>neribus</strong></span> <span class='ocrx_word' id='word_1_51' title='bbox 231 842 325 910; x_wconf 87' lang='lat' dir='ltr'><strong>exciti,</strong></span> <span class='ocrx_word' id='word_1_52' title='bbox 342 841 477 897; x_wconf 84' lang='lat' dir='ltr'><strong>advolant</strong></span> <span class='ocrx_word' id='word_1_53' title='bbox 488 839 679 914; x_wconf 82' lang='lat' dir='ltr'><strong>quamplures</strong></span> <span class='ocrx_word' id='word_1_54' title='bbox 691 858 697 897; x_wconf 97' lang='lat'><strong>:</strong></span> <span class='ocrx_word' id='word_1_55' title='bbox 710 841 742 895; x_wconf 86' lang='lat' dir='ltr'><strong>fit</strong></span> <span class='ocrx_word' id='word_1_56' title='bbox 751 857 803 895; x_wconf 91' lang='lat' dir='ltr'><strong>nn·</strong></span> <span class='ocrx_word' id='word_1_57' title='bbox 857 841 900 897; x_wconf 93' lang='lat' dir='ltr'><strong>illi</strong></span> <span class='ocrx_word' id='word_1_58' title='bbox 915 842 1072 915; x_wconf 88' lang='lat' dir='ltr'><strong>inquiant:</strong></span> <span class='ocrx_word' id='word_1_59' title='bbox 1089 842 1178 915; x_wconf 82' lang='lat' dir='ltr'><strong>Regio</strong></span> <span class='ocrx_word' id='word_1_60' title='bbox 1194 842 1337 899; x_wconf 82' lang='lat' dir='ltr'><strong>Flaminia</strong></span> <span class='ocrx_word' id='word_1_61' title='bbox 1352 845 1398 899; x_wconf 86' lang='lat' dir='ltr'><strong>est</strong></span> <span class='ocrx_word' id='word_1_62' title='bbox 1409 841 1564 910; x_wconf 88' lang='lat' dir='ltr'><strong>;insanum</strong></span> <span class='ocrx_word' id='word_1_63' title='bbox 1579 855 1683 916; x_wconf 88' lang='lat' dir='ltr'><strong>quem·</strong></span> 
     </span>
     <span class='ocr_line' id='line_1_7' title="bbox 95 929 1682 1002; baseline 0.002 -17"><span class='ocrx_word' id='word_1_64' title='bbox 95 947 154 986; x_wconf 92' lang='lat' dir='ltr'><strong>non</strong></span> <span class='ocrx_word' id='word_1_65' title='bbox 169 947 285 1002; x_wconf 84' lang='lat' dir='ltr'><strong>parvus.</strong></span> <span class='ocrx_word' id='word_1_66' title='bbox 302 930 374 986; x_wconf 88' lang='lat' dir='ltr'><strong>Cum</strong></span> <span class='ocrx_word' id='word_1_67' title='bbox 390 948 424 986; x_wconf 86' lang='lat' dir='ltr'><strong>ex</strong></span> <span class='ocrx_word' id='word_1_68' title='bbox 442 935 523 987; x_wconf 90' lang='lat' dir='ltr'><strong>tnnto</strong></span> <span class='ocrx_word' id='word_1_69' title='bbox 539 947 671 998; x_wconf 92' lang='lat' dir='ltr'><strong>numero,</strong></span> <span class='ocrx_word' id='word_1_70' title='bbox 688 929 802 986; x_wconf 84' lang='lat' dir='ltr'><strong>diabolo</strong></span> <span class='ocrx_word' id='word_1_71' title='bbox 858 929 938 999; x_wconf 86' lang='lat' dir='ltr'><strong>dum,</strong></span> <span class='ocrx_word' id='word_1_72' title='bbox 953 948 1003 988; x_wconf 88' lang='lat' dir='ltr'><strong>seu</strong></span> <span class='ocrx_word' id='word_1_73' title='bbox 1022 931 1168 989; x_wconf 89' lang='lat' dir='ltr'><strong>adinbolo</strong></span> <span class='ocrx_word' id='word_1_74' title='bbox 1185 929 1261 988; x_wconf 86' lang='lat' dir='ltr'><strong>mele</strong></span> <span class='ocrx_word' id='word_1_75' title='bbox 1275 932 1426 987; x_wconf 88' lang='lat' dir='ltr'><strong>detentum</strong></span> <span class='ocrx_word' id='word_1_76' title='bbox 1441 930 1549 1000; x_wconf 90' lang='lat' dir='ltr'><strong>virum,</strong></span> <span class='ocrx_word' id='word_1_77' title='bbox 1562 931 1682 989; x_wconf 86' lang='lat' dir='ltr'><strong>Jastum</strong></span> 
     </span>
     <span class='ocr_line' id='line_1_8' title="bbox 92 1019 1683 1092; baseline 0.002 -17"><span class='ocrx_word' id='word_1_78' title='bbox 92 1019 803 1092; x_wconf 79' lang='lat' dir='ltr'><strong>rtterroresincutiendoetminitandofrequenter</strong></span> <span class='ocrx_word' id='word_1_79' title='bbox 858 1020 986 1090; x_wconf 91' lang='lat' dir='ltr'><strong>nomine,</strong></span> <span class='ocrx_word' id='word_1_80' title='bbox 1012 1036 1047 1078; x_wconf 89' lang='lat' dir='ltr'><strong>ea</strong></span> <span class='ocrx_word' id='word_1_81' title='bbox 1073 1021 1190 1078; x_wconf 86' lang='lat' dir='ltr'><strong>insanin</strong></span> <span class='ocrx_word' id='word_1_82' title='bbox 1212 1024 1398 1088; x_wconf 79' lang='lat' dir='ltr'><strong>estuantem,</strong></span> <span class='ocrx_word' id='word_1_83' title='bbox 1427 1020 1515 1077; x_wconf 90' lang='lat' dir='ltr'><strong>domo</strong></span> <span class='ocrx_word' id='word_1_84' title='bbox 1539 1024 1683 1078; x_wconf 88' lang='lat' dir='ltr'><strong>nocturno</strong></span> 
     </span>
     <span class='ocr_line' id='line_1_9' title="bbox 92 1107 1681 1184; baseline 0.001 -19"><span class='ocrx_word' id='word_1_85' title='bbox 92 1109 173 1165; x_wconf 82' lang='lat' dir='ltr'><strong>iudet</strong></span> <span class='ocrx_word' id='word_1_86' title='bbox 184 1109 429 1165; x_wconf 75' lang='lat' dir='ltr'><strong>nemocretcrnm</strong></span> <span class='ocrx_word' id='word_1_87' title='bbox 442 1126 510 1165; x_wconf 91' lang='lat' dir='ltr'><strong>eum</strong></span> <span class='ocrx_word' id='word_1_88' title='bbox 521 1110 633 1165; x_wconf 78' lang='lat' dir='ltr'><strong>demon</strong></span> <span class='ocrx_word' id='word_1_89' title='bbox 645 1109 764 1181; x_wconf 84' lang='lat' dir='ltr'><strong>longius</strong></span> <span class='ocrx_word' id='word_1_90' title='bbox 773 1113 802 1164; x_wconf 89' lang='lat' dir='ltr'><strong>et</strong></span> <span class='ocrx_word' id='word_1_91' title='bbox 856 1113 987 1182; x_wconf 90' lang='lat' dir='ltr'><strong>tempore</strong></span> <span class='ocrx_word' id='word_1_92' title='bbox 999 1110 1317 1178; x_wconf 82' lang='lat' dir='ltr'><strong>abeuntem,diversas‘</strong></span> <span class='ocrx_word' id='word_1_93' title='bbox 1325 1109 1460 1184; x_wconf 90' lang='lat' dir='ltr'><strong>regiones</strong></span> <span class='ocrx_word' id='word_1_94' title='bbox 1472 1113 1502 1165; x_wconf 91' lang='lat' dir='ltr'><strong>et</strong></span> <span class='ocrx_word' id='word_1_95' title='bbox 1516 1107 1681 1182; x_wconf 83' lang='lat' dir='ltr'><strong>locaanxie,</strong></span> 
     </span>
     <span class='ocr_line' id='line_1_10' title="bbox 92 1197 1682 1271; baseline 0 -17"><span class='ocrx_word' id='word_1_96' title='bbox 92 1214 172 1266; x_wconf 82' lang='lat' dir='ltr'><strong>rs,ac</strong></span> <span class='ocrx_word' id='word_1_97' title='bbox 202 1199 256 1254; x_wconf 87' lang='lat' dir='ltr'><strong>rati</strong></span> <span class='ocrx_word' id='word_1_98' title='bbox 281 1208 388 1269; x_wconf 84' lang='lat' dir='ltr'><strong>essent,</strong></span> <span class='ocrx_word' id='word_1_99' title='bbox 412 1204 556 1255; x_wconf 87' lang='lat' dir='ltr'><strong>certamen</strong></span> <span class='ocrx_word' id='word_1_100' title='bbox 585 1202 646 1254; x_wconf 90' lang='lat' dir='ltr'><strong>tum</strong></span> <span class='ocrx_word' id='word_1_101' title='bbox 665 1197 801 1270; x_wconf 91' lang='lat' dir='ltr'><strong>iniquum</strong></span> <span class='ocrx_word' id='word_1_102' title='bbox 857 1198 907 1253; x_wconf 92' lang='lat' dir='ltr'><strong>diu</strong></span> <span class='ocrx_word' id='word_1_103' title='bbox 923 1198 1097 1271; x_wconf 88' lang='lat' dir='ltr'><strong>inquirendo</strong></span> <span class='ocrx_word' id='word_1_104' title='bbox 1111 1199 1281 1267; x_wconf 81' lang='lat' dir='ltr'><strong>lustrantes,</strong></span> <span class='ocrx_word' id='word_1_105' title='bbox 1309 1197 1453 1255; x_wconf 90' lang='lat' dir='ltr'><strong>indicium</strong></span> <span class='ocrx_word' id='word_1_106' title='bbox 1477 1197 1538 1256; x_wconf 88' lang='lat' dir='ltr'><strong>veri</strong></span> <span class='ocrx_word' id='word_1_107' title='bbox 1560 1198 1682 1255; x_wconf 88' lang='lat' dir='ltr'><strong>tandem</strong></span> 
     </span>
     <span class='ocr_line' id='line_1_11' title="bbox 92 1285 1683 1361; baseline -0.001 -17"><span class='ocrx_word' id='word_1_108' title='bbox 92 1291 159 1359; x_wconf 87' lang='lat' dir='ltr'><strong>eret,</strong></span> <span class='ocrx_word' id='word_1_109' title='bbox 170 1287 582 1359; x_wconf 83' lang='lat' dir='ltr'><strong>quamprimumPauliabbsti</strong></span> <span class='ocrx_word' id='word_1_110' title='bbox 593 1304 653 1343; x_wconf 90' lang='lat' dir='ltr'><strong>rem</strong></span> <span class='ocrx_word' id='word_1_111' title='bbox 667 1286 801 1342; x_wconf 82' lang='lat' dir='ltr'><strong>nuntiare</strong></span> <span class='ocrx_word' id='word_1_112' title='bbox 857 1304 915 1344; x_wconf 91' lang='lat' dir='ltr'><strong>non</strong></span> <span class='ocrx_word' id='word_1_113' title='bbox 931 1287 1117 1360; x_wconf 89' lang='lat' dir='ltr'><strong>procuihinc</strong></span> <span class='ocrx_word' id='word_1_114' title='bbox 1146 1288 1357 1361; x_wconf 82' lang='lat' dir='ltr'><strong>comperimus,</strong></span> <span class='ocrx_word' id='word_1_115' title='bbox 1385 1303 1453 1344; x_wconf 90' lang='lat' dir='ltr'><strong>eum</strong></span> <span class='ocrx_word' id='word_1_116' title='bbox 1481 1287 1565 1361; x_wconf 90' lang='lat' dir='ltr'><strong>(quia</strong></span> <span class='ocrx_word' id='word_1_117' title='bbox 1590 1285 1683 1345; x_wconf 89' lang='lat' dir='ltr'><strong>etalii</strong></span> 
     </span>
     <span class='ocr_line' id='line_1_12' title="bbox 102 1375 1681 1451; baseline 0.001 -18"><span class='ocrx_word' id='word_1_118' title='bbox 102 1376 176 1433; x_wconf 85' lang='lat' dir='ltr'><strong>Cum</strong></span> <span class='ocrx_word' id='word_1_119' title='bbox 186 1375 234 1432; x_wconf 89' lang='lat' dir='ltr'><strong>illc</strong></span> <span class='ocrx_word' id='word_1_120' title='bbox 245 1377 274 1431; x_wconf 91' lang='lat' dir='ltr'><strong>in</strong></span> <span class='ocrx_word' id='word_1_121' title='bbox 286 1393 317 1432; x_wconf 91' lang='lat' dir='ltr'><strong>re</strong></span> <span class='ocrx_word' id='word_1_122' title='bbox 328 1381 387 1431; x_wconf 85' lang='lat' dir='ltr'><strong>tam</strong></span> <span class='ocrx_word' id='word_1_123' title='bbox 400 1376 500 1448; x_wconf 91' lang='lat' dir='ltr'><strong>atroci,</strong></span> <span class='ocrx_word' id='word_1_124' title='bbox 517 1381 577 1433; x_wconf 88' lang='lat' dir='ltr'><strong>tam</strong></span> <span class='ocrx_word' id='word_1_125' title='bbox 589 1376 719 1449; x_wconf 86' lang='lat' dir='ltr'><strong>ancipiti,</strong></span> <span class='ocrx_word' id='word_1_126' title='bbox 730 1375 800 1448; x_wconf 91' lang='lat' dir='ltr'><strong>quid</strong></span> <span class='ocrx_word' id='word_1_127' title='bbox 856 1377 958 1432; x_wconf 87' lang='lat' dir='ltr'><strong>eodem</strong></span> <span class='ocrx_word' id='word_1_128' title='bbox 969 1377 1056 1434; x_wconf 88' lang='lat' dir='ltr'><strong>modo</strong></span> <span class='ocrx_word' id='word_1_129' title='bbox 1065 1376 1235 1435; x_wconf 79' lang='lat' dir='ltr'><strong>laborantes</strong></span> <span class='ocrx_word' id='word_1_130' title='bbox 1250 1378 1309 1435; x_wconf 92' lang='lat' dir='ltr'><strong>huo</strong></span> <span class='ocrx_word' id='word_1_131' title='bbox 1323 1377 1418 1451; x_wconf 87' lang='lat' dir='ltr'><strong>gratia</strong></span> <span class='ocrx_word' id='word_1_132' title='bbox 1429 1375 1584 1450; x_wconf 85' lang='lat' dir='ltr'><strong>sospitatis</strong></span> <span class='ocrx_word' id='word_1_133' title='bbox 1597 1392 1681 1434; x_wconf 89' lang='lat' dir='ltr'><strong>recn-</strong></span> 
     </span>
     <span class='ocr_line' id='line_1_13' title="bbox 92 1464 1682 1540; baseline 0 -17"><span class='ocrx_word' id='word_1_134' title='bbox 92 1482 148 1540; x_wconf 91' lang='lat' dir='ltr'><strong>quo</strong></span> <span class='ocrx_word' id='word_1_135' title='bbox 163 1482 195 1522; x_wconf 91' lang='lat' dir='ltr'><strong>se</strong></span> <span class='ocrx_word' id='word_1_136' title='bbox 209 1469 320 1521; x_wconf 77' lang='lat' dir='ltr'><strong>vertere</strong></span> <span class='ocrx_word' id='word_1_137' title='bbox 344 1465 479 1535; x_wconf 86' lang='lat' dir='ltr'><strong>nesciret,</strong></span> <span class='ocrx_word' id='word_1_138' title='bbox 505 1466 637 1522; x_wconf 91' lang='lat' dir='ltr'><strong>divinum</strong></span> <span class='ocrx_word' id='word_1_139' title='bbox 658 1464 800 1521; x_wconf 87' lang='lat' dir='ltr'><strong>auxilium</strong></span> <span class='ocrx_word' id='word_1_140' title='bbox 856 1466 990 1538; x_wconf 78' lang='lat' dir='ltr'><strong>peranda</strong></span> <span class='ocrx_word' id='word_1_141' title='bbox 1014 1467 1128 1540; x_wconf 89' lang='lat' dir='ltr'><strong>petunt)</strong></span> <span class='ocrx_word' id='word_1_142' title='bbox 1155 1466 1231 1523; x_wconf 90' lang='lat' dir='ltr'><strong>iorte</strong></span> <span class='ocrx_word' id='word_1_143' title='bbox 1258 1466 1314 1523; x_wconf 92' lang='lat' dir='ltr'><strong>hoc</strong></span> <span class='ocrx_word' id='word_1_144' title='bbox 1342 1465 1566 1535; x_wconf 83' lang='lat' dir='ltr'><strong>monesterium,</strong></span> <span class='ocrx_word' id='word_1_145' title='bbox 1582 1464 1682 1523; x_wconf 89' lang='lat' dir='ltr'><strong>divina</strong></span> 
     </span>
     <span class='ocr_line' id='line_1_14' title="bbox 96 1553 1680 1635; baseline 0.001 -24"><span class='ocrx_word' id='word_1_146' title='bbox 96 1554 316 1635; x_wconf 87' lang='lat' dir='ltr'><strong>inquirendum.</strong></span> <span class='ocrx_word' id='word_1_147' title='bbox 855 1556 949 1626; x_wconf 85' lang='lat' dir='ltr'><strong>grstia</strong></span> <span class='ocrx_word' id='word_1_148' title='bbox 963 1559 1122 1629; x_wconf 80' lang='lat' dir='ltr'><strong>preeunte,</strong></span> <span class='ocrx_word' id='word_1_149' title='bbox 1137 1555 1282 1614; x_wconf 86' lang='lat' dir='ltr'><strong>adivisse:</strong></span> <span class='ocrx_word' id='word_1_150' title='bbox 1298 1572 1343 1622; x_wconf 86' lang='lat' dir='ltr'><strong>eo,</strong></span> <span class='ocrx_word' id='word_1_151' title='bbox 1368 1555 1394 1612; x_wconf 88' lang='lat' dir='ltr'><strong>ai</strong></span> <span class='ocrx_word' id='word_1_152' title='bbox 1417 1554 1488 1629; x_wconf 91' lang='lat' dir='ltr'><strong>qnid</strong></span> <span class='ocrx_word' id='word_1_153' title='bbox 1513 1553 1615 1613; x_wconf 91' lang='lat' dir='ltr'><strong>incidil</strong></span> <span class='ocrx_word' id='word_1_154' title='bbox 1628 1571 1680 1613; x_wconf 88' lang='lat' dir='ltr'><strong>vos</strong></span> 
     </span>
     <span class='ocr_line' id='line_1_15' title="bbox 92 1641 1681 1718; baseline -0.001 -17"><span class='ocrx_word' id='word_1_155' title='bbox 92 1643 252 1702; x_wconf 67' lang='lat' dir='ltr'><strong>:onvocatis</strong></span> <span class='ocrx_word' id='word_1_156' title='bbox 262 1644 584 1717; x_wconf 89' lang='lat' dir='ltr'><strong>igiturquamprimum</strong></span> <span class='ocrx_word' id='word_1_157' title='bbox 595 1645 726 1700; x_wconf 91' lang='lat' dir='ltr'><strong>inunum</strong></span> <span class='ocrx_word' id='word_1_158' title='bbox 738 1659 799 1698; x_wconf 92' lang='lat' dir='ltr'><strong>mo·</strong></span> <span class='ocrx_word' id='word_1_159' title='bbox 856 1648 945 1711; x_wconf 90' lang='lat' dir='ltr'><strong>tenet,</strong></span> <span class='ocrx_word' id='word_1_160' title='bbox 961 1641 1093 1717; x_wconf 81' lang='lat' dir='ltr'><strong>quianon</strong></span> <span class='ocrx_word' id='word_1_161' title='bbox 1117 1645 1251 1703; x_wconf 79' lang='lat' dir='ltr'><strong>maxime</strong></span> <span class='ocrx_word' id='word_1_162' title='bbox 1273 1648 1412 1718; x_wconf 88' lang='lat' dir='ltr'><strong>premunt</strong></span> <span class='ocrx_word' id='word_1_163' title='bbox 1439 1660 1526 1713; x_wconf 82' lang='lat' dir='ltr'><strong>cure,</strong></span> <span class='ocrx_word' id='word_1_164' title='bbox 1542 1642 1681 1702; x_wconf 81' lang='lat' dir='ltr'><strong>certiores</strong></span> 
     </span>
     <span class='ocr_line' id='line_1_16' title="bbox 103 1730 1681 1809; baseline 0 -20"><span class='ocrx_word' id='word_1_165' title='bbox 103 1732 200 1806; x_wconf 91' lang='lat' dir='ltr'><strong>inquit</strong></span> <span class='ocrx_word' id='word_1_166' title='bbox 212 1749 218 1789; x_wconf 93' lang='lat'><strong>:</strong></span> <span class='ocrx_word' id='word_1_167' title='bbox 230 1734 292 1800; x_wconf 83' lang='lat' dir='ltr'><strong>Quo</strong></span> <span class='ocrx_word' id='word_1_168' title='bbox 302 1732 365 1788; x_wconf 88' lang='lat' dir='ltr'><strong>loco</strong></span> <span class='ocrx_word' id='word_1_169' title='bbox 376 1749 421 1788; x_wconf 90' lang='lat' dir='ltr'><strong>res</strong></span> <span class='ocrx_word' id='word_1_170' title='bbox 431 1737 537 1788; x_wconf 82' lang='lat' dir='ltr'><strong>nostre</strong></span> <span class='ocrx_word' id='word_1_171' title='bbox 547 1732 615 1800; x_wconf 90' lang='lat' dir='ltr'><strong>sint,</strong></span> <span class='ocrx_word' id='word_1_172' title='bbox 628 1733 699 1788; x_wconf 92' lang='lat' dir='ltr'><strong>dum</strong></span> <span class='ocrx_word' id='word_1_173' title='bbox 712 1730 800 1786; x_wconf 90' lang='lat' dir='ltr'><strong>rebus</strong></span> <span class='ocrx_word' id='word_1_174' title='bbox 856 1733 995 1803; x_wconf 87' lang='lat' dir='ltr'><strong>reddatis,</strong></span> <span class='ocrx_word' id='word_1_175' title='bbox 1010 1750 1140 1791; x_wconf 89' lang='lat' dir='ltr'><strong>oramus.</strong></span> <span class='ocrx_word' id='word_1_176' title='bbox 1166 1735 1370 1809; x_wconf 83' lang='lat' dir='ltr'><strong>Respondetur</strong></span> <span class='ocrx_word' id='word_1_177' title='bbox 1392 1751 1411 1791; x_wconf 92' lang='lat' dir='ltr'><strong>a</strong></span> <span class='ocrx_word' id='word_1_178' title='bbox 1434 1732 1563 1791; x_wconf 87' lang='lat' dir='ltr'><strong>nostris:</strong></span> <span class='ocrx_word' id='word_1_179' title='bbox 1588 1733 1681 1790; x_wconf 79' lang='lat' dir='ltr'><strong>Abest</strong></span> 
     </span>
     <span class='ocr_line' id='line_1_17' title="bbox 92 1818 1679 1896; baseline 0.003 -22"><span class='ocrx_word' id='word_1_180' title='bbox 92 1825 164 1891; x_wconf 84' lang='lat' dir='ltr'><strong>tres,</strong></span> <span class='ocrx_word' id='word_1_181' title='bbox 174 1839 226 1894; x_wconf 91' lang='lat' dir='ltr'><strong>pro</strong></span> <span class='ocrx_word' id='word_1_182' title='bbox 238 1838 269 1878; x_wconf 90' lang='lat' dir='ltr'><strong>se</strong></span> <span class='ocrx_word' id='word_1_183' title='bbox 280 1822 405 1895; x_wconf 88' lang='lat' dir='ltr'><strong>quisque</strong></span> <span class='ocrx_word' id='word_1_184' title='bbox 417 1820 581 1892; x_wconf 91' lang='lat' dir='ltr'><strong>imcumbit,</strong></span> <span class='ocrx_word' id='word_1_185' title='bbox 593 1824 626 1876; x_wconf 91' lang='lat' dir='ltr'><strong>ut</strong></span> <span class='ocrx_word' id='word_1_186' title='bbox 635 1821 740 1877; x_wconf 87' lang='lat' dir='ltr'><strong>Justus</strong></span> <span class='ocrx_word' id='word_1_187' title='bbox 749 1818 799 1875; x_wconf 91' lang='lat' dir='ltr'><strong>illo</strong></span> <span class='ocrx_word' id='word_1_188' title='bbox 855 1825 951 1880; x_wconf 90' lang='lat' dir='ltr'><strong>metus</strong></span> <span class='ocrx_word' id='word_1_189' title='bbox 966 1822 1074 1891; x_wconf 88' lang='lat' dir='ltr'><strong>omnis,</strong></span> <span class='ocrx_word' id='word_1_190' title='bbox 1085 1823 1226 1880; x_wconf 89' lang='lat' dir='ltr'><strong>sedentur</strong></span> <span class='ocrx_word' id='word_1_191' title='bbox 1240 1838 1335 1881; x_wconf 80' lang='lat' dir='ltr'><strong>eure:</strong></span> <span class='ocrx_word' id='word_1_192' title='bbox 1350 1837 1480 1896; x_wconf 78' lang='lat' dir='ltr'><strong>presens</strong></span> <span class='ocrx_word' id='word_1_193' title='bbox 1494 1825 1539 1879; x_wconf 92' lang='lat' dir='ltr'><strong>ost</strong></span> <span class='ocrx_word' id='word_1_194' title='bbox 1552 1823 1581 1878; x_wconf 86' lang='lat' dir='ltr'><strong>et</strong></span> <span class='ocrx_word' id='word_1_195' title='bbox 1598 1821 1679 1878; x_wconf 91' lang='lat' dir='ltr'><strong>inco·</strong></span> 
     </span>
     <span class='ocr_line' id='line_1_18' title="bbox 92 1908 1680 1987; baseline -0.001 -19"><span class='ocrx_word' id='word_1_196' title='bbox 92 1911 134 1968; x_wconf 83' lang='lat' dir='ltr'><strong>uis</strong></span> <span class='ocrx_word' id='word_1_197' title='bbox 148 1911 261 1979; x_wconf 89' lang='lat' dir='ltr'><strong>evadat,</strong></span> <span class='ocrx_word' id='word_1_198' title='bbox 282 1912 369 1982; x_wconf 83' lang='lat' dir='ltr'><strong>juxto</strong></span> <span class='ocrx_word' id='word_1_199' title='bbox 394 1926 510 1966; x_wconf 89' lang='lat' dir='ltr'><strong>mecum</strong></span> <span class='ocrx_word' id='word_1_200' title='bbox 535 1908 708 1982; x_wconf 86' lang='lat' dir='ltr'><strong>intelligitis.</strong></span> <span class='ocrx_word' id='word_1_201' title='bbox 724 1909 799 1965; x_wconf 86' lang='lat' dir='ltr'><strong>Dum</strong></span> <span class='ocrx_word' id='word_1_202' title='bbox 853 1912 954 1980; x_wconf 84' lang='lat' dir='ltr'><strong>lamis,</strong></span> <span class='ocrx_word' id='word_1_203' title='bbox 978 1928 1066 1986; x_wconf 88' lang='lat' dir='ltr'><strong>quem</strong></span> <span class='ocrx_word' id='word_1_204' title='bbox 1090 1912 1207 1987; x_wconf 83' lang='lat' dir='ltr'><strong>fatigati</strong></span> <span class='ocrx_word' id='word_1_205' title='bbox 1230 1911 1346 1970; x_wconf 80' lang='lat' dir='ltr'><strong>diversa</strong></span> <span class='ocrx_word' id='word_1_206' title='bbox 1368 1910 1432 1969; x_wconf 86' lang='lat' dir='ltr'><strong>lace</strong></span> <span class='ocrx_word' id='word_1_207' title='bbox 1455 1910 1580 1984; x_wconf 87' lang='lat' dir='ltr'><strong>petendo</strong></span> <span class='ocrx_word' id='word_1_208' title='bbox 1600 1926 1680 1984; x_wconf 84' lang='lat' dir='ltr'><strong>que·</strong></span> 
     </span>
     <span class='ocr_line' id='line_1_19' title="bbox 92 1997 1751 2077; baseline 0 -20"><span class='ocrx_word' id='word_1_209' title='bbox 92 2000 177 2057; x_wconf 81' lang='lat' dir='ltr'><strong>salto</strong></span> <span class='ocrx_word' id='word_1_210' title='bbox 192 2001 262 2057; x_wconf 87' lang='lat' dir='ltr'><strong>Jcsu</strong></span> <span class='ocrx_word' id='word_1_211' title='bbox 278 1999 385 2056; x_wconf 84' lang='lat' dir='ltr'><strong>Christi</strong></span> <span class='ocrx_word' id='word_1_212' title='bbox 408 1999 543 2073; x_wconf 78' lang='lat' dir='ltr'><strong>presidio</strong></span> <span class='ocrx_word' id='word_1_213' title='bbox 569 1998 729 2077; x_wconf 76' lang='lat' dir='ltr'><strong>operimur,</strong></span> <span class='ocrx_word' id='word_1_214' title='bbox 755 1997 799 2054; x_wconf 90' lang='lat' dir='ltr'><strong>vel</strong></span> <span class='ocrx_word' id='word_1_215' title='bbox 856 2001 980 2059; x_wconf 86' lang='lat' dir='ltr'><strong>sivistis.</strong></span> <span class='ocrx_word' id='word_1_216' title='bbox 1016 2024 1023 2031; x_wconf 90' lang='lat'>·</span> <span class='ocrx_word' id='word_1_217' title='bbox 1747 2064 1751 2075; x_wconf 36' lang='lat'>¹</span> 
     </span>
     <span class='ocr_line' id='line_1_20' title="bbox 100 2087 1679 2165; baseline -0.001 -18"><span class='ocrx_word' id='word_1_218' title='bbox 100 2088 145 2147; x_wconf 91' lang='lat' dir='ltr'><strong>vel</strong></span> <span class='ocrx_word' id='word_1_219' title='bbox 159 2088 222 2146; x_wconf 90' lang='lat' dir='ltr'><strong>suis</strong></span> <span class='ocrx_word' id='word_1_220' title='bbox 248 2088 303 2145; x_wconf 91' lang='lat' dir='ltr'><strong>hoo</strong></span> <span class='ocrx_word' id='word_1_221' title='bbox 328 2087 486 2145; x_wconf 81' lang='lat' dir='ltr'><strong>sceleribus</strong></span> <span class='ocrx_word' id='word_1_222' title='bbox 507 2087 700 2160; x_wconf 80' lang='lat' dir='ltr'><strong>erigentibus,</strong></span> <span class='ocrx_word' id='word_1_223' title='bbox 721 2091 755 2143; x_wconf 91' lang='lat' dir='ltr'><strong>nt</strong></span> <span class='ocrx_word' id='word_1_224' title='bbox 769 2087 799 2143; x_wconf 92' lang='lat' dir='ltr'><strong>in</strong></span> <span class='ocrx_word' id='word_1_225' title='bbox 889 2092 950 2147; x_wconf 82' lang='lat'><strong>103.</strong></span> <span class='ocrx_word' id='word_1_226' title='bbox 968 2090 1096 2165; x_wconf 81' lang='lat' dir='ltr'><strong>Repente</strong></span> <span class='ocrx_word' id='word_1_227' title='bbox 1110 2091 1210 2163; x_wconf 88' lang='lat' dir='ltr'><strong>itaque</strong></span> <span class='ocrx_word' id='word_1_228' title='bbox 1224 2090 1413 2148; x_wconf 82' lang='lat' dir='ltr'><strong>interamnae</strong></span> <span class='ocrx_word' id='word_1_229' title='bbox 1423 2088 1679 2164; x_wconf 86' lang='lat' dir='ltr'><strong>ingensgcudinm</strong></span> 
     </span>
    </p>

    <p class='ocr_par' dir='ltr' id='par_1_3' title="bbox 92 2177 1757 5376">
     <span class='ocr_line' id='line_1_21' title="bbox 92 2177 1677 2249; baseline -0.001 -13"><span class='ocrx_word' id='word_1_230' title='bbox 92 2180 253 2236; x_wconf 86' lang='lat' dir='ltr'><strong>udedccus</strong></span> <span class='ocrx_word' id='word_1_231' title='bbox 276 2182 446 2249; x_wconf 87' lang='lat' dir='ltr'><strong>verteretur,</strong></span> <span class='ocrx_word' id='word_1_232' title='bbox 469 2195 537 2234; x_wconf 90' lang='lat' dir='ltr'><strong>eum</strong></span> <span class='ocrx_word' id='word_1_233' title='bbox 562 2177 670 2249; x_wconf 83' lang='lat' dir='ltr'><strong>sepius</strong></span> <span class='ocrx_word' id='word_1_234' title='bbox 686 2177 799 2232; x_wconf 78' lang='lat' dir='ltr'><strong>demon</strong></span> <span class='ocrx_word' id='word_1_235' title='bbox 853 2180 1001 2237; x_wconf 80' lang='lat' dir='ltr'><strong>exoritur:</strong></span> <span class='ocrx_word' id='word_1_236' title='bbox 1018 2180 1176 2237; x_wconf 81' lang='lat' dir='ltr'><strong>advocatur</strong></span> <span class='ocrx_word' id='word_1_237' title='bbox 1188 2180 1313 2248; x_wconf 76' lang='lat' dir='ltr'><strong>iustus:</strong></span> <span class='ocrx_word' id='word_1_238' title='bbox 1329 2178 1409 2236; x_wconf 93' lang='lat' dir='ltr'><strong>venit</strong></span> <span class='ocrx_word' id='word_1_239' title='bbox 1432 2177 1530 2236; x_wconf 89' lang='lat' dir='ltr'><strong>illico:</strong></span> <span class='ocrx_word' id='word_1_240' title='bbox 1551 2179 1677 2235; x_wconf 87' lang='lat' dir='ltr'><strong>adventu</strong></span> 
     </span>
     <span class='ocr_line' id='line_1_22' title="bbox 92 2265 1679 2343; baseline -0.001 -19"><span class='ocrx_word' id='word_1_241' title='bbox 92 2286 119 2325; x_wconf 92' lang='lat' dir='ltr'><strong>re</strong></span> <span class='ocrx_word' id='word_1_242' title='bbox 129 2269 256 2326; x_wconf 79' lang='lat' dir='ltr'><strong>anninus</strong></span> <span class='ocrx_word' id='word_1_243' title='bbox 268 2270 322 2322; x_wconf 89' lang='lat' dir='ltr'><strong>est.</strong></span> <span class='ocrx_word' id='word_1_244' title='bbox 335 2267 393 2322; x_wconf 88' lang='lat' dir='ltr'><strong>Nec</strong></span> <span class='ocrx_word' id='word_1_245' title='bbox 405 2266 482 2322; x_wconf 92' lang='lat' dir='ltr'><strong>enim</strong></span> <span class='ocrx_word' id='word_1_246' title='bbox 494 2267 588 2323; x_wconf 82' lang='lat' dir='ltr'><strong>adhue</strong></span> <span class='ocrx_word' id='word_1_247' title='bbox 598 2266 728 2340; x_wconf 81' lang='lat' dir='ltr'><strong>Virginis</strong></span> <span class='ocrx_word' id='word_1_248' title='bbox 738 2266 800 2322; x_wconf 86' lang='lat' dir='ltr'><strong>Me·</strong></span> <span class='ocrx_word' id='word_1_249' title='bbox 854 2285 976 2326; x_wconf 90' lang='lat' dir='ltr'><strong>suorum</strong></span> <span class='ocrx_word' id='word_1_250' title='bbox 990 2269 1126 2343; x_wconf 77' lang='lat' dir='ltr'><strong>lacrymas</strong></span> <span class='ocrx_word' id='word_1_251' title='bbox 1142 2270 1261 2337; x_wconf 80' lang='lat' dir='ltr'><strong>oberte,</strong></span> <span class='ocrx_word' id='word_1_252' title='bbox 1273 2266 1351 2324; x_wconf 89' lang='lat' dir='ltr'><strong>datis</strong></span> <span class='ocrx_word' id='word_1_253' title='bbox 1362 2267 1438 2324; x_wconf 90' lang='lat' dir='ltr'><strong>inter</strong></span> <span class='ocrx_word' id='word_1_254' title='bbox 1447 2283 1479 2324; x_wconf 91' lang='lat' dir='ltr'><strong>se</strong></span> <span class='ocrx_word' id='word_1_255' title='bbox 1492 2265 1679 2340; x_wconf 86' lang='lat' dir='ltr'><strong>acceptisque</strong></span> 
     </span>
     <span class='ocr_line' id='line_1_23' title="bbox 92 2353 1678 2432; baseline -0.001 -18"><span class='ocrx_word' id='word_1_256' title='bbox 92 2358 250 2414; x_wconf 63' lang='lat' dir='ltr'><strong>biennale</strong></span> <span class='ocrx_word' id='word_1_257' title='bbox 267 2354 800 2430; x_wconf 77' lang='lat' dir='ltr'><strong>precibustumatrectamquepessi·</strong></span> <span class='ocrx_word' id='word_1_258' title='bbox 854 2359 974 2416; x_wconf 81' lang='lat' dir='ltr'><strong>dextris.</strong></span> <span class='ocrx_word' id='word_1_259' title='bbox 1001 2358 1064 2415; x_wconf 90' lang='lat' dir='ltr'><strong>Non</strong></span> <span class='ocrx_word' id='word_1_260' title='bbox 1102 2357 1189 2432; x_wconf 91' lang='lat' dir='ltr'><strong>longo</strong></span> <span class='ocrx_word' id='word_1_261' title='bbox 1227 2357 1369 2430; x_wconf 88' lang='lat' dir='ltr'><strong>temporis</strong></span> <span class='ocrx_word' id='word_1_262' title='bbox 1407 2356 1483 2414; x_wconf 88' lang='lat' dir='ltr'><strong>iacto</strong></span> <span class='ocrx_word' id='word_1_263' title='bbox 1514 2353 1678 2424; x_wconf 84' lang='lat' dir='ltr'><strong>intervallo,</strong></span> 
     </span>
     <span class='ocr_line' id='line_1_24' title="bbox 93 2443 1677 2519; baseline -0.001 -17"><span class='ocrx_word' id='word_1_264' title='bbox 93 2447 195 2515; x_wconf 79' lang='lat' dir='ltr'><strong>icinus,</strong></span> <span class='ocrx_word' id='word_1_265' title='bbox 207 2446 261 2503; x_wconf 91' lang='lat' dir='ltr'><strong>etsi</strong></span> <span class='ocrx_word' id='word_1_266' title='bbox 272 2447 360 2502; x_wconf 87' lang='lat' dir='ltr'><strong>etiam</strong></span> <span class='ocrx_word' id='word_1_267' title='bbox 371 2447 401 2501; x_wconf 92' lang='lat' dir='ltr'><strong>in</strong></span> <span class='ocrx_word' id='word_1_268' title='bbox 413 2446 635 2519; x_wconf 79' lang='lat' dir='ltr'><strong>presentiarum</strong></span> <span class='ocrx_word' id='word_1_269' title='bbox 651 2445 751 2512; x_wconf 90' lang='lat' dir='ltr'><strong>simui,</strong></span> <span class='ocrx_word' id='word_1_270' title='bbox 768 2448 801 2500; x_wconf 92' lang='lat' dir='ltr'><strong>ut</strong></span> <span class='ocrx_word' id='word_1_271' title='bbox 854 2449 973 2519; x_wconf 93' lang='lat' dir='ltr'><strong>nequid</strong></span> <span class='ocrx_word' id='word_1_272' title='bbox 988 2447 1175 2517; x_wconf 85' lang='lat' dir='ltr'><strong>insidiarum,</strong></span> <span class='ocrx_word' id='word_1_273' title='bbox 1191 2444 1306 2503; x_wconf 90' lang='lat' dir='ltr'><strong>diabolo</strong></span> <span class='ocrx_word' id='word_1_274' title='bbox 1329 2444 1459 2514; x_wconf 90' lang='lat' dir='ltr'><strong>lallente,</strong></span> <span class='ocrx_word' id='word_1_275' title='bbox 1483 2443 1541 2501; x_wconf 92' lang='lat' dir='ltr'><strong>nisi</strong></span> <span class='ocrx_word' id='word_1_276' title='bbox 1561 2460 1629 2502; x_wconf 87' lang='lat' dir='ltr'><strong>cum</strong></span> <span class='ocrx_word' id='word_1_277' title='bbox 1648 2448 1677 2500; x_wconf 83' lang='lat' dir='ltr'><strong>S.</strong></span> 
     </span>
     <span class='ocr_line' id='line_1_25' title="bbox 93 2533 1679 2608; baseline -0.003 -15"><span class='ocrx_word' id='word_1_278' title='bbox 93 2541 276 2607; x_wconf 82' lang='lat' dir='ltr'><strong>tus,certent,</strong></span> <span class='ocrx_word' id='word_1_279' title='bbox 289 2537 425 2592; x_wconf 84' lang='lat' dir='ltr'><strong>diabolus</strong></span> <span class='ocrx_word' id='word_1_280' title='bbox 437 2540 603 2607; x_wconf 81' lang='lat' dir='ltr'><strong>perpetrare</strong></span> <span class='ocrx_word' id='word_1_281' title='bbox 615 2533 714 2591; x_wconf 91' lang='lat' dir='ltr'><strong>valuit.</strong></span> <span class='ocrx_word' id='word_1_282' title='bbox 727 2536 801 2601; x_wconf 85' lang='lat' dir='ltr'><strong>Quo·</strong></span> <span class='ocrx_word' id='word_1_283' title='bbox 853 2537 977 2593; x_wconf 78' lang='lat' dir='ltr'><strong>loannis</strong></span> <span class='ocrx_word' id='word_1_284' title='bbox 1005 2536 1124 2593; x_wconf 87' lang='lat' dir='ltr'><strong>brachio</strong></span> <span class='ocrx_word' id='word_1_285' title='bbox 1151 2535 1353 2593; x_wconf 88' lang='lat' dir='ltr'><strong>sacratissimo</strong></span> <span class='ocrx_word' id='word_1_286' title='bbox 1389 2533 1553 2608; x_wconf 88' lang='lat' dir='ltr'><strong>perieulum</strong></span> <span class='ocrx_word' id='word_1_287' title='bbox 1586 2533 1679 2604; x_wconf 89' lang='lat' dir='ltr'><strong>fleret,</strong></span> 
     </span>
     <span class='ocr_line' id='line_1_26' title="bbox 93 2621 1681 2700; baseline -0.003 -18"><span class='ocrx_word' id='word_1_288' title='bbox 93 2643 121 2683; x_wconf 94' lang='lat' dir='ltr'><strong>ro</strong></span> <span class='ocrx_word' id='word_1_289' title='bbox 135 2630 267 2700; x_wconf 87' lang='lat' dir='ltr'><strong>tempore</strong></span> <span class='ocrx_word' id='word_1_290' title='bbox 283 2642 393 2698; x_wconf 90' lang='lat' dir='ltr'><strong>proque</strong></span> <span class='ocrx_word' id='word_1_291' title='bbox 409 2625 448 2680; x_wconf 90' lang='lat' dir='ltr'><strong>rei</strong></span> <span class='ocrx_word' id='word_1_292' title='bbox 469 2625 575 2681; x_wconf 88' lang='lat' dir='ltr'><strong>atrocis</strong></span> <span class='ocrx_word' id='word_1_293' title='bbox 591 2641 800 2681; x_wconf 82' lang='lat' dir='ltr'><strong>causasarum</strong></span> <span class='ocrx_word' id='word_1_294' title='bbox 855 2630 1030 2697; x_wconf 87' lang='lat' dir='ltr'><strong>remaneret,</strong></span> <span class='ocrx_word' id='word_1_295' title='bbox 1057 2625 1117 2681; x_wconf 88' lang='lat' dir='ltr'><strong>itur</strong></span> <span class='ocrx_word' id='word_1_296' title='bbox 1144 2624 1174 2680; x_wconf 92' lang='lat' dir='ltr'><strong>in</strong></span> <span class='ocrx_word' id='word_1_297' title='bbox 1203 2622 1337 2693; x_wconf 90' lang='lat' dir='ltr'><strong>ecclesia,</strong></span> <span class='ocrx_word' id='word_1_298' title='bbox 1364 2621 1441 2679; x_wconf 88' lang='lat' dir='ltr'><strong>liunt</strong></span> <span class='ocrx_word' id='word_1_299' title='bbox 1467 2621 1681 2696; x_wconf 64' lang='lat' dir='ltr'><strong>prenestinus</strong></span> 
     </span>
     <span class='ocr_line' id='line_1_27' title="bbox 93 2711 1682 2786; baseline -0.001 -15"><span class='ocrx_word' id='word_1_300' title='bbox 93 2720 142 2772; x_wconf 92' lang='lat' dir='ltr'><strong>ret</strong></span> <span class='ocrx_word' id='word_1_301' title='bbox 156 2716 226 2771; x_wconf 86' lang='lat' dir='ltr'><strong>utile</strong></span> <span class='ocrx_word' id='word_1_302' title='bbox 250 2714 406 2771; x_wconf 86' lang='lat' dir='ltr'><strong>consilium</strong></span> <span class='ocrx_word' id='word_1_303' title='bbox 428 2715 498 2782; x_wconf 91' lang='lat' dir='ltr'><strong>iore,</strong></span> <span class='ocrx_word' id='word_1_304' title='bbox 515 2717 557 2782; x_wconf 88' lang='lat' dir='ltr'><strong>ut,</strong></span> <span class='ocrx_word' id='word_1_305' title='bbox 574 2712 681 2769; x_wconf 88' lang='lat' dir='ltr'><strong>diaboli</strong></span> <span class='ocrx_word' id='word_1_306' title='bbox 701 2713 801 2769; x_wconf 88' lang='lat' dir='ltr'><strong>lraotis</strong></span> <span class='ocrx_word' id='word_1_307' title='bbox 856 2714 949 2783; x_wconf 84' lang='lat' dir='ltr'><strong>nulla,</strong></span> <span class='ocrx_word' id='word_1_308' title='bbox 961 2712 1076 2772; x_wconf 90' lang='lat' dir='ltr'><strong>nulium</strong></span> <span class='ocrx_word' id='word_1_309' title='bbox 1092 2712 1200 2771; x_wconf 90' lang='lat' dir='ltr'><strong>diaboli</strong></span> <span class='ocrx_word' id='word_1_310' title='bbox 1216 2711 1397 2786; x_wconf 78' lang='lat' dir='ltr'><strong>prestigium</strong></span> <span class='ocrx_word' id='word_1_311' title='bbox 1412 2711 1457 2769; x_wconf 93' lang='lat' dir='ltr'><strong>vel</strong></span> <span class='ocrx_word' id='word_1_312' title='bbox 1472 2711 1592 2786; x_wconf 89' lang='lat' dir='ltr'><strong>signum</strong></span> <span class='ocrx_word' id='word_1_313' title='bbox 1608 2712 1636 2769; x_wconf 90' lang='lat' dir='ltr'><strong>iu</strong></span> <span class='ocrx_word' id='word_1_314' title='bbox 1647 2727 1682 2769; x_wconf 89' lang='lat' dir='ltr'><strong>eo</strong></span> 
     </span>
     <span class='ocr_line' id='line_1_28' title="bbox 99 2801 1681 2879; baseline -0.002 -18"><span class='ocrx_word' id='word_1_315' title='bbox 99 2802 801 2879; x_wconf 80' lang='lat' dir='ltr'><strong>(quiaeumremeumdmmonchnbentemadire</strong></span> <span class='ocrx_word' id='word_1_316' title='bbox 856 2803 1048 2878; x_wconf 88' lang='lat' dir='ltr'><strong>intelligitur:</strong></span> <span class='ocrx_word' id='word_1_317' title='bbox 1078 2803 1146 2859; x_wconf 90' lang='lat' dir='ltr'><strong>inde</strong></span> <span class='ocrx_word' id='word_1_318' title='bbox 1175 2801 1310 2859; x_wconf 85' lang='lat' dir='ltr'><strong>monaehi</strong></span> <span class='ocrx_word' id='word_1_319' title='bbox 1340 2801 1399 2858; x_wconf 77' lang='lat' dir='ltr'><strong>tati</strong></span> <span class='ocrx_word' id='word_1_320' title='bbox 1423 2817 1537 2859; x_wconf 87' lang='lat' dir='ltr'><strong>omnes.</strong></span> <span class='ocrx_word' id='word_1_321' title='bbox 1561 2803 1681 2858; x_wconf 74' lang='lat' dir='ltr'><strong>iustum</strong></span> 
     </span>
     <span class='ocr_line' id='line_1_29' title="bbox 96 2888 1680 2967; baseline -0.002 -17"><span class='ocrx_word' id='word_1_322' title='bbox 96 2892 801 2966; x_wconf 81' lang='lat' dir='ltr'><strong>emo),perbostresdicsfuturospreeessingu-</strong></span> <span class='ocrx_word' id='word_1_323' title='bbox 856 2893 958 2967; x_wconf 86' lang='lat' dir='ltr'><strong>paucis</strong></span> <span class='ocrx_word' id='word_1_324' title='bbox 990 2893 1082 2949; x_wconf 88' lang='lat' dir='ltr'><strong>abbas</strong></span> <span class='ocrx_word' id='word_1_325' title='bbox 1111 2891 1264 2948; x_wconf 84' lang='lat' dir='ltr'><strong>hortetur:</strong></span> <span class='ocrx_word' id='word_1_326' title='bbox 1296 2890 1382 2949; x_wconf 80' lang='lat' dir='ltr'><strong>Tanti</strong></span> <span class='ocrx_word' id='word_1_327' title='bbox 1412 2888 1558 2958; x_wconf 82' lang='lat' dir='ltr'><strong>beneficii,</strong></span> <span class='ocrx_word' id='word_1_328' title='bbox 1586 2889 1680 2959; x_wconf 84' lang='lat' dir='ltr'><strong>Juste,</strong></span> 
     </span>
     <span class='ocr_line' id='line_1_30' title="bbox 93 2978 1680 3055; baseline -0.003 -16"><span class='ocrx_word' id='word_1_329' title='bbox 93 3000 308 3054; x_wconf 77' lang='lat' dir='ltr'><strong>immunesque,</strong></span> <span class='ocrx_word' id='word_1_330' title='bbox 326 2999 359 3038; x_wconf 86' lang='lat' dir='ltr'><strong>ea</strong></span> <span class='ocrx_word' id='word_1_331' title='bbox 379 3000 437 3055; x_wconf 88' lang='lat' dir='ltr'><strong>qua</strong></span> <span class='ocrx_word' id='word_1_332' title='bbox 452 2998 623 3054; x_wconf 82' lang='lat' dir='ltr'><strong>possumus,</strong></span> <span class='ocrx_word' id='word_1_333' title='bbox 639 2981 800 3050; x_wconf 88' lang='lat' dir='ltr'><strong>devotione,</strong></span> <span class='ocrx_word' id='word_1_334' title='bbox 856 2998 966 3054; x_wconf 88' lang='lat' dir='ltr'><strong>vosque</strong></span> <span class='ocrx_word' id='word_1_335' title='bbox 981 2982 1090 3055; x_wconf 89' lang='lat' dir='ltr'><strong>pariter</strong></span> <span class='ocrx_word' id='word_1_336' title='bbox 1108 2997 1221 3050; x_wconf 90' lang='lat' dir='ltr'><strong>omnes,</strong></span> <span class='ocrx_word' id='word_1_337' title='bbox 1238 2980 1275 3048; x_wconf 91' lang='lat' dir='ltr'><strong>si,</strong></span> <span class='ocrx_word' id='word_1_338' title='bbox 1299 2983 1332 3037; x_wconf 92' lang='lat' dir='ltr'><strong>ut</strong></span> <span class='ocrx_word' id='word_1_339' title='bbox 1346 2983 1428 3054; x_wconf 90' lang='lat' dir='ltr'><strong>pato,</strong></span> <span class='ocrx_word' id='word_1_340' title='bbox 1450 2978 1506 3036; x_wconf 91' lang='lat' dir='ltr'><strong>viri</strong></span> <span class='ocrx_word' id='word_1_341' title='bbox 1520 2978 1680 3037; x_wconf 84' lang='lat' dir='ltr'><strong>Christiani</strong></span> 
     </span>
     <span class='ocr_line' id='line_1_31' title="bbox 93 3067 1683 3144; baseline -0.004 -13"><span class='ocrx_word' id='word_1_342' title='bbox 93 3072 184 3131; x_wconf 80' lang='lat' dir='ltr'><strong>rumili</strong></span> <span class='ocrx_word' id='word_1_343' title='bbox 197 3077 226 3128; x_wconf 90' lang='lat' dir='ltr'><strong>et</strong></span> <span class='ocrx_word' id='word_1_344' title='bbox 237 3072 361 3129; x_wconf 90' lang='lat' dir='ltr'><strong>contrito</strong></span> <span class='ocrx_word' id='word_1_345' title='bbox 374 3076 508 3144; x_wconf 80' lang='lat' dir='ltr'><strong>agantur,</strong></span> <span class='ocrx_word' id='word_1_346' title='bbox 522 3087 557 3126; x_wconf 92' lang='lat' dir='ltr'><strong>ne</strong></span> <span class='ocrx_word' id='word_1_347' title='bbox 570 3074 672 3126; x_wconf 86' lang='lat' dir='ltr'><strong>nostra</strong></span> <span class='ocrx_word' id='word_1_348' title='bbox 687 3070 803 3142; x_wconf 85' lang='lat' dir='ltr'><strong>ignavia</strong></span> <span class='ocrx_word' id='word_1_349' title='bbox 856 3070 948 3138; x_wconf 91' lang='lat' dir='ltr'><strong>eritis,</strong></span> <span class='ocrx_word' id='word_1_350' title='bbox 966 3070 1058 3136; x_wconf 90' lang='lat' dir='ltr'><strong>domi,</strong></span> <span class='ocrx_word' id='word_1_351' title='bbox 1074 3070 1154 3141; x_wconf 89' lang='lat' dir='ltr'><strong>loris,</strong></span> <span class='ocrx_word' id='word_1_352' title='bbox 1185 3070 1273 3126; x_wconf 89' lang='lat' dir='ltr'><strong>rebus</strong></span> <span class='ocrx_word' id='word_1_353' title='bbox 1300 3067 1428 3143; x_wconf 87' lang='lat' dir='ltr'><strong>publicis</strong></span> <span class='ocrx_word' id='word_1_354' title='bbox 1455 3072 1484 3126; x_wconf 90' lang='lat' dir='ltr'><strong>et</strong></span> <span class='ocrx_word' id='word_1_355' title='bbox 1510 3068 1633 3142; x_wconf 87' lang='lat' dir='ltr'><strong>privatis</strong></span> <span class='ocrx_word' id='word_1_356' title='bbox 1653 3072 1683 3126; x_wconf 88' lang='lat' dir='ltr'><strong>et</strong></span> 
     </span>
     <span class='ocr_line' id='line_1_32' title="bbox 96 3157 1681 3233; baseline -0.002 -14"><span class='ocrx_word' id='word_1_357' title='bbox 96 3162 225 3219; x_wconf 90' lang='lat' dir='ltr'><strong>nminus</strong></span> <span class='ocrx_word' id='word_1_358' title='bbox 236 3161 374 3217; x_wconf 85' lang='lat' dir='ltr'><strong>salvetur.</strong></span> <span class='ocrx_word' id='word_1_359' title='bbox 386 3161 415 3216; x_wconf 88' lang='lat' dir='ltr'><strong>Si</strong></span> <span class='ocrx_word' id='word_1_360' title='bbox 432 3160 570 3228; x_wconf 85' lang='lat' dir='ltr'><strong>evenerit,</strong></span> <span class='ocrx_word' id='word_1_361' title='bbox 587 3163 620 3215; x_wconf 89' lang='lat' dir='ltr'><strong>ut</strong></span> <span class='ocrx_word' id='word_1_362' title='bbox 635 3159 663 3215; x_wconf 85' lang='lat' dir='ltr'><strong>S.</strong></span> <span class='ocrx_word' id='word_1_363' title='bbox 678 3157 802 3215; x_wconf 82' lang='lat' dir='ltr'><strong>loannis</strong></span> <span class='ocrx_word' id='word_1_364' title='bbox 857 3159 1002 3233; x_wconf 91' lang='lat' dir='ltr'><strong>quidquid</strong></span> <span class='ocrx_word' id='word_1_365' title='bbox 1014 3176 1100 3216; x_wconf 88' lang='lat' dir='ltr'><strong>casus</strong></span> <span class='ocrx_word' id='word_1_366' title='bbox 1111 3158 1248 3230; x_wconf 87' lang='lat' dir='ltr'><strong>evenerit,</strong></span> <span class='ocrx_word' id='word_1_367' title='bbox 1263 3174 1316 3216; x_wconf 87' lang='lat' dir='ltr'><strong>vos</strong></span> <span class='ocrx_word' id='word_1_368' title='bbox 1328 3173 1481 3231; x_wconf 89' lang='lat' dir='ltr'><strong>nunquam</strong></span> <span class='ocrx_word' id='word_1_369' title='bbox 1501 3157 1562 3216; x_wconf 86' lang='lat' dir='ltr'><strong>lore</strong></span> <span class='ocrx_word' id='word_1_370' title='bbox 1576 3157 1681 3216; x_wconf 89' lang='lat' dir='ltr'><strong>imme·</strong></span> 
     </span>
     <span class='ocr_line' id='line_1_33' title="bbox 93 3229 1681 3325; baseline -0.003 -18"><span class='ocrx_word' id='word_1_371' title='bbox 93 3251 217 3325; x_wconf 85' lang='lat' dir='ltr'><strong>pristine</strong></span> <span class='ocrx_word' id='word_1_372' title='bbox 230 3251 371 3306; x_wconf 86' lang='lat' dir='ltr'><strong>reddatur</strong></span> <span class='ocrx_word' id='word_1_373' title='bbox 386 3249 514 3321; x_wconf 88' lang='lat' dir='ltr'><strong>sanitati,</strong></span> <span class='ocrx_word' id='word_1_374' title='bbox 536 3249 619 3304; x_wconf 82' lang='lat' dir='ltr'><strong>letus</strong></span> <span class='ocrx_word' id='word_1_375' title='bbox 643 3252 671 3304; x_wconf 90' lang='lat' dir='ltr'><strong>et</strong></span> <span class='ocrx_word' id='word_1_376' title='bbox 686 3246 800 3303; x_wconf 90' lang='lat' dir='ltr'><strong>incolu-</strong></span> <span class='ocrx_word' id='word_1_377' title='bbox 816 3229 837 3296; x_wconf 79' lang='lat' dir='ltr'>C</span> <span class='ocrx_word' id='word_1_378' title='bbox 857 3265 953 3305; x_wconf 88' lang='lat' dir='ltr'><strong>mores</strong></span> <span class='ocrx_word' id='word_1_379' title='bbox 969 3247 1043 3304; x_wconf 90' lang='lat' dir='ltr'><strong>mihi</strong></span> <span class='ocrx_word' id='word_1_380' title='bbox 1064 3248 1244 3320; x_wconf 83' lang='lat' dir='ltr'><strong>persuadeo:</strong></span> <span class='ocrx_word' id='word_1_381' title='bbox 1261 3262 1297 3303; x_wconf 92' lang='lat' dir='ltr'><strong>ne</strong></span> <span class='ocrx_word' id='word_1_382' title='bbox 1311 3245 1386 3318; x_wconf 88' lang='lat' dir='ltr'><strong>sitis,</strong></span> <span class='ocrx_word' id='word_1_383' title='bbox 1403 3262 1463 3302; x_wconf 90' lang='lat' dir='ltr'><strong>oro.</strong></span> <span class='ocrx_word' id='word_1_384' title='bbox 1479 3245 1563 3314; x_wconf 88' lang='lat' dir='ltr'><strong>Nam,</strong></span> <span class='ocrx_word' id='word_1_385' title='bbox 1577 3249 1611 3303; x_wconf 94' lang='lat' dir='ltr'><strong>ut</strong></span> <span class='ocrx_word' id='word_1_386' title='bbox 1624 3244 1681 3303; x_wconf 83' lang='lat' dir='ltr'><strong>alis</strong></span> 
     </span>
     <span class='ocr_line' id='line_1_34' title="bbox 93 3332 1681 3408; baseline -0.002 -14"><span class='ocrx_word' id='word_1_387' title='bbox 93 3357 116 3396; x_wconf 91' lang='lat' dir='ltr'><strong>n</strong></span> <span class='ocrx_word' id='word_1_388' title='bbox 127 3340 224 3396; x_wconf 90' lang='lat' dir='ltr'><strong>minus</strong></span> <span class='ocrx_word' id='word_1_389' title='bbox 238 3339 315 3408; x_wconf 87' lang='lat' dir='ltr'><strong>talis,</strong></span> <span class='ocrx_word' id='word_1_390' title='bbox 328 3344 361 3396; x_wconf 92' lang='lat' dir='ltr'><strong>ut</strong></span> <span class='ocrx_word' id='word_1_391' title='bbox 371 3339 428 3394; x_wconf 89' lang='lat' dir='ltr'><strong>buc</strong></span> <span class='ocrx_word' id='word_1_392' title='bbox 443 3339 522 3394; x_wconf 89' lang='lat' dir='ltr'><strong>venit</strong></span> <span class='ocrx_word' id='word_1_393' title='bbox 538 3338 577 3394; x_wconf 89' lang='lat' dir='ltr'><strong>ita</strong></span> <span class='ocrx_word' id='word_1_394' title='bbox 591 3338 620 3393; x_wconf 93' lang='lat' dir='ltr'><strong>in</strong></span> <span class='ocrx_word' id='word_1_395' title='bbox 632 3354 718 3394; x_wconf 90' lang='lat' dir='ltr'><strong>suam</strong></span> <span class='ocrx_word' id='word_1_396' title='bbox 731 3353 802 3393; x_wconf 89' lang='lat' dir='ltr'><strong>con·</strong></span> <span class='ocrx_word' id='word_1_397' title='bbox 857 3336 998 3394; x_wconf 82' lang='lat' dir='ltr'><strong>beneficia</strong></span> <span class='ocrx_word' id='word_1_398' title='bbox 1008 3337 1154 3405; x_wconf 88' lang='lat' dir='ltr'><strong>omittam,</strong></span> <span class='ocrx_word' id='word_1_399' title='bbox 1166 3352 1230 3408; x_wconf 81' lang='lat' dir='ltr'><strong>que</strong></span> <span class='ocrx_word' id='word_1_400' title='bbox 1241 3334 1384 3391; x_wconf 89' lang='lat' dir='ltr'><strong>Dominus</strong></span> <span class='ocrx_word' id='word_1_401' title='bbox 1392 3333 1481 3390; x_wconf 84' lang='lat' dir='ltr'><strong>Jesus</strong></span> <span class='ocrx_word' id='word_1_402' title='bbox 1492 3332 1681 3407; x_wconf 88' lang='lat' dir='ltr'><strong>perVirginis</strong></span> 
     </span>
     <span class='ocr_line' id='line_1_35' title="bbox 93 3421 1681 3496; baseline -0.003 -10"><span class='ocrx_word' id='word_1_403' title='bbox 93 3428 207 3487; x_wconf 85' lang='lat' dir='ltr'><strong>atrism.</strong></span> <span class='ocrx_word' id='word_1_404' title='bbox 223 3429 337 3485; x_wconf 84' lang='lat' dir='ltr'><strong>Placuit</strong></span> <span class='ocrx_word' id='word_1_405' title='bbox 352 3428 489 3484; x_wconf 88' lang='lat' dir='ltr'><strong>omnibus</strong></span> <span class='ocrx_word' id='word_1_406' title='bbox 505 3429 653 3484; x_wconf 88' lang='lat' dir='ltr'><strong>decretum</strong></span> <span class='ocrx_word' id='word_1_407' title='bbox 669 3426 734 3495; x_wconf 90' lang='lat' dir='ltr'><strong>boc,</strong></span> <span class='ocrx_word' id='word_1_408' title='bbox 750 3427 801 3483; x_wconf 89' lang='lat' dir='ltr'><strong>sed</strong></span> <span class='ocrx_word' id='word_1_409' title='bbox 857 3427 954 3482; x_wconf 82' lang='lat' dir='ltr'><strong>Maria</strong></span> <span class='ocrx_word' id='word_1_410' title='bbox 965 3424 1162 3483; x_wconf 77' lang='lat' dir='ltr'><strong>etstoannis</strong></span> <span class='ocrx_word' id='word_1_411' title='bbox 1172 3422 1407 3481; x_wconf 89' lang='lat' dir='ltr'><strong>meritainhune</strong></span> <span class='ocrx_word' id='word_1_412' title='bbox 1417 3421 1532 3495; x_wconf 90' lang='lat' dir='ltr'><strong>operari</strong></span> <span class='ocrx_word' id='word_1_413' title='bbox 1541 3421 1681 3496; x_wconf 74' lang='lat' dir='ltr'><strong>dignutus</strong></span> 
     </span>
     <span class='ocr_line' id='line_1_36' title="bbox 93 3511 1683 3592; baseline -0.004 -18"><span class='ocrx_word' id='word_1_414' title='bbox 93 3517 802 3592; x_wconf 72' lang='lat' dir='ltr'><strong>timsenibusquorummentes,aejuvenum,ea·</strong></span> <span class='ocrx_word' id='word_1_415' title='bbox 857 3515 993 3573; x_wconf 86' lang='lat' dir='ltr'><strong>est:hoc</strong></span> <span class='ocrx_word' id='word_1_416' title='bbox 1016 3514 1088 3571; x_wconf 91' lang='lat' dir='ltr'><strong>mibi</strong></span> <span class='ocrx_word' id='word_1_417' title='bbox 1119 3519 1147 3571; x_wconf 89' lang='lat' dir='ltr'><strong>et</strong></span> <span class='ocrx_word' id='word_1_418' title='bbox 1175 3512 1323 3581; x_wconf 88' lang='lat' dir='ltr'><strong>omnibus,</strong></span> <span class='ocrx_word' id='word_1_419' title='bbox 1352 3511 1403 3584; x_wconf 90' lang='lat' dir='ltr'><strong>qui</strong></span> <span class='ocrx_word' id='word_1_420' title='bbox 1431 3527 1538 3568; x_wconf 88' lang='lat' dir='ltr'><strong>sanum</strong></span> <span class='ocrx_word' id='word_1_421' title='bbox 1562 3511 1683 3585; x_wconf 86' lang='lat' dir='ltr'><strong>sapiunt</strong></span> 
     </span>
     <span class='ocr_line' id='line_1_37' title="bbox 94 3600 1681 3679; baseline -0.005 -14"><span class='ocrx_word' id='word_1_422' title='bbox 94 3625 126 3665; x_wconf 87' lang='lat' dir='ltr'><strong>ac</strong></span> <span class='ocrx_word' id='word_1_423' title='bbox 140 3609 280 3665; x_wconf 89' lang='lat' dir='ltr'><strong>rectiores</strong></span> <span class='ocrx_word' id='word_1_424' title='bbox 295 3609 426 3664; x_wconf 85' lang='lat' dir='ltr'><strong>existunt</strong></span> <span class='ocrx_word' id='word_1_425' title='bbox 440 3623 566 3679; x_wconf 89' lang='lat' dir='ltr'><strong>semper.</strong></span> <span class='ocrx_word' id='word_1_426' title='bbox 592 3605 637 3661; x_wconf 81' lang='lat' dir='ltr'><strong>lit</strong></span> <span class='ocrx_word' id='word_1_427' title='bbox 660 3606 751 3678; x_wconf 89' lang='lat' dir='ltr'><strong>igitur</strong></span> <span class='ocrx_word' id='word_1_428' title='bbox 770 3608 803 3660; x_wconf 90' lang='lat' dir='ltr'><strong>ut</strong></span> <span class='ocrx_word' id='word_1_429' title='bbox 857 3602 1049 3674; x_wconf 89' lang='lat' dir='ltr'><strong>intellectum,</strong></span> <span class='ocrx_word' id='word_1_430' title='bbox 1079 3601 1243 3659; x_wconf 85' lang='lat' dir='ltr'><strong>maximum</strong></span> <span class='ocrx_word' id='word_1_431' title='bbox 1271 3600 1397 3668; x_wconf 89' lang='lat' dir='ltr'><strong>videtur,</strong></span> <span class='ocrx_word' id='word_1_432' title='bbox 1425 3602 1455 3655; x_wconf 90' lang='lat' dir='ltr'><strong>et</strong></span> <span class='ocrx_word' id='word_1_433' title='bbox 1482 3604 1527 3657; x_wconf 89' lang='lat' dir='ltr'><strong>est</strong></span> <span class='ocrx_word' id='word_1_434' title='bbox 1540 3601 1681 3673; x_wconf 85' lang='lat' dir='ltr'><strong>prolecto,</strong></span> 
     </span>
     <span class='ocr_line' id='line_1_38' title="bbox 93 3687 1680 3770; baseline -0.004 -17"><span class='ocrx_word' id='word_1_435' title='bbox 93 3703 171 3755; x_wconf 67' lang='lat' dir='ltr'><strong>Peter</strong></span> <span class='ocrx_word' id='word_1_436' title='bbox 185 3703 356 3755; x_wconf 89' lang='lat' dir='ltr'><strong>censuerat:</strong></span> <span class='ocrx_word' id='word_1_437' title='bbox 373 3703 480 3770; x_wconf 90' lang='lat' dir='ltr'><strong>quotus</strong></span> <span class='ocrx_word' id='word_1_438' title='bbox 504 3696 582 3751; x_wconf 91' lang='lat' dir='ltr'><strong>enim</strong></span> <span class='ocrx_word' id='word_1_439' title='bbox 608 3695 733 3768; x_wconf 90' lang='lat' dir='ltr'><strong>quisque</strong></span> <span class='ocrx_word' id='word_1_440' title='bbox 754 3695 803 3766; x_wconf 81' lang='lat' dir='ltr'><strong>[aa</strong></span> <span class='ocrx_word' id='word_1_441' title='bbox 857 3711 924 3750; x_wconf 90' lang='lat' dir='ltr'><strong>eum</strong></span> <span class='ocrx_word' id='word_1_442' title='bbox 940 3693 1035 3750; x_wconf 86' lang='lat' dir='ltr'><strong>solum</strong></span> <span class='ocrx_word' id='word_1_443' title='bbox 1052 3692 1103 3748; x_wconf 86' lang='lat' dir='ltr'><strong>tali</strong></span> <span class='ocrx_word' id='word_1_444' title='bbox 1119 3696 1259 3764; x_wconf 85' lang='lat' dir='ltr'><strong>tantoque</strong></span> <span class='ocrx_word' id='word_1_445' title='bbox 1273 3687 1382 3746; x_wconf 86' lang='lat' dir='ltr'><strong>diaboii</strong></span> <span class='ocrx_word' id='word_1_446' title='bbox 1406 3688 1508 3745; x_wconf 89' lang='lat' dir='ltr'><strong>morbo</strong></span> <span class='ocrx_word' id='word_1_447' title='bbox 1531 3689 1680 3758; x_wconf 78' lang='lat' dir='ltr'><strong>ellectum,</strong></span> 
     </span>
     <span class='ocr_line' id='line_1_39' title="bbox 94 3777 1683 3860; baseline -0.006 -16"><span class='ocrx_word' id='word_1_448' title='bbox 94 3788 282 3860; x_wconf 79' lang='lat' dir='ltr'><strong>nsquisque‘l]</strong></span> <span class='ocrx_word' id='word_1_449' title='bbox 299 3789 328 3842; x_wconf 90' lang='lat' dir='ltr'><strong>in</strong></span> <span class='ocrx_word' id='word_1_450' title='bbox 345 3786 482 3860; x_wconf 86' lang='lat' dir='ltr'><strong>religiono</strong></span> <span class='ocrx_word' id='word_1_451' title='bbox 499 3787 611 3842; x_wconf 90' lang='lat' dir='ltr'><strong>lervens</strong></span> <span class='ocrx_word' id='word_1_452' title='bbox 633 3801 706 3855; x_wconf 90' lang='lat' dir='ltr'><strong>esse,</strong></span> <span class='ocrx_word' id='word_1_453' title='bbox 722 3783 802 3840; x_wconf 92' lang='lat' dir='ltr'><strong>omui</strong></span> <span class='ocrx_word' id='word_1_454' title='bbox 858 3781 997 3856; x_wconf 92' lang='lat' dir='ltr'><strong>quonihil</strong></span> <span class='ocrx_word' id='word_1_455' title='bbox 1007 3783 1103 3855; x_wconf 77' lang='lat' dir='ltr'><strong>peius,</strong></span> <span class='ocrx_word' id='word_1_456' title='bbox 1115 3785 1158 3838; x_wconf 93' lang='lat' dir='ltr'><strong>tot</strong></span> <span class='ocrx_word' id='word_1_457' title='bbox 1168 3784 1266 3837; x_wconf 87' lang='lat' dir='ltr'><strong>tantas</strong></span> <span class='ocrx_word' id='word_1_458' title='bbox 1274 3778 1419 3835; x_wconf 87' lang='lat' dir='ltr'><strong>lustrasse</strong></span> <span class='ocrx_word' id='word_1_459' title='bbox 1428 3777 1623 3850; x_wconf 88' lang='lat' dir='ltr'><strong>regiones,tot</strong></span> <span class='ocrx_word' id='word_1_460' title='bbox 1629 3793 1683 3852; x_wconf 90' lang='lat' dir='ltr'><strong>per</strong></span> 
     </span>
     <span class='ocr_line' id='line_1_40' title="bbox 94 3865 1682 3950; baseline -0.006 -16"><span class='ocrx_word' id='word_1_461' title='bbox 94 3881 331 3950; x_wconf 78' lang='lat' dir='ltr'><strong>pectorequetoto</strong></span> <span class='ocrx_word' id='word_1_462' title='bbox 342 3894 427 3933; x_wconf 85' lang='lat' dir='ltr'><strong>suam</strong></span> <span class='ocrx_word' id='word_1_463' title='bbox 438 3876 559 3944; x_wconf 90' lang='lat' dir='ltr'><strong>orando,</strong></span> <span class='ocrx_word' id='word_1_464' title='bbox 568 3874 730 3947; x_wconf 87' lang='lat' dir='ltr'><strong>jejunando</strong></span> <span class='ocrx_word' id='word_1_465' title='bbox 744 3872 802 3928; x_wconf 91' lang='lat' dir='ltr'><strong>vir·</strong></span> <span class='ocrx_word' id='word_1_466' title='bbox 857 3871 920 3928; x_wconf 88' lang='lat' dir='ltr'><strong>loca</strong></span> <span class='ocrx_word' id='word_1_467' title='bbox 929 3870 1009 3928; x_wconf 89' lang='lat' dir='ltr'><strong>invia</strong></span> <span class='ocrx_word' id='word_1_468' title='bbox 1019 3870 1207 3943; x_wconf 89' lang='lat' dir='ltr'><strong>etincognita</strong></span> <span class='ocrx_word' id='word_1_469' title='bbox 1217 3868 1325 3926; x_wconf 86' lang='lat' dir='ltr'><strong>adiisse</strong></span> <span class='ocrx_word' id='word_1_470' title='bbox 1335 3865 1471 3940; x_wconf 88' lang='lat' dir='ltr'><strong>populos,</strong></span> <span class='ocrx_word' id='word_1_471' title='bbox 1487 3867 1607 3924; x_wconf 91' lang='lat' dir='ltr'><strong>demum</strong></span> <span class='ocrx_word' id='word_1_472' title='bbox 1620 3868 1682 3925; x_wconf 81' lang='lat' dir='ltr'><strong>beo</strong></span> 
     </span>
     <span class='ocr_line' id='line_1_41' title="bbox 94 3954 1680 4032; baseline -0.007 -8"><span class='ocrx_word' id='word_1_473' title='bbox 94 3968 249 4024; x_wconf 82' lang='lat' dir='ltr'><strong>ostendere.</strong></span> <span class='ocrx_word' id='word_1_474' title='bbox 858 3961 989 4018; x_wconf 85' lang='lat' dir='ltr'><strong>saltuosa</strong></span> <span class='ocrx_word' id='word_1_475' title='bbox 1003 3965 1032 4017; x_wconf 88' lang='lat' dir='ltr'><strong>st</strong></span> <span class='ocrx_word' id='word_1_476' title='bbox 1047 3960 1138 4016; x_wconf 88' lang='lat' dir='ltr'><strong>ardua</strong></span> <span class='ocrx_word' id='word_1_477' title='bbox 1153 3958 1274 4032; x_wconf 85' lang='lat' dir='ltr'><strong>petiisse</strong></span> <span class='ocrx_word' id='word_1_478' title='bbox 1287 3954 1465 4013; x_wconf 89' lang='lat' dir='ltr'><strong>incolumem</strong></span> <span class='ocrx_word' id='word_1_479' title='bbox 1480 3960 1510 4013; x_wconf 93' lang='lat' dir='ltr'><strong>et</strong></span> <span class='ocrx_word' id='word_1_480' title='bbox 1531 3973 1680 4015; x_wconf 87' lang='lat' dir='ltr'><strong>securum.</strong></span> 
     </span>
     <span class='ocr_line' id='line_1_42' title="bbox 94 4044 1682 4127; baseline -0.007 -13"><span class='ocrx_word' id='word_1_481' title='bbox 94 4053 804 4127; x_wconf 70' lang='lat' dir='ltr'><strong>leteruminterhncspcsebbati,simuiqueeure</strong></span> <span class='ocrx_word' id='word_1_482' title='bbox 894 4051 955 4105; x_wconf 83' lang='lat' dir='ltr'><strong>tot.</strong></span> <span class='ocrx_word' id='word_1_483' title='bbox 972 4047 1076 4105; x_wconf 83' lang='lat' dir='ltr'><strong>Multos</strong></span> <span class='ocrx_word' id='word_1_484' title='bbox 1092 4046 1245 4104; x_wconf 80' lang='lat' dir='ltr'><strong>demoniis</strong></span> <span class='ocrx_word' id='word_1_485' title='bbox 1274 4044 1399 4118; x_wconf 87' lang='lat' dir='ltr'><strong>aliisque</strong></span> <span class='ocrx_word' id='word_1_486' title='bbox 1427 4044 1539 4103; x_wconf 88' lang='lat' dir='ltr'><strong>morbis</strong></span> <span class='ocrx_word' id='word_1_487' title='bbox 1554 4045 1682 4119; x_wconf 87' lang='lat' dir='ltr'><strong>pessime</strong></span> 
     </span>
     <span class='ocr_line' id='line_1_43' title="bbox 98 4130 1682 4217; baseline -0.007 -16"><span class='ocrx_word' id='word_1_488' title='bbox 98 4163 219 4216; x_wconf 87' lang='lat' dir='ltr'><strong>reseere,</strong></span> <span class='ocrx_word' id='word_1_489' title='bbox 232 4145 335 4201; x_wconf 88' lang='lat' dir='ltr'><strong>nuntio</strong></span> <span class='ocrx_word' id='word_1_490' title='bbox 346 4148 475 4217; x_wconf 87' lang='lat' dir='ltr'><strong>accepto,</strong></span> <span class='ocrx_word' id='word_1_491' title='bbox 486 4143 695 4201; x_wconf 87' lang='lat' dir='ltr'><strong>Justumillum</strong></span> <span class='ocrx_word' id='word_1_492' title='bbox 707 4141 802 4198; x_wconf 89' lang='lat' dir='ltr'><strong>adhuc</strong></span> <span class='ocrx_word' id='word_1_493' title='bbox 858 4139 975 4195; x_wconf 84' lang='lat' dir='ltr'><strong>allectos</strong></span> <span class='ocrx_word' id='word_1_494' title='bbox 990 4138 1048 4195; x_wconf 90' lang='lat' dir='ltr'><strong>buo</strong></span> <span class='ocrx_word' id='word_1_495' title='bbox 1064 4135 1250 4193; x_wconf 81' lang='lat' dir='ltr'><strong>contendisse</strong></span> <span class='ocrx_word' id='word_1_496' title='bbox 1265 4134 1405 4193; x_wconf 80' lang='lat' dir='ltr'><strong>meminit</strong></span> <span class='ocrx_word' id='word_1_497' title='bbox 1419 4130 1477 4210; x_wconf 67' lang='lat' dir='ltr'><strong>[sed</strong></span> <span class='ocrx_word' id='word_1_498' title='bbox 1501 4133 1571 4193; x_wconf 83' lang='lat' dir='ltr'><strong>huic</strong></span> <span class='ocrx_word' id='word_1_499' title='bbox 1585 4130 1682 4191; x_wconf 88' lang='lat' dir='ltr'><strong>simile</strong></span> 
     </span>
     <span class='ocr_line' id='line_1_44' title="bbox 94 4223 1681 4305; baseline -0.008 -15"><span class='ocrx_word' id='word_1_500' title='bbox 94 4253 194 4291; x_wconf 79' lang='lat' dir='ltr'><strong>amone</strong></span> <span class='ocrx_word' id='word_1_501' title='bbox 210 4240 339 4301; x_wconf 84' lang='lat' dir='ltr'><strong>certare;</strong></span> <span class='ocrx_word' id='word_1_502' title='bbox 358 4251 410 4289; x_wconf 91' lang='lat' dir='ltr'><strong>uec</strong></span> <span class='ocrx_word' id='word_1_503' title='bbox 425 4238 522 4290; x_wconf 87' lang='lat' dir='ltr'><strong>tumen</strong></span> <span class='ocrx_word' id='word_1_504' title='bbox 549 4232 590 4287; x_wconf 90' lang='lat' dir='ltr'><strong>illi</strong></span> <span class='ocrx_word' id='word_1_505' title='bbox 615 4233 735 4305; x_wconf 87' lang='lat' dir='ltr'><strong>suisque</strong></span> <span class='ocrx_word' id='word_1_506' title='bbox 750 4232 804 4287; x_wconf 89' lang='lat' dir='ltr'><strong>hac</strong></span> <span class='ocrx_word' id='word_1_507' title='bbox 858 4244 911 4284; x_wconf 90' lang='lat' dir='ltr'><strong>nec</strong></span> <span class='ocrx_word' id='word_1_508' title='bbox 927 4226 1024 4284; x_wconf 86' lang='lat' dir='ltr'><strong>audivi</strong></span> <span class='ocrx_word' id='word_1_509' title='bbox 1048 4241 1190 4297; x_wconf 88' lang='lat' dir='ltr'><strong>unquam,</strong></span> <span class='ocrx_word' id='word_1_510' title='bbox 1220 4239 1274 4280; x_wconf 90' lang='lat' dir='ltr'><strong>nec</strong></span> <span class='ocrx_word' id='word_1_511' title='bbox 1287 4223 1358 4280; x_wconf 93' lang='lat' dir='ltr'><strong>vidi.</strong></span> <span class='ocrx_word' id='word_1_512' title='bbox 1384 4224 1535 4293; x_wconf 83' lang='lat' dir='ltr'><strong>Quocirca,</strong></span> <span class='ocrx_word' id='word_1_513' title='bbox 1552 4237 1606 4279; x_wconf 90' lang='lat' dir='ltr'><strong>nee</strong></span> <span class='ocrx_word' id='word_1_514' title='bbox 1620 4238 1681 4278; x_wconf 92' lang='lat' dir='ltr'><strong>me·</strong></span> 
     </span>
     <span class='ocr_line' id='line_1_45' title="bbox 94 4312 1683 4398; baseline -0.009 -16"><span class='ocrx_word' id='word_1_515' title='bbox 94 4342 154 4398; x_wconf 87' lang='lat' dir='ltr'><strong>pem</strong></span> <span class='ocrx_word' id='word_1_516' title='bbox 166 4325 415 4382; x_wconf 76' lang='lat' dir='ltr'><strong>deesseseiebuut</strong></span> <span class='ocrx_word' id='word_1_517' title='bbox 426 4323 503 4379; x_wconf 92' lang='lat' dir='ltr'><strong>enim</strong></span> <span class='ocrx_word' id='word_1_518' title='bbox 515 4322 582 4395; x_wconf 92' lang='lat' dir='ltr'><strong>plus</strong></span> <span class='ocrx_word' id='word_1_519' title='bbox 598 4321 696 4378; x_wconf 90' lang='lat' dir='ltr'><strong>miseri</strong></span> <span class='ocrx_word' id='word_1_520' title='bbox 708 4320 804 4375; x_wconf 92' lang='lat' dir='ltr'><strong>bomi-</strong></span> <span class='ocrx_word' id='word_1_521' title='bbox 858 4315 952 4372; x_wconf 87' lang='lat' dir='ltr'><strong>moria</strong></span> <span class='ocrx_word' id='word_1_522' title='bbox 966 4318 1062 4372; x_wconf 87' lang='lat' dir='ltr'><strong>vestra</strong></span> <span class='ocrx_word' id='word_1_523' title='bbox 1077 4315 1137 4370; x_wconf 78' lang='lat' dir='ltr'><strong>hec</strong></span> <span class='ocrx_word' id='word_1_524' title='bbox 1158 4313 1305 4383; x_wconf 85' lang='lat' dir='ltr'><strong>excidant,</strong></span> <span class='ocrx_word' id='word_1_525' title='bbox 1328 4312 1514 4371; x_wconf 86' lang='lat' dir='ltr'><strong>vehementer</strong></span> <span class='ocrx_word' id='word_1_526' title='bbox 1535 4328 1616 4386; x_wconf 86' lang='lat' dir='ltr'><strong>rogo.</strong></span> <span class='ocrx_word' id='word_1_527' title='bbox 1637 4312 1683 4369; x_wconf 84' lang='lat' dir='ltr'><strong>&#39;l&#39;u</strong></span> 
     </span>
     <span class='ocr_line' id='line_1_46' title="bbox 94 4399 1681 4487; baseline -0.009 -18"><span class='ocrx_word' id='word_1_528' title='bbox 94 4431 209 4487; x_wconf 60' lang='lat' dir='ltr'><strong>nquam</strong></span> <span class='ocrx_word' id='word_1_529' title='bbox 226 4429 326 4469; x_wconf 88' lang='lat' dir='ltr'><strong>corum</strong></span> <span class='ocrx_word' id='word_1_530' title='bbox 344 4412 465 4480; x_wconf 87' lang='lat' dir='ltr'><strong>meritis,</strong></span> <span class='ocrx_word' id='word_1_531' title='bbox 482 4411 537 4467; x_wconf 91' lang='lat' dir='ltr'><strong>sibi</strong></span> <span class='ocrx_word' id='word_1_532' title='bbox 551 4410 699 4466; x_wconf 85' lang='lat' dir='ltr'><strong>Christum</strong></span> <span class='ocrx_word' id='word_1_533' title='bbox 711 4408 805 4465; x_wconf 85' lang='lat' dir='ltr'><strong>Domi·</strong></span> <span class='ocrx_word' id='word_1_534' title='bbox 858 4422 935 4473; x_wconf 89' lang='lat' dir='ltr'><strong>veru,</strong></span> <span class='ocrx_word' id='word_1_535' title='bbox 951 4404 1044 4471; x_wconf 78' lang='lat' dir='ltr'><strong>iuste,</strong></span> <span class='ocrx_word' id='word_1_536' title='bbox 1059 4403 1192 4476; x_wconf 87' lang='lat' dir='ltr'><strong>posthac,</strong></span> <span class='ocrx_word' id='word_1_537' title='bbox 1222 4405 1370 4473; x_wconf 87' lang='lat' dir='ltr'><strong>uteunque</strong></span> <span class='ocrx_word' id='word_1_538' title='bbox 1398 4403 1517 4459; x_wconf 89' lang='lat' dir='ltr'><strong>lortuna</strong></span> <span class='ocrx_word' id='word_1_539' title='bbox 1535 4399 1681 4471; x_wconf 84' lang='lat' dir='ltr'><strong>ceciderit,</strong></span> 
     </span>
     <span class='ocr_line' id='line_1_47' title="bbox 94 4491 1757 4570; baseline -0.01 -10"><span class='ocrx_word' id='word_1_540' title='bbox 94 4503 328 4560; x_wconf 83' lang='lat' dir='ltr'><strong>amentissimum</strong></span> <span class='ocrx_word' id='word_1_541' title='bbox 340 4501 491 4569; x_wconf 82' lang='lat' dir='ltr'><strong>auxilium,</strong></span> <span class='ocrx_word' id='word_1_542' title='bbox 501 4500 554 4556; x_wconf 91' lang='lat' dir='ltr'><strong>etsi</strong></span> <span class='ocrx_word' id='word_1_543' title='bbox 566 4500 704 4569; x_wconf 77' lang='lat' dir='ltr'><strong>differret,</strong></span> <span class='ocrx_word' id='word_1_544' title='bbox 715 4515 803 4570; x_wconf 88' lang='lat' dir='ltr'><strong>quan·</strong></span> <span class='ocrx_word' id='word_1_545' title='bbox 859 4496 909 4568; x_wconf 91' lang='lat' dir='ltr'><strong>qui</strong></span> <span class='ocrx_word' id='word_1_546' title='bbox 924 4494 978 4549; x_wconf 93' lang='lat' dir='ltr'><strong>tibi</strong></span> <span class='ocrx_word' id='word_1_547' title='bbox 990 4510 1076 4550; x_wconf 89' lang='lat' dir='ltr'><strong>casus</strong></span> <span class='ocrx_word' id='word_1_548' title='bbox 1092 4496 1175 4548; x_wconf 87' lang='lat' dir='ltr'><strong>atrox</strong></span> <span class='ocrx_word' id='word_1_549' title='bbox 1189 4494 1218 4547; x_wconf 91' lang='lat' dir='ltr'><strong>et</strong></span> <span class='ocrx_word' id='word_1_550' title='bbox 1233 4491 1341 4563; x_wconf 84' lang='lat' dir='ltr'><strong>melus,</strong></span> <span class='ocrx_word' id='word_1_551' title='bbox 1356 4507 1445 4563; x_wconf 90' lang='lat' dir='ltr'><strong>quem</strong></span> <span class='ocrx_word' id='word_1_552' title='bbox 1459 4491 1547 4547; x_wconf 81' lang='lat' dir='ltr'><strong>lesus</strong></span> <span class='ocrx_word' id='word_1_553' title='bbox 1561 4491 1681 4558; x_wconf 82' lang='lat' dir='ltr'><strong>avertet,</strong></span> <span class='ocrx_word' id='word_1_554' title='bbox 1740 4494 1757 4508; x_wconf 95' lang='grc'><em>“</em></span> 
     </span>
     <span class='ocr_line' id='line_1_48' title="bbox 94 4576 1682 4670; baseline -0.009 -24"><span class='ocrx_word' id='word_1_555' title='bbox 94 4590 231 4649; x_wconf 87' lang='lat' dir='ltr'><strong>laturum.</strong></span> <span class='ocrx_word' id='word_1_556' title='bbox 249 4592 320 4646; x_wconf 87' lang='lat' dir='ltr'><strong>Cum</strong></span> <span class='ocrx_word' id='word_1_557' title='bbox 345 4590 436 4664; x_wconf 89' lang='lat' dir='ltr'><strong>igitur</strong></span> <span class='ocrx_word' id='word_1_558' title='bbox 458 4589 537 4645; x_wconf 91' lang='lat' dir='ltr'><strong>domi</strong></span> <span class='ocrx_word' id='word_1_559' title='bbox 563 4588 690 4660; x_wconf 89' lang='lat' dir='ltr'><strong>lorisque</strong></span> <span class='ocrx_word' id='word_1_560' title='bbox 705 4596 757 4659; x_wconf 83' lang='lat' dir='ltr'><strong>pro</strong></span> <span class='ocrx_word' id='word_1_561' title='bbox 772 4604 803 4643; x_wconf 87' lang='lat' dir='ltr'><strong>se</strong></span> <span class='ocrx_word' id='word_1_562' title='bbox 818 4604 842 4670; x_wconf 77' lang='lat' dir='ltr'>D</span> <span class='ocrx_word' id='word_1_563' title='bbox 859 4583 995 4650; x_wconf 90' lang='lat' dir='ltr'><strong>evenerit,</strong></span> <span class='ocrx_word' id='word_1_564' title='bbox 1011 4580 1108 4638; x_wconf 88' lang='lat' dir='ltr'><strong>nullas</strong></span> <span class='ocrx_word' id='word_1_565' title='bbox 1124 4582 1153 4636; x_wconf 93' lang='lat' dir='ltr'><strong>in</strong></span> <span class='ocrx_word' id='word_1_566' title='bbox 1166 4585 1351 4636; x_wconf 85' lang='lat' dir='ltr'><strong>Deumvooes</strong></span> <span class='ocrx_word' id='word_1_567' title='bbox 1361 4579 1514 4635; x_wconf 85' lang='lat' dir='ltr'><strong>indecores</strong></span> <span class='ocrx_word' id='word_1_568' title='bbox 1528 4577 1598 4634; x_wconf 82' lang='lat' dir='ltr'><strong>edne</strong></span> <span class='ocrx_word' id='word_1_569' title='bbox 1610 4592 1617 4632; x_wconf 93' lang='lat'><strong>:</strong></span> <span class='ocrx_word' id='word_1_570' title='bbox 1630 4576 1682 4633; x_wconf 88' lang='lat' dir='ltr'><strong>sed</strong></span> 
     </span>
     <span class='ocr_line' id='line_1_49' title="bbox 94 4664 1747 4749; baseline -0.01 -12"><span class='ocrx_word' id='word_1_571' title='bbox 94 4676 803 4749; x_wconf 75' lang='lat' dir='ltr'><strong>ecum(linboloorandoecrtaret,tandemDomi·</strong></span> <span class='ocrx_word' id='word_1_572' title='bbox 858 4678 887 4729; x_wconf 89' lang='lat' dir='ltr'><strong>to</strong></span> <span class='ocrx_word' id='word_1_573' title='bbox 910 4671 1000 4728; x_wconf 90' lang='lat' dir='ltr'><strong>talem</strong></span> <span class='ocrx_word' id='word_1_574' title='bbox 1022 4669 1135 4739; x_wconf 83' lang='lat' dir='ltr'><strong>exhibe,</strong></span> <span class='ocrx_word' id='word_1_575' title='bbox 1168 4672 1200 4724; x_wconf 90' lang='lat' dir='ltr'><strong>ut</strong></span> <span class='ocrx_word' id='word_1_576' title='bbox 1234 4668 1358 4735; x_wconf 88' lang='lat' dir='ltr'><strong>iabores,</strong></span> <span class='ocrx_word' id='word_1_577' title='bbox 1387 4666 1511 4735; x_wconf 86' lang='lat' dir='ltr'><strong>inedias,</strong></span> <span class='ocrx_word' id='word_1_578' title='bbox 1534 4664 1682 4722; x_wconf 88' lang='lat' dir='ltr'><strong>cruciatus</strong></span> <span class='ocrx_word' id='word_1_579' title='bbox 1746 4672 1747 4676; x_wconf 77' lang='grc'>’</span> 
     </span>
     <span class='ocr_line' id='line_1_50' title="bbox 94 4753 1682 4842; baseline -0.01 -16"><span class='ocrx_word' id='word_1_580' title='bbox 94 4788 139 4826; x_wconf 78' lang='lat' dir='ltr'><strong>sus</strong></span> <span class='ocrx_word' id='word_1_581' title='bbox 155 4788 315 4842; x_wconf 84' lang='lat' dir='ltr'><strong>pnnperum</strong></span> <span class='ocrx_word' id='word_1_582' title='bbox 332 4770 565 4842; x_wconf 89' lang='lat' dir='ltr'><strong>deprecationem</strong></span> <span class='ocrx_word' id='word_1_583' title='bbox 588 4766 802 4836; x_wconf 60' lang='lat' dir='ltr'><strong>exscreationes.</strong></span> <span class='ocrx_word' id='word_1_584' title='bbox 860 4778 961 4817; x_wconf 89' lang='lat' dir='ltr'><strong>omnes</strong></span> <span class='ocrx_word' id='word_1_585' title='bbox 976 4764 1094 4833; x_wconf 91' lang='lat' dir='ltr'><strong>propter</strong></span> <span class='ocrx_word' id='word_1_586' title='bbox 1108 4762 1220 4828; x_wconf 80' lang='lat' dir='ltr'><strong>lesum,</strong></span> <span class='ocrx_word' id='word_1_587' title='bbox 1237 4754 1331 4828; x_wconf 89' lang='lat' dir='ltr'><strong>quite</strong></span> <span class='ocrx_word' id='word_1_588' title='bbox 1354 4753 1531 4812; x_wconf 84' lang='lat' dir='ltr'><strong>intolerabili</strong></span> <span class='ocrx_word' id='word_1_589' title='bbox 1549 4753 1682 4811; x_wconf 88' lang='lat' dir='ltr'><strong>cruciatu</strong></span> 
     </span>
     <span class='ocr_line' id='line_1_51' title="bbox 94 4842 1680 4932; baseline -0.009 -17"><span class='ocrx_word' id='word_1_590' title='bbox 94 4878 103 4915; x_wconf 77' lang='lat' dir='ltr'><strong>s</strong></span> <span class='ocrx_word' id='word_1_591' title='bbox 118 4861 255 4932; x_wconf 88' lang='lat' dir='ltr'><strong>precibus</strong></span> <span class='ocrx_word' id='word_1_592' title='bbox 272 4862 379 4914; x_wconf 83' lang='lat' dir='ltr'><strong>lartum</strong></span> <span class='ocrx_word' id='word_1_593' title='bbox 396 4864 440 4914; x_wconf 87' lang='lat' dir='ltr'><strong>est</strong></span> <span class='ocrx_word' id='word_1_594' title='bbox 469 4862 500 4914; x_wconf 93' lang='lat' dir='ltr'><strong>ut</strong></span> <span class='ocrx_word' id='word_1_595' title='bbox 525 4877 541 4913; x_wconf 87' lang='lat' dir='ltr'><strong>u</strong></span> <span class='ocrx_word' id='word_1_596' title='bbox 564 4855 679 4912; x_wconf 86' lang='lat' dir='ltr'><strong>diabolo</strong></span> <span class='ocrx_word' id='word_1_597' title='bbox 694 4872 751 4910; x_wconf 92' lang='lat' dir='ltr'><strong>non</strong></span> <span class='ocrx_word' id='word_1_598' title='bbox 767 4856 802 4909; x_wconf 85' lang='lat' dir='ltr'><strong>nd</strong></span> <span class='ocrx_word' id='word_1_599' title='bbox 859 4855 887 4907; x_wconf 89' lang='lat' dir='ltr'><strong>et</strong></span> <span class='ocrx_word' id='word_1_600' title='bbox 901 4849 1074 4923; x_wconf 87' lang='lat' dir='ltr'><strong>turpissima</strong></span> <span class='ocrx_word' id='word_1_601' title='bbox 1086 4846 1180 4903; x_wconf 91' lang='lat' dir='ltr'><strong>crucis</strong></span> <span class='ocrx_word' id='word_1_602' title='bbox 1193 4849 1286 4903; x_wconf 92' lang='lat' dir='ltr'><strong>morte</strong></span> <span class='ocrx_word' id='word_1_603' title='bbox 1298 4844 1432 4914; x_wconf 87' lang='lat' dir='ltr'><strong>redemit,</strong></span> <span class='ocrx_word' id='word_1_604' title='bbox 1459 4844 1583 4902; x_wconf 89' lang='lat' dir='ltr'><strong>tolerare</strong></span> <span class='ocrx_word' id='word_1_605' title='bbox 1597 4842 1680 4901; x_wconf 85' lang='lat' dir='ltr'><strong>velia.</strong></span> 
     </span>
     <span class='ocr_line' id='line_1_52' title="bbox 94 4933 1681 5020; baseline -0.007 -19"><span class='ocrx_word' id='word_1_606' title='bbox 94 4968 108 5018; x_wconf 80' lang='lat' dir='ltr'><strong>r,</strong></span> <span class='ocrx_word' id='word_1_607' title='bbox 123 4954 155 5004; x_wconf 89' lang='lat' dir='ltr'><strong>ut</strong></span> <span class='ocrx_word' id='word_1_608' title='bbox 170 4949 227 5004; x_wconf 85' lang='lat' dir='ltr'><strong>alia</strong></span> <span class='ocrx_word' id='word_1_609' title='bbox 242 4965 368 5020; x_wconf 85' lang='lat' dir='ltr'><strong>semper,</strong></span> <span class='ocrx_word' id='word_1_610' title='bbox 385 4949 434 5003; x_wconf 89' lang='lat' dir='ltr'><strong>sed</strong></span> <span class='ocrx_word' id='word_1_611' title='bbox 459 4950 599 5019; x_wconf 88' lang='lat' dir='ltr'><strong>perpetuo</strong></span> <span class='ocrx_word' id='word_1_612' title='bbox 624 4946 727 5001; x_wconf 79' lang='lat' dir='ltr'><strong>iustus</strong></span> <span class='ocrx_word' id='word_1_613' title='bbox 744 4942 801 5012; x_wconf 89' lang='lat' dir='ltr'><strong>ille,</strong></span> <span class='ocrx_word' id='word_1_614' title='bbox 859 4941 911 4997; x_wconf 82' lang='lat' dir='ltr'><strong>Cui</strong></span> <span class='ocrx_word' id='word_1_615' title='bbox 926 4940 993 4996; x_wconf 91' lang='lat' dir='ltr'><strong>ille:</strong></span> <span class='ocrx_word' id='word_1_616' title='bbox 1010 4935 1203 4995; x_wconf 79' lang='lat' dir='ltr'><strong>Mandatsllei</strong></span> <span class='ocrx_word' id='word_1_617' title='bbox 1212 4934 1433 5008; x_wconf 88' lang='lat' dir='ltr'><strong>omnipotentis,</strong></span> <span class='ocrx_word' id='word_1_618' title='bbox 1443 4939 1586 5008; x_wconf 90' lang='lat' dir='ltr'><strong>quantum</strong></span> <span class='ocrx_word' id='word_1_619' title='bbox 1596 4933 1681 4990; x_wconf 88' lang='lat' dir='ltr'><strong>inme</strong></span> 
     </span>
     <span class='ocr_line' id='line_1_53' title="bbox 95 5022 1681 5107; baseline -0.01 -12"><span class='ocrx_word' id='word_1_620' title='bbox 95 5039 133 5095; x_wconf 80' lang='lat' dir='ltr'><strong>tis</strong></span> <span class='ocrx_word' id='word_1_621' title='bbox 147 5039 235 5094; x_wconf 87' lang='lat' dir='ltr'><strong>etiem</strong></span> <span class='ocrx_word' id='word_1_622' title='bbox 253 5038 436 5107; x_wconf 82' lang='lat' dir='ltr'><strong>absentibus,</strong></span> <span class='ocrx_word' id='word_1_623' title='bbox 452 5040 481 5092; x_wconf 88' lang='lat' dir='ltr'><strong>et</strong></span> <span class='ocrx_word' id='word_1_624' title='bbox 501 5035 663 5103; x_wconf 85' lang='lat' dir='ltr'><strong>orantibus,</strong></span> <span class='ocrx_word' id='word_1_625' title='bbox 679 5033 802 5090; x_wconf 89' lang='lat' dir='ltr'><strong>munda·</strong></span> <span class='ocrx_word' id='word_1_626' title='bbox 858 5030 913 5086; x_wconf 90' lang='lat' dir='ltr'><strong>erit</strong></span> <span class='ocrx_word' id='word_1_627' title='bbox 924 5025 1139 5097; x_wconf 85' lang='lat' dir='ltr'><strong>studio,labore</strong></span> <span class='ocrx_word' id='word_1_628' title='bbox 1150 5025 1255 5082; x_wconf 86' lang='lat' dir='ltr'><strong>tenebo</strong></span> <span class='ocrx_word' id='word_1_629' title='bbox 1265 5022 1602 5098; x_wconf 79' lang='lat' dir='ltr'><strong>observaboquezsancti</strong></span> <span class='ocrx_word' id='word_1_630' title='bbox 1612 5038 1681 5080; x_wconf 92' lang='lat' dir='ltr'><strong>vero</strong></span> 
     </span>
     <span class='ocr_line' id='line_1_54' title="bbox 94 5111 1682 5200; baseline -0.011 -17"><span class='ocrx_word' id='word_1_631' title='bbox 94 5128 160 5185; x_wconf 70' lang='lat' dir='ltr'><strong>linc</strong></span> <span class='ocrx_word' id='word_1_632' title='bbox 176 5144 264 5200; x_wconf 83' lang='lat' dir='ltr'><strong>quam</strong></span> <span class='ocrx_word' id='word_1_633' title='bbox 288 5126 408 5182; x_wconf 83' lang='lat' dir='ltr'><strong>Domino</strong></span> <span class='ocrx_word' id='word_1_634' title='bbox 423 5125 492 5182; x_wconf 76' lang='lat' dir='ltr'><strong>iesu</strong></span> <span class='ocrx_word' id='word_1_635' title='bbox 510 5142 595 5181; x_wconf 88' lang='lat' dir='ltr'><strong>eurus</strong></span> <span class='ocrx_word' id='word_1_636' title='bbox 608 5127 804 5195; x_wconf 81' lang='lat' dir='ltr'><strong>aceeptusque</strong></span> <span class='ocrx_word' id='word_1_637' title='bbox 858 5118 982 5177; x_wconf 78' lang='lat' dir='ltr'><strong>ioannis</strong></span> <span class='ocrx_word' id='word_1_638' title='bbox 996 5115 1137 5172; x_wconf 83' lang='lat' dir='ltr'><strong>beneficia</strong></span> <span class='ocrx_word' id='word_1_639' title='bbox 1147 5115 1177 5170; x_wconf 93' lang='lat' dir='ltr'><strong>in</strong></span> <span class='ocrx_word' id='word_1_640' title='bbox 1188 5115 1284 5187; x_wconf 91' lang='lat' dir='ltr'><strong>eorde,</strong></span> <span class='ocrx_word' id='word_1_641' title='bbox 1296 5115 1325 5169; x_wconf 91' lang='lat' dir='ltr'><strong>in</strong></span> <span class='ocrx_word' id='word_1_642' title='bbox 1336 5131 1396 5183; x_wconf 91' lang='lat' dir='ltr'><strong>ore,</strong></span> <span class='ocrx_word' id='word_1_643' title='bbox 1408 5114 1437 5170; x_wconf 95' lang='lat' dir='ltr'><strong>in</strong></span> <span class='ocrx_word' id='word_1_644' title='bbox 1449 5111 1553 5183; x_wconf 89' lang='lat' dir='ltr'><strong>oculis,</strong></span> <span class='ocrx_word' id='word_1_645' title='bbox 1564 5126 1682 5184; x_wconf 86' lang='lat' dir='ltr'><strong>semper</strong></span> 
     </span>
     <span class='ocr_line' id='line_1_55' title="bbox 94 5201 1682 5284; baseline -0.011 -10"><span class='ocrx_word' id='word_1_646' title='bbox 94 5218 223 5274; x_wconf 81' lang='lat' dir='ltr'><strong>loannes</strong></span> <span class='ocrx_word' id='word_1_647' title='bbox 248 5216 465 5284; x_wconf 84' lang='lat' dir='ltr'><strong>sanctissimus,</strong></span> <span class='ocrx_word' id='word_1_648' title='bbox 490 5213 645 5270; x_wconf 84' lang='lat' dir='ltr'><strong>admiratio</strong></span> <span class='ocrx_word' id='word_1_649' title='bbox 671 5211 802 5268; x_wconf 91' lang='lat' dir='ltr'><strong>omnium</strong></span> <span class='ocrx_word' id='word_1_650' title='bbox 859 5209 994 5274; x_wconf 84' lang='lat' dir='ltr'><strong>habeam,</strong></span> <span class='ocrx_word' id='word_1_651' title='bbox 1007 5205 1126 5262; x_wconf 91' lang='lat' dir='ltr'><strong>curabo.</strong></span> <span class='ocrx_word' id='word_1_652' title='bbox 1141 5204 1230 5261; x_wconf 89' lang='lat' dir='ltr'><strong>Vobis</strong></span> <span class='ocrx_word' id='word_1_653' title='bbox 1245 5221 1312 5262; x_wconf 92' lang='lat' dir='ltr'><strong>vero</strong></span> <span class='ocrx_word' id='word_1_654' title='bbox 1327 5220 1379 5277; x_wconf 91' lang='lat' dir='ltr'><strong>pro</strong></span> <span class='ocrx_word' id='word_1_655' title='bbox 1393 5206 1485 5273; x_wconf 89' lang='lat' dir='ltr'><strong>tanta,</strong></span> <span class='ocrx_word' id='word_1_656' title='bbox 1505 5218 1565 5275; x_wconf 92' lang='lat' dir='ltr'><strong>qua</strong></span> <span class='ocrx_word' id='word_1_657' title='bbox 1587 5201 1618 5257; x_wconf 91' lang='lat' dir='ltr'><strong>in</strong></span> <span class='ocrx_word' id='word_1_658' title='bbox 1634 5215 1682 5257; x_wconf 91' lang='lat' dir='ltr'><strong>me</strong></span> 
     </span>
     <span class='ocr_line' id='line_1_56' title="bbox 95 5290 1681 5376; baseline -0.011 -13"><span class='ocrx_word' id='word_1_659' title='bbox 95 5312 163 5364; x_wconf 91' lang='lat' dir='ltr'><strong>tur:</strong></span> <span class='ocrx_word' id='word_1_660' title='bbox 179 5324 245 5363; x_wconf 85' lang='lat' dir='ltr'><strong>eum</strong></span> <span class='ocrx_word' id='word_1_661' title='bbox 257 5305 324 5361; x_wconf 90' lang='lat' dir='ltr'><strong>inde</strong></span> <span class='ocrx_word' id='word_1_662' title='bbox 336 5305 392 5376; x_wconf 77' lang='lat' dir='ltr'><strong>[ad]</strong></span> <span class='ocrx_word' id='word_1_663' title='bbox 405 5305 615 5360; x_wconf 87' lang='lat' dir='ltr'><strong>monasterium</strong></span> <span class='ocrx_word' id='word_1_664' title='bbox 626 5301 805 5357; x_wconf 88' lang='lat' dir='ltr'><strong>contendens</strong></span> <span class='ocrx_word' id='word_1_665' title='bbox 860 5298 905 5354; x_wconf 90' lang='lat' dir='ltr'><strong>usi</strong></span> <span class='ocrx_word' id='word_1_666' title='bbox 921 5296 1003 5364; x_wconf 91' lang='lat' dir='ltr'><strong>estis,</strong></span> <span class='ocrx_word' id='word_1_667' title='bbox 1018 5293 1199 5366; x_wconf 86' lang='lat' dir='ltr'><strong>benignitate</strong></span> <span class='ocrx_word' id='word_1_668' title='bbox 1215 5298 1244 5350; x_wconf 89' lang='lat' dir='ltr'><strong>et</strong></span> <span class='ocrx_word' id='word_1_669' title='bbox 1258 5292 1423 5364; x_wconf 87' lang='lat' dir='ltr'><strong>clementia,</strong></span> <span class='ocrx_word' id='word_1_670' title='bbox 1438 5291 1583 5349; x_wconf 86' lang='lat' dir='ltr'><strong>Dominus</strong></span> <span class='ocrx_word' id='word_1_671' title='bbox 1595 5290 1681 5347; x_wconf 85' lang='lat' dir='ltr'><strong>Jesus</strong></span> 
     </span>
    </p>
   </div>
   <div class='ocr_carea' id='block_1_3' title="bbox 95 5380 1682 5548">
    <p class='ocr_par' dir='ltr' id='par_1_4' title="bbox 95 5380 1682 5548">
     <span class='ocr_line' id='line_1_57' title="bbox 99 5380 1682 5460; baseline -0.009 -9"><span class='ocrx_word' id='word_1_672' title='bbox 99 5397 148 5453; x_wconf 91' lang='lat' dir='ltr'><strong>illc</strong></span> <span class='ocrx_word' id='word_1_673' title='bbox 162 5395 283 5452; x_wconf 80' lang='lat' dir='ltr'><strong>loannis</strong></span> <span class='ocrx_word' id='word_1_674' title='bbox 300 5394 484 5450; x_wconf 81' lang='lat' dir='ltr'><strong>sanctitatem</strong></span> <span class='ocrx_word' id='word_1_675' title='bbox 499 5392 647 5448; x_wconf 88' lang='lat' dir='ltr'><strong>laudando</strong></span> <span class='ocrx_word' id='word_1_676' title='bbox 662 5389 806 5445; x_wconf 86' lang='lat' dir='ltr'><strong>adsidere</strong></span> <span class='ocrx_word' id='word_1_677' title='bbox 860 5383 1182 5460; x_wconf 80' lang='lat' dir='ltr'><strong>premiadigualerat.</strong></span> <span class='ocrx_word' id='word_1_678' title='bbox 1200 5383 1269 5439; x_wconf 89' lang='lat' dir='ltr'><strong>lade</strong></span> <span class='ocrx_word' id='word_1_679' title='bbox 1298 5399 1408 5438; x_wconf 88' lang='lat' dir='ltr'><strong>omnes.</strong></span> <span class='ocrx_word' id='word_1_680' title='bbox 1440 5398 1472 5438; x_wconf 90' lang='lat' dir='ltr'><strong>se</strong></span> <span class='ocrx_word' id='word_1_681' title='bbox 1492 5380 1682 5454; x_wconf 83' lang='lat' dir='ltr'><strong>benigneec·</strong></span> 
     </span>
     <span class='ocr_line' id='line_1_58' title="bbox 95 5459 1682 5548; baseline -0.009 -8"><span class='ocrx_word' id='word_1_682' title='bbox 95 5491 140 5540; x_wconf 86' lang='lat' dir='ltr'><strong>et.</strong></span> <span class='ocrx_word' id='word_1_683' title='bbox 613 5459 635 5492; x_wconf 83' lang='lat'>&#39;</span> <span class='ocrx_word' id='word_1_684' title='bbox 861 5479 958 5548; x_wconf 86' lang='lat' dir='ltr'><strong>reptos</strong></span> <span class='ocrx_word' id='word_1_685' title='bbox 972 5473 1076 5545; x_wconf 89' lang='lat' dir='ltr'><strong>[luisse</strong></span> <span class='ocrx_word' id='word_1_686' title='bbox 1085 5472 1208 5543; x_wconf 84' lang='lat' dir='ltr'><strong>testati,]</strong></span> <span class='ocrx_word' id='word_1_687' title='bbox 1219 5470 1329 5544; x_wconf 85' lang='lat' dir='ltr'><strong>gratiss</strong></span> <span class='ocrx_word' id='word_1_688' title='bbox 1343 5473 1445 5544; x_wconf 87' lang='lat' dir='ltr'><strong>agunt,</strong></span> <span class='ocrx_word' id='word_1_689' title='bbox 1458 5475 1487 5528; x_wconf 88' lang='lat' dir='ltr'><strong>et</strong></span> <span class='ocrx_word' id='word_1_690' title='bbox 1501 5470 1532 5527; x_wconf 90' lang='lat' dir='ltr'><strong>in</strong></span> <span class='ocrx_word' id='word_1_691' title='bbox 1544 5469 1682 5544; x_wconf 86' lang='lat' dir='ltr'><strong>patriam,</strong></span> 
     </span>
    </p>
   </div>
   <div class='ocr_carea' id='block_1_4' title="bbox 95 5558 1683 5737">
    <p class='ocr_par' dir='ltr' id='par_1_5' title="bbox 95 5558 1683 5737">
     <span class='ocr_line' id='line_1_59' title="bbox 97 5558 1683 5633; baseline -0.011 -3"><span class='ocrx_word' id='word_1_692' title='bbox 97 5576 151 5630; x_wconf 76' lang='lat' dir='ltr'><strong>Vix</strong></span> <span class='ocrx_word' id='word_1_693' title='bbox 166 5574 377 5631; x_wconf 86' lang='lat' dir='ltr'><strong>monasterium</strong></span> <span class='ocrx_word' id='word_1_694' title='bbox 403 5573 540 5627; x_wconf 88' lang='lat' dir='ltr'><strong>omnibus</strong></span> <span class='ocrx_word' id='word_1_695' title='bbox 564 5568 630 5624; x_wconf 90' lang='lat' dir='ltr'><strong>aliis</strong></span> <span class='ocrx_word' id='word_1_696' title='bbox 651 5569 747 5624; x_wconf 84' lang='lat' dir='ltr'><strong>lavoro</strong></span> <span class='ocrx_word' id='word_1_697' title='bbox 761 5568 805 5621; x_wconf 91' lang='lat' dir='ltr'><strong>in·</strong></span> <span class='ocrx_word' id='word_1_698' title='bbox 860 5567 998 5620; x_wconf 87' lang='lat' dir='ltr'><strong>virtutem</strong></span> <span class='ocrx_word' id='word_1_699' title='bbox 1012 5561 1135 5618; x_wconf 76' lang='lat' dir='ltr'><strong>ioannis</strong></span> <span class='ocrx_word' id='word_1_700' title='bbox 1159 5559 1337 5616; x_wconf 87' lang='lat' dir='ltr'><strong>sanctissimi</strong></span> <span class='ocrx_word' id='word_1_701' title='bbox 1362 5559 1471 5633; x_wconf 89' lang='lat' dir='ltr'><strong>uhiqne</strong></span> <span class='ocrx_word' id='word_1_702' title='bbox 1491 5558 1683 5633; x_wconf 73' lang='lat' dir='ltr'><strong>praedicantes</strong></span> 
     </span>
     <span class='ocr_line' id='line_1_60' title="bbox 95 5650 1273 5737; baseline -0.015 -15"><span class='ocrx_word' id='word_1_703' title='bbox 95 5682 121 5722; x_wconf 85' lang='lat' dir='ltr'><strong>re</strong></span> <span class='ocrx_word' id='word_1_704' title='bbox 133 5664 239 5737; x_wconf 87' lang='lat' dir='ltr'><strong>gaudio</strong></span> <span class='ocrx_word' id='word_1_705' title='bbox 250 5664 360 5736; x_wconf 87' lang='lat' dir='ltr'><strong>passim</strong></span> <span class='ocrx_word' id='word_1_706' title='bbox 373 5658 727 5731; x_wconf 72' lang='lat' dir='ltr'><strong>comitantibuspetieret,</strong></span> <span class='ocrx_word' id='word_1_707' title='bbox 740 5673 806 5713; x_wconf 91' lang='lat' dir='ltr'><strong>cum</strong></span> <span class='ocrx_word' id='word_1_708' title='bbox 861 5659 889 5711; x_wconf 88' lang='lat' dir='ltr'><strong>ct</strong></span> <span class='ocrx_word' id='word_1_709' title='bbox 904 5650 1085 5722; x_wconf 85' lang='lat' dir='ltr'><strong>extollentes,</strong></span> <span class='ocrx_word' id='word_1_710' title='bbox 1101 5650 1273 5716; x_wconf 86' lang='lat' dir='ltr'><strong>concedunt,</strong></span> 
     </span>
    </p>
   </div>
   <div class='ocr_carea' id='block_1_5' title="bbox 0 0 1953 6096">
    <p class='ocr_par' dir='ltr' id='par_1_6' title="bbox 0 0 1953 6096">
     <span class='ocr_line' id='line_1_61' title="bbox 0 0 1953 6096; baseline 0 0"><span class='ocrx_word' id='word_1_711' title='bbox 0 0 1953 6096; x_wconf 95' lang='lat' dir='ltr'><strong> </strong></span> 
     </span>
    </p>
   </div>
  </div>
 </body>
</html>
