3892 6096
66 256 129 318 aet
642 259 717 321 tle,
740 260 792 323 uu
813 260 943 326 CURSU
964 262 1199 326 setuttuttt.
1713 270 1774 337 2³8

66 387 383 462 auscultaturus
398 388 486 446 aliam
500 389 530 445 iu
546 390 688 449 charitate
703 395 803 451 omnia
817 396 894 452 bona
910 401 934 465 Α
950 400 1074 452 mortem
1091 413 1143 468 pro
1159 412 1257 453 amore
1272 397 1379 454 Christi
1395 413 1499 472 pessus
1516 399 1615 457 luisse.
1633 400 1772 473 Maiorem

68 478 245 546 consistunt,
256 481 414 535 attestante
428 479 561 551 Domino,
574 481 625 553 qui
638 482 668 537 in
679 483 834 557 Evangelio
849 486 893 540 di·
949 500 1076 557 namque
1091 489 1120 540 ct
1130 485 1322 542 efficaciorem
1339 487 1540 560 poevvitentiem
1555 505 1640 562 agere
1650 506 1708 547 non
1723 508 1772 549 va·

69 568 194 625 cittlioo
206 571 247 625 eet
269 577 436 642 preceptum
459 585 559 640 meum,
574 575 606 626 ut
628 570 752 641 diligetis
777 576 894 630 inuicem
949 574 1055 642 lemna,
1071 591 1159 647 quam
1182 576 1206 631 si
1227 575 1366 645 injuriam
1391 577 1554 650 quamlibet
1568 578 1612 636 vel
1636 597 1773 654 persecu-

65 658 158 729 (loun.
173 674 220 723 xv,
237 657 355 729 12),per
379 674 471 713 unum
486 657 621 716 videlicet
632 659 796 719 dilectionis
818 680 894 735 prce·
948 663 1058 719 tionem
1083 681 1134 737 pro
1157 664 1275 721 nomine
1289 665 1394 721 Christi
1419 666 1592 737 toleremus;
1619 669 1688 742 quie
1711 670 1775 743 ipse

65 750 187 820 ceptum
202 761 306 803 omnes
319 745 443 803 virtutes
464 745 587 821 intelligi
610 747 720 807 voleus.
737 751 893 824 Apostolus
949 752 1046 808 dixit:
1063 755 1143 809 Booti
1163 755 1213 825 qui
1240 756 1460 821 persecutionem
1487 759 1637 829 potiuntur
1663 764 1776 833 propter

66 851 186 910 queque
200 835 301 891 eadem
317 838 452 903 testetur,
469 836 569 893 dicens
585 854 592 893 τ
610 839 754 898 Plenitudo
774 841 840 913 lepis
854 846 894 898 eet
942 843 1081 914 justitium
1097 842 1200 914 (ttottt.
1217 860 1245 914 v,
1262 844 1316 915 10).

64 925 179 982 dileetio
193 925 280 991 (Rom.
297 941 360 993 xrrt,
378 924 431 996 10).
449 925 542 982 lubia
562 926 654 999 igitur
667 929 763 986 tribus
776 929 891 987 virtuti·
983 931 1036 987 Per
1046 930 1193 1003 quoslibet
1209 935 1363 1006 peccantes
1373 937 1531 991 tentamur.
1544 937 1577 992 lu
1593 936 1696 1009 primis
1706 939 1772 1010 qui·

64 1014 134 1081 bus,
149 1013 179 1069 id
195 1017 240 1070 est
253 1013 283 1069 in
298 1013 355 1069 ilde
370 1016 400 1070 ut
413 1030 466 1088 epe
486 1018 515 1070 et
538 1014 689 1084 charitate,
701 1034 764 1090 que
779 1020 892 1077 cunctis
947 1021 1024 1092 dem,
1042 1020 1066 1076 si
1082 1021 1275 1088 attendentes,
1292 1021 1360 1093 quia
1376 1039 1429 1080 nos
1448 1027 1546 1080 autem
1558 1025 1622 1095 jam
1637 1024 1775 1083 similiter

65 1101 240 1160 homiuibus
253 1118 425 1159 communes
445 1119 509 1160 esse
532 1105 648 1172 debent,
664 1110 692 1163 et
706 1107 770 1165 sine
785 1109 892 1181 quibus
946 1108 1021 1181 lapsi
1033 1111 1199 1180 sumus‚vel
1210 1110 1306 1167 adbuc
1316 1110 1375 1167 labi
1387 1128 1557 1185 possumus,
1565 1112 1775 1172 condoleamus

64 1207 153 1248 nemo
165 1189 281 1264 placere
292 1195 348 1247 Deo
359 1196 464 1263 potest,
474 1198 617 1265 quantum
630 1195 757 1269 quisque
767 1198 891 1270 proiicit,
946 1196 1015 1254 iilis.
1031 1198 1141 1255 Deinde
1155 1215 1222 1256 vero
1237 1199 1262 1255 si
1278 1199 1319 1256 ita
1340 1199 1459 1258 discreti
1479 1201 1509 1258 in
1531 1198 1633 1259 coium
1659 1219 1773 1262 correc-

62 1284 182 1338 tentum
197 1281 223 1336 ei
240 1285 412 1338 ceterarum
426 1280 568 1339 virtulum
584 1284 689 1341 notitia
703 1285 791 1342 simul
806 1290 835 1343 et
849 1287 890 1344 ia·
946 1287 1024 1343 tione
1039 1304 1104 1344 esse
1116 1288 1250 1357 velimus,
1268 1293 1302 1344 ut
1323 1306 1418 1361 neque
1434 1289 1512 1347 ultra
1533 1292 1654 1349 modum
1669 1293 1771 1362 severi,

64 1369 163 1427 euius
175 1370 250 1426 bene
264 1371 368 1443 agendi
385 1386 401 1425 a
417 1371 476 1428 Deo
491 1372 653 1430 exhibetur.
669 1375 790 1432 Credere
806 1393 892 1433 nam·
947 1392 1041 1450 nequa
1057 1376 1146 1433 nimis
1157 1377 1272 1434 remissi
1289 1378 1319 1433 iu
1334 1378 1401 1436 illos
1412 1380 1517 1451 simus,
1530 1382 1581 1438 sed
1592 1381 1692 1438 vinum
1704 1398 1772 1439 cum

64 1475 126 1531 que
139 1458 224 1516 debet
248 1460 344 1516 omnis
359 1459 448 1517 bomo
461 1461 560 1518 omnia
574 1479 591 1518 a
607 1464 662 1519 Deo
687 1465 757 1537 regi,
774 1469 802 1522 et
817 1465 891 1522 nihil
946 1465 1020 1534 oleo,
1036 1466 1091 1522 boc
1105 1470 1150 1523 est
1170 1466 1353 1523 severitatem
1379 1484 1447 1524 oum
1472 1468 1580 1541 pietate
1603 1470 1771 1539 miscentes,

63 1548 175 1604 frustra
189 1546 234 1604 vel
253 1564 289 1604 ex
313 1564 382 1605 casu
407 1549 436 1604 in
461 1551 572 1606 mundo
587 1551 662 1622 iveri,
677 1555 729 1610 sad
753 1559 804 1611 aut
827 1555 891 1628 ipso
940 1556 1205 1627 luxtasanctorum
1215 1555 1771 1631 Petrumregulamjuntaqueipsorum

18 1654 22 1663 ·
62 1635 244 1693 eoncedente
272 1640 323 1692 eut
345 1637 532 1709 permittente
551 1643 656 1696 cuncta
683 1641 784 1698 ordine
812 1647 891 1700 certo
946 1643 1158 1716 paenitentiam,
1171 1648 1239 1700 etut
1253 1644 1435 1717 negligentes
1450 1645 1561 1718 quique
1575 1647 1770 1720 corrigentur,

67 1725 228 1783 moderari.
241 1727 308 1791 Qua
322 1726 399 1783 boue
413 1727 533 1799 quidem
545 1733 615 1784 sunt
628 1734 657 1786 et
670 1747 811 1803 prospera
825 1732 889 1789 ideo
905 1768 929 1832 B
945 1736 1142 1805 temperemus
1159 1732 1268 1790 omnia.
1280 1733 1334 1790 Per
1348 1733 1550 1791 infirmitatem
1563 1738 1592 1791 et
1605 1735 1770 1793 tribulatio-

61 1814 197 1885 cuueedi,
211 1818 246 1871 ut
260 1815 325 1887 ejus
340 1820 479 1888 appareat
493 1817 603 1890 gratia;
620 1835 684 1891 qua
699 1824 797 1877 autem
813 1820 891 1879 mala
945 1838 1013 1878 nam
1029 1822 1145 1878 duobus
1171 1822 1266 1878 modis
1288 1825 1448 1878 tentemur.
1464 1822 1546 1879 Unus
1571 1823 1689 1895 quidem
1714 1829 1769 1897 ast,

62 1904 395 1962 autumantium
410 1905 551 1978 permitti,
568 1910 601 1963 ut
615 1912 643 1964 et
657 1908 687 1963 in
704 1908 890 1983 illos,uqui-
944 1913 1044 1967 utrum
1067 1927 1116 1967 cas
1142 1927 1194 1983 pru
1223 1910 1349 1983 peccatis
1373 1912 1588 1968 nostrieeDeo
1618 1911 1771 1971 immissas

62 1994 119 2050 bus
135 1993 313 2065 inseruntur,
329 1995 392 2066 ejus
408 2000 546 2068 appareat
561 1996 716 2069 patiemim
732 2002 761 2055 et
773 2002 806 2055 ut
820 1999 888 2072 ipsi,
944 2000 1095 2057 credentes
1111 1999 1255 2072 patienter
1274 1998 1485 2073 sustineamus,
1501 1999 1578 2058 sicut
1591 2002 1646 2058 iob
1661 2000 1770 2075 aliique

61 2083 173 2155 quibus
195 2081 333 2139 eveniunt
355 2084 457 2141 mdcm
472 2083 550 2141 mala
570 2088 599 2142 et
622 2087 753 2155 adversa,
769 2088 794 2144 si
820 2087 888 2144 boni
943 2087 1063 2161 plurimi
1079 2076 1387 2145 sustinueruntssilter
1400 2105 1467 2146 vero
1482 2091 1767 2160 moduseet,utrum

62 2170 133 2243 sint,
148 2171 365 2244 probanturvel
380 2177 572 2243 coronantem
587 2175 611 2231 ei
626 2192 693 2232 vero
706 2175 889 2249 mali,corri-
943 2176 1077 2234 videlicet
1098 2181 1250 2250 sperantes
1274 2178 1304 2233 in
1329 2178 1531 2236 misericordie
1554 2178 1604 2236 Dei
1629 2194 1696 2236 eum
1721 2180 1766 2236 in·

61 2264 173 2335 gantur
186 2260 230 2317 vel
245 2265 430 2318 damnentur.
443 2261 526 2319 Talia
538 2263 673 2336 igiturde
688 2263 746 2321 Deo
761 2266 887 2336 credere,
942 2283 1081 2324 vocemus
1102 2271 1135 2322 ut
1159 2283 1213 2323 nos
1237 2267 1343 2340 eripiat
1366 2267 1402 2323 ab
1428 2268 1530 2324 eadem
1553 2268 1723 2326 infirmitate
1738 2273 1768 2326 et

61 2354 108 2407 eet
121 2350 152 2406 in
167 2349 259 2422 bajus
272 2350 336 2407 viter
352 2351 447 2408 stadio
462 2351 596 2408 celeriter
610 2368 736 2423 currere,
750 2357 837 2427 etque
852 2356 887 2412 ad
942 2354 1142 2413 tribulatione.
1175 2356 1229 2412 Per
1260 2356 1426 2425 sanitatem,
1456 2371 1566 2431 perque
1595 2358 1695 2414 emnia
1722 2359 1768 2414 di-

61 2444 201 2497 etemem
217 2440 342 2513 petriam
359 2439 507 2497 lestinere.
941 2445 1015 2500 vinae
1044 2443 1161 2517 pietatis
1190 2445 1267 2500 dona
1294 2447 1451 2511 tentamur,
1482 2449 1582 2502 utrum
1610 2460 1645 2503 ee
1672 2446 1769 2519 magis

96 2529 193 2586 Sedet
200 2528 256 2586 boe
264 2529 423 2602 unicuique
434 2531 611 2588 credendum
622 2533 699 2605 quod
710 2533 888 2591 inomuibue
942 2534 1036 2590 eidem
1051 2532 1154 2588 divinae
1170 2533 1270 2606 pietati
1286 2549 1376 2606 quam
1392 2533 1502 2590 uostris
1517 2533 1630 2590 meritis
1646 2534 1769 2606 deputa·

62 2618 152 2675 rebus
166 2617 325 2675 temmalis
335 2635 425 2691 quem
434 2619 521 2676 bonis
533 2636 598 2693 ques
612 2621 668 2677 eibi
680 2622 819 2678 eveniunt
828 2625 888 2679 ten·
943 2639 1019 2679 mus.
1034 2623 1087 2679 Per
1102 2638 1136 2678 ea
1154 2638 1222 2679 vero
1245 2622 1322 2679 dona
1345 2638 1409 2694 qua
1434 2621 1505 2679 alios
1530 2621 1637 2680 babere
1660 2639 1768 2696 cogno·

62 2707 887 2784 tetur,quiddeee,velquiddeDeosentiet,etqueli·
940 2711 1037 2769 vimus
1056 2715 1207 2768 tentemur
1234 2715 1333 2767 utrum
1362 2712 1495 2768 eamdam
1525 2711 1660 2785 gretiam,
1677 2728 1768 2785 quem

62 2801 106 2854 ter
119 2796 205 2854 illam
222 2795 333 2872 diligat.
346 2796 428 2855 Unde
440 2796 593 2871 Scriptura
607 2815 689 2856 sacra
704 2799 775 2856 dicit
787 2816 794 2856 ι
806 2801 886 2857 ttttt-
940 2800 1026 2857 nobis
1045 2818 1063 2856 a
1082 2805 1139 2856 Deo
1149 2877 1153 2885 ι
1164 2800 1296 2872 praestari
1320 2805 1468 2874 optemus,
1486 2800 1627 2858 iratribus
1650 2817 1767 2874 quoque

61 2886 627 2961 itautuerutocoottatomtoissoper
641 2890 885 2959 omanorum,
941 2889 1050 2946 nostris
1075 2888 1235 2961 prestitam
1264 2905 1322 2944 non
1361 2889 1556 2946 invideamus.
1584 2889 1658 2948 llam
1684 2889 1767 2946 iecile

63 2978 99 3048 l).
115 2975 292 3049 liujusmodi
304 2980 403 3033 autam
415 2976 536 3033 tentatio
546 2981 606 3034 tam
617 2978 706 3035 variis
717 2978 812 3035 modis
827 2979 886 3052 egi·
939 2976 1074 3048 subrepit
1089 2975 1208 3043 invidia,
1224 2981 1252 3033 et
1276 2976 1360 3049 quasi
1380 2977 1536 3034 devastans
1560 2978 1609 3035 inr
1631 2977 1723 3052 serpit
1735 2977 1767 3034 in

62 3069 155 3122 turut
172 3064 344 3122 abhomine
368 3064 449 3122 nullo
473 3065 597 3139 pleniter
620 3066 756 3140 explicari
780 3067 883 3125 valeat.
939 3064 1044 3121 intima
1065 3070 1174 3133 nostra,
1197 3082 1265 3122 cnm
1290 3064 1438 3139 quoslibet
1460 3066 1545 3123 uobis
1574 3067 1767 3141 sapientiores

63 3154 116 3211 Sed
131 3170 187 3211 noe
212 3152 312 3227 alique
335 3153 383 3210 bic
405 3156 598 3226 proteramus.
615 3160 669 3212 Per
683 3155 783 3213 omnia
807 3155 885 3213 euim
901 3139 923 3206 C
942 3153 1234 3226 esscaguoverimue.
1245 3159 1409 3227 Perpreoes
1420 3159 1535 3211 nostres
1549 3156 1670 3212 minime
1683 3171 1768 3212 esau·

64 3260 125 3317 que
139 3243 275 3300 videmus
293 3246 345 3299 eut
368 3242 517 3310 eudimus,
533 3243 658 3300 iacimus
678 3243 722 3300 vel
748 3244 887 3317 patimur,
943 3243 1019 3299 ditas
1031 3246 1189 3313 tentemur,
1203 3248 1305 3299 utrum
1318 3241 1530 3314 providentiam
1542 3243 1591 3298 Dei
1602 3242 1690 3299 talem
1704 3259 1766 3300 cre-

63 3337 229 3402 teutemur3
244 3336 392 3389 tentamur
415 3332 502 3388 etiam
525 3332 636 3389 laudati
651 3332 694 3390 vel
714 3331 887 3406 vituperati;
942 3333 1048 3389 demus
1063 3347 1138 3403 que,
1152 3332 1251 3387 emnia
1270 3346 1463 3403 prenoscens,
1484 3329 1539 3386 boc
1554 3346 1670 3404 quoque
1693 3330 1768 3387 sciat

61 3425 215 3479 tentamur
229 3436 281 3493 per
292 3420 493 3478 infirmitatem
507 3425 536 3477 et
551 3420 779 3489 tribulationem,
792 3421 888 3495 quali·
943 3422 1061 3495 quando
1076 3421 1161 3477 nobie
1177 3419 1271 3491 prosit
1286 3418 1426 3476 exaudiri.
1439 3419 1469 3476 Si
1480 3419 1558 3475 enim
1569 3419 1656 3492 juxte
1668 3417 1767 3475 vulun-

62 3525 186 3583 eunque
199 3525 289 3566 causa
303 3509 384 3567 uobis
395 3510 554 3567 evenerint.
566 3511 728 3568 lentamur
742 3510 889 3567 nibilomi-
943 3515 1032 3568 tatem
1050 3514 1181 3566 nostram
1192 3509 1304 3584 jugiter
1317 3508 1531 3578 exaudiremur,
1543 3508 1672 3565 maxima
1687 3506 1767 3564 salu-

63 3617 118 3657 aus
133 3597 369 3672 perennitatem,
387 3615 439 3672 per
458 3599 615 3672 omniaque
635 3600 734 3656 diviua
748 3599 889 3657 benellcia
942 3600 981 3656 tia
998 3599 1227 3656 nostradamus
1251 3615 1327 3671 sepe
1352 3602 1527 3671 pateremur.
1544 3598 1598 3673 Per
1612 3596 1769 3654 inhonesta

64 3689 148 3747 nobie
162 3686 281 3746 collate.
296 3688 456 3745 lentamur
472 3705 589 3762 quoque
604 3704 656 3763 per
678 3706 712 3746 ee
735 3690 812 3746 dona
824 3705 888 3762 qua
943 3688 1283 3761 quelibettentemur,si
1296 3686 1657 3760 attendamusqnia,sicut
1669 3685 1770 3743 omnia

65 3777 128 3836 aliie
140 3793 196 3852 per
209 3776 335 3852 gretiam
351 3777 401 3833 Dei
416 3794 554 3835 concessa
570 3778 753 3851 agnovimus.
766 3779 890 3851 Moxque
943 3778 1074 3851 corporis
1090 3777 1182 3834 uestri
1197 3776 1353 3833 inhonesta
1367 3776 1548 3849 operimento
1558 3774 1604 3832 vel
1618 3774 1768 3833 secretiori

65 3866 192 3941 qualiter
203 3865 341 3940 presiate,
355 3865 476 3940 eliaeque
497 3866 586 3924 simul
606 3867 782 3924 tentationes
805 3867 888 3939 liant,
941 3867 1006 3924 loco
1022 3869 1226 3939 conteguntur,
1242 3866 1284 3921 ita
1307 3864 1395 3922 etiam
1417 3864 1634 3922 honestioribus
1658 3864 1768 3947 verbis,

61 3956 144 4027 juxte
159 3953 363 4029 intelligentiae
382 3960 488 4013 nostre
501 3955 578 4011 vires
598 3956 773 4028 aperiemus.
789 3960 842 4013 Per
856 3972 890 4012 ea
944 3955 968 4012 ei
985 3948 1043 4027 qua
1058 3953 1216 4011 necessitas
1232 3953 1360 4027 postulat
1374 3955 1410 4010 de
1425 3954 1467 4010 eis
1483 3953 1575 4026 loqui,
1588 3957 1658 4011 sunt
1672 3957 1770 4010 oonte-

65 4059 193 4117 uemque
206 4061 272 4117 qua
286 4044 422 4101 videmus
441 4047 492 4101 aut
511 4043 658 4117 audimus,
670 4045 741 4117 quia
753 4045 797 4102 vel
813 4047 890 4102 bona
944 4044 1048 4117 ganda.
1067 4043 1120 4098 Per
1140 4042 1312 4115 qualitatem
1328 4043 1482 4100 bominum
1498 4043 1527 4099 in
1543 4059 1640 4100 errore
1663 4042 1768 4100 inside-

65 4138 135 4190 eunt
148 4131 195 4189 eal
208 4133 298 4202 mele,
310 4132 427 4191 duobus
442 4133 537 4189 modis
552 4137 710 4190 tentamur.
722 4134 795 4190 Cum
810 4134 889 4191 enim
944 4132 1035 4189 litatis
1059 4132 1155 4189 adhuc
1175 4132 1424 4204 perseverantium
1439 4137 1597 4200 tentamur,
1614 4131 1639 4188 si
1664 4130 1768 4187 divinae

63 4221 147 4278 bone
159 4219 320 4279 viderimus
335 4226 387 4279 eut
400 4221 592 4289 audierimus,
602 4238 669 4278 mox
684 4238 736 4295 per
749 4238 783 4279 ea
795 4226 890 4280 tenta·
945 4222 1045 4295 pietati
1059 4238 1112 4294 pro
1122 4221 1177 4277 hoc
1188 4221 1297 4294 gratias
1308 4237 1393 4294 agere
1402 4220 1539 4289 velimus,
1550 4220 1627 4293 quod
1639 4236 1693 4277 nos
1707 4224 1768 4276 tam

63 4309 889 4384 mur,eiquidtractemue,qualiterexeieedificemur,
945 4328 997 4384 per
1012 4309 1113 4367 fideles
1138 4314 1377 4383 parentesquam
1407 4327 1457 4383 per
1483 4309 1555 4366 ulios
1584 4325 1674 4366 sacrae
1701 4308 1768 4365 lidei

64 4397 254 4473 qualiterque
264 4399 467 4457 eaimitemur.
478 4400 551 4456 Cum
561 4415 628 4456 vero
639 4398 717 4456 mela
730 4401 891 4459 viderimus
946 4402 1081 4456 doctores
1096 4400 1132 4455 ab
1148 4400 1250 4455 eadem
1269 4398 1440 4455 inlidelitale
1460 4397 1591 4455 retraxit.
1607 4398 1660 4454 Per
1674 4396 1769 4468 quali·

64 4493 121 4545 aet
134 4487 328 4559 audierimus,
340 4505 407 4546 mox
418 4487 611 4545 nibilominus
624 4505 675 4562 per
684 4505 719 4546 ee
731 4493 890 4560 tentamur,
908 4512 930 4578 D
946 4494 1036 4545 latam
1054 4492 1210 4562 parentum
1234 4503 1389 4561 pravorum
1411 4491 1569 4552 tentamur,
1581 4485 1606 4542 si
1620 4484 1771 4542 attendere

63 4578 90 4635 ei
104 4577 144 4635 ab
158 4576 207 4635 bie
220 4595 276 4637 uos
299 4584 397 4636 mente
422 4583 451 4636 et
475 4593 595 4650 corpore
613 4582 790 4647 avertamus,
811 4581 891 4638 omni
946 4577 1080 4650 velimus,
1097 4579 1207 4649 quante
1226 4576 1276 4632 Dei
1302 4576 1397 4649 gratie
1410 4575 1449 4632 sit
1464 4575 1543 4647 quod
1567 4590 1649 4630 sacro
1671 4571 1769 4644 bapti·

63 4665 155 4724 medo
167 4671 306 4724 cavantes
326 4683 363 4724 ne
386 4666 496 4724 similia
519 4666 672 4723 iaciamus.
686 4668 847 4725 'lentamur
861 4670 891 4726 in
947 4670 1041 4723 amate
1053 4664 1145 4721 abluti
1157 4665 1193 4720 ab
1202 4663 1340 4719 omnibus
1351 4663 1520 4719 eorumdem
1529 4659 1770 4735 parentumvitiis

63 4756 114 4815 bie
126 4772 193 4830 que
203 4756 406 4831 iecereetpeti
416 4772 586 4830 possumus,
596 4756 620 4812 si
631 4757 758 4831 prompti
769 4757 891 4831 scimus,
946 4756 1058 4812 erimus
1081 4752 1220 4823 absoluti,
1235 4752 1396 4809 dummodo
1411 4751 1606 4823 nosmetipsos
1621 4750 1651 4806 in
1667 4749 1770 4806 eadem

63 4849 129 4902 im
140 4861 196 4919 pre
205 4846 330 4904 iratrum
341 4851 509 4904 nostrorum
522 4861 611 4917 quem
625 4847 893 4917 pronostrasaluta
946 4845 1016 4901 vitia
1035 4842 1156 4899 minime
1178 4840 1376 4914 implicemus.
1391 4841 1445 4897 Per
1459 4839 1705 4897 irremediabilem
1726 4837 1770 4895 la·

64 4951 102 4993 ee
116 4936 229 5009 operari
245 4940 274 4993 et
297 4935 368 5006 pati,
383 4940 471 5008 prout
492 4933 616 4991 facultas
640 4939 669 4990 et
693 4937 894 4995 convenientia
948 4949 1035 5008 psum
1047 4930 1242 5004 quorumdam
1258 4929 1428 5003 angelorum
1444 4933 1603 4998 tentamur,
1615 4932 1715 4985 utrum
1730 4930 1773 4984 et·

65 5023 224 5099 utriusque
234 5023 544 5100 permittit.Nonsnim
554 5023 793 5081 omuibusuuum
803 5027 893 5083 idem·
948 5022 1103 5080 tendamus
1118 5024 1229 5093 quauta
1251 5019 1303 5075 Dei
1328 5019 1423 5092 gratia
1447 5019 1486 5075 sit
1505 5018 1619 5075 homini
1640 5015 1772 5090 quotidie

66 5128 128 5187 que
140 5129 215 5188 opus
225 5113 370 5173 convenit.
382 5112 501 5171 laudati
516 5110 709 5185 etvitupereti
724 5117 892 5173 tentemur:
948 5110 1080 5184 peccanti
1099 5109 1214 5164 remam
1239 5108 1393 5180 quesitam
1420 5124 1472 5181 pro
1497 5110 1579 5164 reatu
1603 5104 1770 5170 concedere,

68 5200 182 5261 tandm
191 5200 581 5278 quidam,sinobismetipsie
590 5201 658 5272 plus
669 5202 704 5258 de
714 5208 815 5261 nostra
826 5221 895 5277 qua·
949 5197 1188 5271 quandoquidem
1214 5185 1303 5253 iidem
1328 5197 1434 5270 angeli,
1460 5200 1553 5253 semet
1577 5192 1772 5267 superbiendo

66 5288 151 5349 litate
165 5292 284 5350 credere
296 5291 433 5360 velimus,
443 5305 533 5365 quem
543 5288 608 5345 aliis
625 5305 678 5346 nos
693 5291 792 5348 minus
804 5309 893 5366 agno·
950 5287 1036 5361 lapsi,
1054 5303 1111 5343 non
1127 5283 1223 5342 solum
1247 5285 1360 5344 nullam
1374 5286 1490 5343 veniam
1515 5286 1686 5341 meruerunt
1710 5282 1773 5340 edi·

67 5381 238 5453 mattham
251 5380 411 5457 vituperati
424 5379 566 5452 autsm‚ei
581 5380 711 5452 peccatis
727 5381 835 5438 uostris
850 5380 894 5439 vel
950 5377 1034 5452 pisci,
1049 5376 1099 5432 sed
1116 5391 1168 5432 neo
1182 5374 1361 5433 voluntatem
1371 5374 1487 5432 veniam
1502 5369 1688 5446 impetrandi.
1701 5371 1772 5430 Item

68 5467 160 5528 attan
174 5470 317 5547 mjuriam
341 5471 378 5529 ab
403 5467 468 5527 aliie
484 5467 596 5525 illatam
622 5466 745 5525 tolerare
759 5469 894 5541 velimus,
950 5483 1001 5541 per
1014 5466 1131 5523 eosdem
1144 5466 1284 5539 reprobos
1294 5464 1413 5540 angelos
1428 5467 1587 5530 tentamur,
1599 5461 1623 5518 si
1638 5459 1775 5518 videlicet

69 5573 137 5649 geg!
147 5559 297 5643 plurimos
306 5561 436 5623 sciemus
445 5561 592 5618 tormenta
604 5556 734 5618 maxime
742 5558 896 5637 ipsamque
950 5555 1148 5626 attendemus,
1159 5554 1229 5631 quie
1239 5555 1316 5615 sieut
1330 5555 1387 5633 ipsi
1397 5571 1449 5631 per
1458 5550 1627 5631 superbiam
1642 5548 1685 5611 ite
1697 5548 1773 5631 lapsi
