<?xml version="1.0" encoding="UTF-8"?>
<!DOCTYPE html PUBLIC "-//W3C//DTD XHTML 1.0 Transitional//EN"
    "http://www.w3.org/TR/xhtml1/DTD/xhtml1-transitional.dtd">
<html xmlns="http://www.w3.org/1999/xhtml" xml:lang="en" lang="en">
 <head>
  <title>
</title>
<meta http-equiv="Content-Type" content="text/html;charset=utf-8" />
  <meta name='ocr-system' content='tesseract 3.04.00' />
  <meta name='ocr-capabilities' content='ocr_page ocr_carea ocr_par ocr_line ocrx_word'/>
</head>
<body>
  <div class='ocr_page' id='page_1' title='image "./patrologiaecurs01unkngoog_0733.png"; bbox 0 0 3892 6096; ppageno 0'>
   <div class='ocr_carea' id='block_1_1' title="bbox 111 279 1812 363">
    <p class='ocr_par' dir='ltr' id='par_1_1' title="bbox 111 279 1812 363">
     <span class='ocr_line' id='line_1_1' title="bbox 111 279 1812 363; baseline 0.004 -9"><span class='ocrx_word' id='word_1_1' title='bbox 111 290 188 355; x_wconf 77' lang='lat' dir='ltr'>itti</span> <span class='ocrx_word' id='word_1_2' title='bbox 695 279 702 292; x_wconf 72' lang='grc'>’</span> <span class='ocrx_word' id='word_1_3' title='bbox 905 292 1013 356; x_wconf 76' lang='lat' dir='ltr'>virs.</span> <span class='ocrx_word' id='word_1_4' title='bbox 1733 294 1812 363; x_wconf 78' lang='lat' dir='ltr'>ilas</span> 
     </span>
    </p>
   </div>
   <div class='ocr_carea' id='block_1_2' title="bbox 106 422 1814 2187">
    <p class='ocr_par' dir='ltr' id='par_1_2' title="bbox 106 422 1814 2187">
     <span class='ocr_line' id='line_1_2' title="bbox 108 422 1812 503; baseline 0.006 -23"><span class='ocrx_word' id='word_1_5' title='bbox 108 422 245 481; x_wconf 89' lang='lat' dir='ltr'>omnibus</span> <span class='ocrx_word' id='word_1_6' title='bbox 261 423 496 496; x_wconf 76' lang='lat' dir='ltr'>competentibus</span> <span class='ocrx_word' id='word_1_7' title='bbox 511 422 690 498; x_wconf 74' lang='lat' dir='ltr'><strong>adimpletis,</strong></span> <span class='ocrx_word' id='word_1_8' title='bbox 707 424 881 499; x_wconf 72' lang='lat' dir='ltr'><strong>properabat</strong></span> <span class='ocrx_word' id='word_1_9' title='bbox 891 424 927 482; x_wconf 90' lang='lat' dir='ltr'>ad</span> <span class='ocrx_word' id='word_1_10' title='bbox 942 430 968 490; x_wconf 81' lang='grc' dir='ltr'><strong>Α</strong></span> <span class='ocrx_word' id='word_1_11' title='bbox 983 443 1053 486; x_wconf 93' lang='lat' dir='ltr'>suos</span> <span class='ocrx_word' id='word_1_12' title='bbox 1070 428 1283 502; x_wconf 85' lang='lat' dir='ltr'>compatriotas</span> <span class='ocrx_word' id='word_1_13' title='bbox 1298 444 1350 503; x_wconf 91' lang='lat' dir='ltr'>per</span> <span class='ocrx_word' id='word_1_14' title='bbox 1364 425 1464 486; x_wconf 90' lang='lat' dir='ltr'>omnia</span> <span class='ocrx_word' id='word_1_15' title='bbox 1476 426 1592 497; x_wconf 82' lang='lat' dir='ltr'>olarus;</span> <span class='ocrx_word' id='word_1_16' title='bbox 1611 426 1658 486; x_wconf 88' lang='lat' dir='ltr'>oui</span> <span class='ocrx_word' id='word_1_17' title='bbox 1669 427 1812 502; x_wconf 81' lang='lat' dir='ltr'>quoniam</span> 
     </span>
     <span class='ocr_line' id='line_1_3' title="bbox 108 513 1811 594; baseline 0.005 -24"><span class='ocrx_word' id='word_1_18' title='bbox 108 530 194 570; x_wconf 89' lang='lat' dir='ltr'>suam</span> <span class='ocrx_word' id='word_1_19' title='bbox 209 513 358 571; x_wconf 86' lang='lat' dir='ltr'>civitatem</span> <span class='ocrx_word' id='word_1_20' title='bbox 370 513 485 570; x_wconf 88' lang='lat' dir='ltr'>reverti.</span> <span class='ocrx_word' id='word_1_21' title='bbox 985 517 1031 574; x_wconf 92' lang='lat' dir='ltr'>sui</span> <span class='ocrx_word' id='word_1_22' title='bbox 1042 517 1120 588; x_wconf 84' lang='lat' dir='ltr'>juris</span> <span class='ocrx_word' id='word_1_23' title='bbox 1130 517 1159 573; x_wconf 92' lang='lat' dir='ltr'>id</span> <span class='ocrx_word' id='word_1_24' title='bbox 1170 522 1242 590; x_wconf 92' lang='lat' dir='ltr'>erat,</span> <span class='ocrx_word' id='word_1_25' title='bbox 1254 520 1290 576; x_wconf 91' lang='lat' dir='ltr'>de</span> <span class='ocrx_word' id='word_1_26' title='bbox 1304 516 1516 591; x_wconf 76' lang='lat' dir='ltr'>prenominata</span> <span class='ocrx_word' id='word_1_27' title='bbox 1535 534 1587 591; x_wconf 89' lang='lat' dir='ltr'>per</span> <span class='ocrx_word' id='word_1_28' title='bbox 1608 518 1729 577; x_wconf 89' lang='lat' dir='ltr'>idoneas</span> <span class='ocrx_word' id='word_1_29' title='bbox 1743 535 1811 594; x_wconf 83' lang='lat' dir='ltr'>per·</span> 
     </span>
     <span class='ocr_line' id='line_1_4' title="bbox 416 606 1809 682; baseline 0.006 -21"><span class='ocrx_word' id='word_1_30' title='bbox 416 620 530 677; x_wconf 73' lang='lat' dir='ltr'>quUT</span> <span class='ocrx_word' id='word_1_31' title='bbox 549 621 621 678; x_wconf 63' lang='lat' dir='ltr'>xlv,</span> <span class='ocrx_word' id='word_1_32' title='bbox 985 624 1073 664; x_wconf 88' lang='lat' dir='ltr'>eones</span> <span class='ocrx_word' id='word_1_33' title='bbox 1088 606 1226 664; x_wconf 82' lang='lat' dir='ltr'>electione</span> <span class='ocrx_word' id='word_1_34' title='bbox 1242 607 1420 682; x_wconf 80' lang='lat' dir='ltr'>suggeritur,</span> <span class='ocrx_word' id='word_1_35' title='bbox 1432 624 1552 681; x_wconf 79' lang='lat' dir='ltr'>sueque</span> <span class='ocrx_word' id='word_1_36' title='bbox 1561 607 1809 669; x_wconf 76' lang='lat' dir='ltr'>corroborationis</span> 
     </span>
     <span class='ocr_line' id='line_1_5' title="bbox 135 695 1812 784; baseline 0.002 -17"><span class='ocrx_word' id='word_1_37' title='bbox 135 710 185 767; x_wconf 85' lang='lat' dir='ltr'>ilbi</span> <span class='ocrx_word' id='word_1_38' title='bbox 198 712 316 767; x_wconf 80' lang='lat' dir='ltr'>loannes</span> <span class='ocrx_word' id='word_1_39' title='bbox 330 710 472 766; x_wconf 82' lang='lat' dir='ltr'>ecclesiam</span> <span class='ocrx_word' id='word_1_40' title='bbox 487 710 514 765; x_wconf 88' lang='lat' dir='ltr'>S.</span> <span class='ocrx_word' id='word_1_41' title='bbox 530 711 624 766; x_wconf 75' lang='lat' dir='ltr'>ilaris</span> <span class='ocrx_word' id='word_1_42' title='bbox 637 720 662 767; x_wconf 87' lang='lat' dir='ltr'>et</span> <span class='ocrx_word' id='word_1_43' title='bbox 677 713 774 768; x_wconf 84' lang='lat' dir='ltr'>aelam</span> <span class='ocrx_word' id='word_1_44' title='bbox 788 713 906 784; x_wconf 81' lang='lat' dir='ltr'>episcope</span> <span class='ocrx_word' id='word_1_45' title='bbox 986 695 1812 770; x_wconf 62' lang='lat' dir='ltr'>⁸¹¹⁰i⁰iiifl⁸suppliciifliimlilfflilffi0Pi⁸⁰⁰i&gt;⁰fflm⁰⁰m·</span> 
     </span>
     <span class='ocr_line' id='line_1_6' title="bbox 195 782 1811 861; baseline 0.006 -24"><span class='ocrx_word' id='word_1_46' title='bbox 195 782 310 849; x_wconf 80' lang='lat' dir='ltr'>incedit,</span> <span class='ocrx_word' id='word_1_47' title='bbox 327 785 352 837; x_wconf 86' lang='lat' dir='ltr'>et</span> <span class='ocrx_word' id='word_1_48' title='bbox 364 786 444 837; x_wconf 75' lang='lat' dir='ltr'>extra</span> <span class='ocrx_word' id='word_1_49' title='bbox 456 785 551 853; x_wconf 83' lang='lat' dir='ltr'>portae</span> <span class='ocrx_word' id='word_1_50' title='bbox 565 784 643 838; x_wconf 84' lang='lat' dir='ltr'>urbia</span> <span class='ocrx_word' id='word_1_51' title='bbox 657 799 720 839; x_wconf 84' lang='lat' dir='ltr'>eum</span> <span class='ocrx_word' id='word_1_52' title='bbox 733 783 846 840; x_wconf 79' lang='lat' dir='ltr'>claudit.</span> <span class='ocrx_word' id='word_1_53' title='bbox 986 784 1209 857; x_wconf 85' lang='lat' dir='ltr'>provincialium</span> <span class='ocrx_word' id='word_1_54' title='bbox 1219 787 1411 861; x_wconf 85' lang='lat' dir='ltr'>subjungitur</span> <span class='ocrx_word' id='word_1_55' title='bbox 1421 785 1586 859; x_wconf 85' lang='lat' dir='ltr'>epistolaris</span> <span class='ocrx_word' id='word_1_56' title='bbox 1597 786 1811 854; x_wconf 74' lang='lat' dir='ltr'>assensus,er</span> 
     </span>
     <span class='ocr_line' id='line_1_7' title="bbox 146 871 1811 948; baseline 0.004 -22"><span class='ocrx_word' id='word_1_57' title='bbox 146 872 449 942; x_wconf 81' lang='lat' dir='ltr'>Famapraecurrente,</span> <span class='ocrx_word' id='word_1_58' title='bbox 462 871 727 928; x_wconf 73' lang='lat' dir='ltr'>nuntiatur-loanni</span> <span class='ocrx_word' id='word_1_59' title='bbox 737 871 932 944; x_wconf 89' lang='lat' dir='ltr'>quodiaclum</span> <span class='ocrx_word' id='word_1_60' title='bbox 987 872 1083 945; x_wconf 89' lang='lat' dir='ltr'>atique</span> <span class='ocrx_word' id='word_1_61' title='bbox 1098 874 1245 947; x_wconf 82' lang='lat' dir='ltr'>pontificis</span> <span class='ocrx_word' id='word_1_62' title='bbox 1269 875 1332 931; x_wconf 88' lang='lat' dir='ltr'>dies</span> <span class='ocrx_word' id='word_1_63' title='bbox 1347 874 1575 933; x_wconf 86' lang='lat' dir='ltr'>consecrationis</span> <span class='ocrx_word' id='word_1_64' title='bbox 1599 874 1760 948; x_wconf 82' lang='lat' dir='ltr'>requiritur</span> <span class='ocrx_word' id='word_1_65' title='bbox 1774 875 1811 933; x_wconf 85' lang='lat' dir='ltr'>ab</span> 
     </span>
     <span class='ocr_line' id='line_1_8' title="bbox 108 960 1814 1037; baseline 0.004 -21"><span class='ocrx_word' id='word_1_66' title='bbox 108 960 225 1028; x_wconf 84' lang='lat' dir='ltr'>iuerat;</span> <span class='ocrx_word' id='word_1_67' title='bbox 244 976 304 1031; x_wconf 88' lang='lat' dir='ltr'>qua</span> <span class='ocrx_word' id='word_1_68' title='bbox 319 960 354 1015; x_wconf 90' lang='lat' dir='ltr'>de</span> <span class='ocrx_word' id='word_1_69' title='bbox 367 976 456 1016; x_wconf 89' lang='lat' dir='ltr'>causa</span> <span class='ocrx_word' id='word_1_70' title='bbox 480 960 604 1016; x_wconf 90' lang='lat' dir='ltr'>nimium</span> <span class='ocrx_word' id='word_1_71' title='bbox 621 961 795 1032; x_wconf 88' lang='lat' dir='ltr'>perterritus</span> <span class='ocrx_word' id='word_1_72' title='bbox 824 961 932 1035; x_wconf 88' lang='lat' dir='ltr'>diuque</span> <span class='ocrx_word' id='word_1_73' title='bbox 987 962 1134 1020; x_wconf 92' lang='lat' dir='ltr'>omnibus.</span> <span class='ocrx_word' id='word_1_74' title='bbox 1150 963 1256 1020; x_wconf 76' lang='lat' dir='ltr'>Audita</span> <span class='ocrx_word' id='word_1_75' title='bbox 1266 964 1419 1020; x_wconf 88' lang='lat' dir='ltr'>Remensis</span> <span class='ocrx_word' id='word_1_76' title='bbox 1430 963 1673 1037; x_wconf 85' lang='lat' dir='ltr'>metropolitanus</span> <span class='ocrx_word' id='word_1_77' title='bbox 1687 968 1748 1022; x_wconf 89' lang='lat' dir='ltr'>tam</span> <span class='ocrx_word' id='word_1_78' title='bbox 1762 980 1814 1022; x_wconf 91' lang='lat' dir='ltr'>re·</span> 
     </span>
     <span class='ocr_line' id='line_1_9' title="bbox 108 1047 1813 1127; baseline 0.005 -23"><span class='ocrx_word' id='word_1_79' title='bbox 108 1052 224 1121; x_wconf 91' lang='lat' dir='ltr'>reputat</span> <span class='ocrx_word' id='word_1_80' title='bbox 241 1047 312 1119; x_wconf 91' lang='lat' dir='ltr'>quid</span> <span class='ocrx_word' id='word_1_81' title='bbox 325 1048 400 1104; x_wconf 88' lang='lat' dir='ltr'>iactu</span> <span class='ocrx_word' id='word_1_82' title='bbox 420 1065 494 1120; x_wconf 92' lang='lat' dir='ltr'>opus</span> <span class='ocrx_word' id='word_1_83' title='bbox 509 1047 566 1116; x_wconf 85' lang='lat' dir='ltr'>sit;</span> <span class='ocrx_word' id='word_1_84' title='bbox 584 1054 685 1121; x_wconf 83' lang='lat' dir='ltr'>postes</span> <span class='ocrx_word' id='word_1_85' title='bbox 708 1050 770 1104; x_wconf 88' lang='lat' dir='ltr'>suis</span> <span class='ocrx_word' id='word_1_86' title='bbox 795 1049 824 1104; x_wconf 92' lang='lat' dir='ltr'>in</span> <span class='ocrx_word' id='word_1_87' title='bbox 841 1066 932 1106; x_wconf 91' lang='lat' dir='ltr'>unum</span> <span class='ocrx_word' id='word_1_88' title='bbox 987 1051 1092 1125; x_wconf 88' lang='lat' dir='ltr'>ligiosa</span> <span class='ocrx_word' id='word_1_89' title='bbox 1114 1056 1235 1124; x_wconf 86' lang='lat' dir='ltr'>tamque</span> <span class='ocrx_word' id='word_1_90' title='bbox 1260 1051 1366 1109; x_wconf 84' lang='lat' dir='ltr'>celebri</span> <span class='ocrx_word' id='word_1_91' title='bbox 1389 1051 1541 1121; x_wconf 88' lang='lat' dir='ltr'>electione,</span> <span class='ocrx_word' id='word_1_92' title='bbox 1561 1052 1813 1127; x_wconf 80' lang='lat' dir='ltr'>consideratisque</span> 
     </span>
     <span class='ocr_line' id='line_1_10' title="bbox 106 1136 1811 1216; baseline 0.004 -22"><span class='ocrx_word' id='word_1_93' title='bbox 106 1136 314 1194; x_wconf 88' lang='lat' dir='ltr'>coactisanimi</span> <span class='ocrx_word' id='word_1_94' title='bbox 325 1137 814 1209; x_wconf 85' lang='lat' dir='ltr'>suisecretumrevelat,aiiirmans</span> <span class='ocrx_word' id='word_1_95' title='bbox 825 1139 933 1196; x_wconf 90' lang='lat' dir='ltr'>domno</span> <span class='ocrx_word' id='word_1_96' title='bbox 987 1140 1041 1196; x_wconf 89' lang='lat' dir='ltr'>viri</span> <span class='ocrx_word' id='word_1_97' title='bbox 1068 1140 1237 1208; x_wconf 90' lang='lat' dir='ltr'>virtutibus,</span> <span class='ocrx_word' id='word_1_98' title='bbox 1254 1141 1304 1198; x_wconf 90' lang='lat' dir='ltr'>Dei</span> <span class='ocrx_word' id='word_1_99' title='bbox 1324 1141 1557 1198; x_wconf 87' lang='lat' dir='ltr'>munificentiam</span> <span class='ocrx_word' id='word_1_100' title='bbox 1580 1141 1680 1198; x_wconf 89' lang='lat' dir='ltr'>laudnt</span> <span class='ocrx_word' id='word_1_101' title='bbox 1695 1145 1724 1199; x_wconf 89' lang='lat' dir='ltr'>et</span> <span class='ocrx_word' id='word_1_102' title='bbox 1737 1142 1811 1216; x_wconf 82' lang='lat' dir='ltr'>ipse.</span> 
     </span>
     <span class='ocr_line' id='line_1_11' title="bbox 109 1225 1813 1304; baseline 0.005 -23"><span class='ocrx_word' id='word_1_103' title='bbox 109 1226 253 1282; x_wconf 85' lang='lat' dir='ltr'>bietberto</span> <span class='ocrx_word' id='word_1_104' title='bbox 270 1225 385 1281; x_wconf 91' lang='lat' dir='ltr'>nullum</span> <span class='ocrx_word' id='word_1_105' title='bbox 401 1226 525 1282; x_wconf 89' lang='lat' dir='ltr'>civitatis</span> <span class='ocrx_word' id='word_1_106' title='bbox 546 1227 697 1283; x_wconf 86' lang='lat' dir='ltr'>introitum</span> <span class='ocrx_word' id='word_1_107' title='bbox 722 1229 860 1300; x_wconf 77' lang='lat' dir='ltr'>praebere,</span> <span class='ocrx_word' id='word_1_108' title='bbox 876 1226 934 1284; x_wconf 91' lang='lat' dir='ltr'>nisi</span> <span class='ocrx_word' id='word_1_109' title='bbox 990 1229 1097 1286; x_wconf 88' lang='lat' dir='ltr'>Deinde</span> <span class='ocrx_word' id='word_1_110' title='bbox 1112 1229 1454 1301; x_wconf 87' lang='lat' dir='ltr'>constitutodielocoque</span> <span class='ocrx_word' id='word_1_111' title='bbox 1468 1229 1603 1304; x_wconf 87' lang='lat' dir='ltr'>dirigitur</span> <span class='ocrx_word' id='word_1_112' title='bbox 1611 1229 1737 1303; x_wconf 86' lang='lat' dir='ltr'>epistola</span> <span class='ocrx_word' id='word_1_113' title='bbox 1747 1246 1813 1304; x_wconf 78' lang='lat' dir='ltr'>ques</span> 
     </span>
     <span class='ocr_line' id='line_1_12' title="bbox 110 1313 1811 1390; baseline 0.002 -17"><span class='ocrx_word' id='word_1_114' title='bbox 110 1315 166 1373; x_wconf 90' lang='lat' dir='ltr'>sibi</span> <span class='ocrx_word' id='word_1_115' title='bbox 182 1313 398 1371; x_wconf 86' lang='lat' dir='ltr'>castellaturam</span> <span class='ocrx_word' id='word_1_116' title='bbox 419 1331 508 1386; x_wconf 90' lang='lat' dir='ltr'>quam</span> <span class='ocrx_word' id='word_1_117' title='bbox 533 1316 681 1371; x_wconf 88' lang='lat' dir='ltr'>ambiebat</span> <span class='ocrx_word' id='word_1_118' title='bbox 705 1316 786 1388; x_wconf 92' lang='lat' dir='ltr'>prius</span> <span class='ocrx_word' id='word_1_119' title='bbox 811 1316 935 1373; x_wconf 81' lang='lat' dir='ltr'>volucrit</span> <span class='ocrx_word' id='word_1_120' title='bbox 988 1318 1632 1390; x_wconf 84' lang='lat' dir='ltr'>peternecommoueatbietbertumlevltam</span> <span class='ocrx_word' id='word_1_121' title='bbox 1662 1334 1720 1375; x_wconf 91' lang='lat' dir='ltr'>non</span> <span class='ocrx_word' id='word_1_122' title='bbox 1743 1323 1811 1377; x_wconf 85' lang='lat' dir='ltr'>tan·</span> 
     </span>
     <span class='ocr_line' id='line_1_13' title="bbox 110 1400 1811 1482; baseline 0.004 -23"><span class='ocrx_word' id='word_1_123' title='bbox 110 1403 189 1459; x_wconf 89' lang='lat' dir='ltr'>dare.</span> <span class='ocrx_word' id='word_1_124' title='bbox 220 1400 283 1458; x_wconf 83' lang='lat' dir='ltr'>Tali</span> <span class='ocrx_word' id='word_1_125' title='bbox 316 1402 438 1458; x_wconf 90' lang='lat' dir='ltr'>consilio</span> <span class='ocrx_word' id='word_1_126' title='bbox 477 1409 599 1460; x_wconf 90' lang='lat' dir='ltr'>matrem</span> <span class='ocrx_word' id='word_1_127' title='bbox 626 1403 780 1460; x_wconf 87' lang='lat' dir='ltr'>ecclesiam</span> <span class='ocrx_word' id='word_1_128' title='bbox 809 1403 933 1461; x_wconf 81' lang='lat' dir='ltr'>domina</span> <span class='ocrx_word' id='word_1_129' title='bbox 988 1405 1811 1482; x_wconf 82' lang='lat' dir='ltr'>tummodoprobatumascenderegradum,quinpotius</span> 
     </span>
     <span class='ocr_line' id='line_1_14' title="bbox 109 1492 1812 1570; baseline 0.003 -22"><span class='ocrx_word' id='word_1_130' title='bbox 109 1497 214 1548; x_wconf 82' lang='lat' dir='ltr'>nostru</span> <span class='ocrx_word' id='word_1_131' title='bbox 228 1496 335 1547; x_wconf 79' lang='lat' dir='ltr'>saneta</span> <span class='ocrx_word' id='word_1_132' title='bbox 362 1492 458 1547; x_wconf 82' lang='lat' dir='ltr'>Marias</span> <span class='ocrx_word' id='word_1_133' title='bbox 473 1492 615 1550; x_wconf 90' lang='lat' dir='ltr'>violenter</span> <span class='ocrx_word' id='word_1_134' title='bbox 639 1493 756 1563; x_wconf 90' lang='lat' dir='ltr'>invasit,</span> <span class='ocrx_word' id='word_1_135' title='bbox 781 1498 810 1549; x_wconf 93' lang='lat' dir='ltr'>et</span> <span class='ocrx_word' id='word_1_136' title='bbox 833 1493 934 1564; x_wconf 87' lang='lat' dir='ltr'>ejectis</span> <span class='ocrx_word' id='word_1_137' title='bbox 988 1495 1141 1568; x_wconf 86' lang='lat' dir='ltr'>regiminis</span> <span class='ocrx_word' id='word_1_138' title='bbox 1153 1495 1506 1568; x_wconf 76' lang='lat' dir='ltr'>presulatumPurautur</span> <span class='ocrx_word' id='word_1_139' title='bbox 1520 1496 1642 1552; x_wconf 87' lang='lat' dir='ltr'>comites</span> <span class='ocrx_word' id='word_1_140' title='bbox 1655 1499 1684 1553; x_wconf 91' lang='lat' dir='ltr'>et</span> <span class='ocrx_word' id='word_1_141' title='bbox 1697 1495 1812 1570; x_wconf 87' lang='lat' dir='ltr'>impen-</span> 
     </span>
     <span class='ocr_line' id='line_1_15' title="bbox 109 1580 1811 1656; baseline 0.004 -19"><span class='ocrx_word' id='word_1_142' title='bbox 109 1580 222 1637; x_wconf 90' lang='lat' dir='ltr'>cleriais</span> <span class='ocrx_word' id='word_1_143' title='bbox 251 1581 406 1637; x_wconf 87' lang='lat' dir='ltr'>thesauros</span> <span class='ocrx_word' id='word_1_144' title='bbox 430 1580 558 1638; x_wconf 79' lang='lat' dir='ltr'>ecclesiae</span> <span class='ocrx_word' id='word_1_145' title='bbox 583 1587 612 1638; x_wconf 90' lang='lat' dir='ltr'>et</span> <span class='ocrx_word' id='word_1_146' title='bbox 636 1583 832 1654; x_wconf 89' lang='lat' dir='ltr'>quodcunque</span> <span class='ocrx_word' id='word_1_147' title='bbox 856 1583 933 1640; x_wconf 89' lang='lat' dir='ltr'>intro</span> <span class='ocrx_word' id='word_1_148' title='bbox 988 1600 1040 1650; x_wconf 73' lang='lat' dir='ltr'>see,</span> <span class='ocrx_word' id='word_1_149' title='bbox 1056 1585 1216 1656; x_wconf 88' lang='lat' dir='ltr'>suscipitur</span> <span class='ocrx_word' id='word_1_150' title='bbox 1229 1586 1313 1641; x_wconf 87' lang='lat' dir='ltr'>labor</span> <span class='ocrx_word' id='word_1_151' title='bbox 1325 1584 1451 1653; x_wconf 88' lang='lat' dir='ltr'>itineris,</span> <span class='ocrx_word' id='word_1_152' title='bbox 1467 1600 1504 1640; x_wconf 90' lang='lat' dir='ltr'>ne</span> <span class='ocrx_word' id='word_1_153' title='bbox 1518 1583 1564 1641; x_wconf 85' lang='lat' dir='ltr'>vel</span> <span class='ocrx_word' id='word_1_154' title='bbox 1580 1584 1630 1641; x_wconf 86' lang='lat' dir='ltr'>Dei</span> <span class='ocrx_word' id='word_1_155' title='bbox 1642 1583 1687 1641; x_wconf 86' lang='lat' dir='ltr'>vei</span> <span class='ocrx_word' id='word_1_156' title='bbox 1703 1588 1811 1643; x_wconf 80' lang='lat' dir='ltr'>metro·</span> 
     </span>
     <span class='ocr_line' id='line_1_16' title="bbox 107 1669 1813 1747; baseline 0.004 -22"><span class='ocrx_word' id='word_1_157' title='bbox 107 1669 308 1742; x_wconf 71' lang='lat' dir='ltr'>repentens</span> <span class='ocrx_word' id='word_1_158' title='bbox 332 1669 436 1725; x_wconf 90' lang='lat' dir='ltr'>ditioni</span> <span class='ocrx_word' id='word_1_159' title='bbox 460 1670 646 1742; x_wconf 80' lang='lat' dir='ltr'>mancipavit,</span> <span class='ocrx_word' id='word_1_160' title='bbox 674 1670 842 1743; x_wconf 81' lang='lat' dir='ltr'>militesque</span> <span class='ocrx_word' id='word_1_161' title='bbox 864 1687 934 1727; x_wconf 90' lang='lat' dir='ltr'>suos</span> <span class='ocrx_word' id='word_1_162' title='bbox 989 1672 1111 1744; x_wconf 89' lang='lat' dir='ltr'>politani</span> <span class='ocrx_word' id='word_1_163' title='bbox 1125 1672 1259 1730; x_wconf 88' lang='lat' dir='ltr'>videatur</span> <span class='ocrx_word' id='word_1_164' title='bbox 1276 1674 1462 1745; x_wconf 75' lang='lat' dir='ltr'>jussionibus</span> <span class='ocrx_word' id='word_1_165' title='bbox 1477 1673 1643 1743; x_wconf 89' lang='lat' dir='ltr'>contraire;</span> <span class='ocrx_word' id='word_1_166' title='bbox 1667 1678 1813 1747; x_wconf 86' lang='lat' dir='ltr'>peragunt</span> 
     </span>
     <span class='ocr_line' id='line_1_17' title="bbox 110 1757 1812 1858; baseline 0.006 -47"><span class='ocrx_word' id='word_1_167' title='bbox 110 1762 239 1812; x_wconf 89' lang='lat' dir='ltr'>armatos</span> <span class='ocrx_word' id='word_1_168' title='bbox 253 1757 325 1811; x_wconf 91' lang='lat' dir='ltr'>inihi</span> <span class='ocrx_word' id='word_1_169' title='bbox 336 1758 452 1827; x_wconf 90' lang='lat' dir='ltr'>posuit;</span> <span class='ocrx_word' id='word_1_170' title='bbox 469 1757 567 1813; x_wconf 87' lang='lat' dir='ltr'>aulam</span> <span class='ocrx_word' id='word_1_171' title='bbox 582 1758 780 1829; x_wconf 86' lang='lat' dir='ltr'>pontificalem</span> <span class='ocrx_word' id='word_1_172' title='bbox 788 1759 933 1831; x_wconf 89' lang='lat' dir='ltr'>superbus</span> <span class='ocrx_word' id='word_1_173' title='bbox 948 1792 972 1858; x_wconf 79' lang='grc' dir='ltr'><strong>Β</strong></span> <span class='ocrx_word' id='word_1_174' title='bbox 988 1765 1144 1832; x_wconf 87' lang='lat' dir='ltr'>augustam</span> <span class='ocrx_word' id='word_1_175' title='bbox 1155 1761 1340 1834; x_wconf 82' lang='lat' dir='ltr'>legationem,</span> <span class='ocrx_word' id='word_1_176' title='bbox 1351 1762 1596 1836; x_wconf 89' lang='lat' dir='ltr'>mansionemque</span> <span class='ocrx_word' id='word_1_177' title='bbox 1606 1761 1706 1835; x_wconf 81' lang='lat' dir='ltr'>primes</span> <span class='ocrx_word' id='word_1_178' title='bbox 1716 1761 1812 1822; x_wconf 80' lang='lat' dir='ltr'>noctis</span> 
     </span>
     <span class='ocr_line' id='line_1_18' title="bbox 108 1843 1812 1922; baseline 0.006 -24"><span class='ocrx_word' id='word_1_179' title='bbox 108 1843 238 1915; x_wconf 87' lang='lat' dir='ltr'>intravit,</span> <span class='ocrx_word' id='word_1_180' title='bbox 266 1859 385 1899; x_wconf 79' lang='lat' dir='ltr'>uxorem</span> <span class='ocrx_word' id='word_1_181' title='bbox 400 1860 484 1900; x_wconf 88' lang='lat' dir='ltr'>suam</span> <span class='ocrx_word' id='word_1_182' title='bbox 500 1846 530 1899; x_wconf 94' lang='lat' dir='ltr'>in</span> <span class='ocrx_word' id='word_1_183' title='bbox 554 1861 699 1901; x_wconf 90' lang='lat' dir='ltr'>cameram</span> <span class='ocrx_word' id='word_1_184' title='bbox 723 1846 871 1918; x_wconf 86' lang='lat' dir='ltr'>pontilicis</span> <span class='ocrx_word' id='word_1_185' title='bbox 885 1845 930 1902; x_wconf 91' lang='lat' dir='ltr'>in·</span> <span class='ocrx_word' id='word_1_186' title='bbox 987 1852 1137 1904; x_wconf 68' lang='lat' dir='ltr'>memntnr</span> <span class='ocrx_word' id='word_1_187' title='bbox 1151 1849 1228 1921; x_wconf 87' lang='lat' dir='ltr'>apud</span> <span class='ocrx_word' id='word_1_188' title='bbox 1244 1849 1429 1906; x_wconf 87' lang='lat' dir='ltr'>Laudunum.</span> <span class='ocrx_word' id='word_1_189' title='bbox 1446 1849 1575 1922; x_wconf 88' lang='lat' dir='ltr'>Suscipit</span> <span class='ocrx_word' id='word_1_190' title='bbox 1588 1849 1707 1907; x_wconf 85' lang='lat' dir='ltr'>levitam</span> <span class='ocrx_word' id='word_1_191' title='bbox 1731 1848 1812 1908; x_wconf 70' lang='lat' dir='ltr'>lote-</span> 
     </span>
     <span class='ocr_line' id='line_1_19' title="bbox 107 1932 1806 2010; baseline 0.005 -24"><span class='ocrx_word' id='word_1_192' title='bbox 107 1932 275 2002; x_wconf 88' lang='lat' dir='ltr'>troduocns,</span> <span class='ocrx_word' id='word_1_193' title='bbox 284 1935 468 2005; x_wconf 87' lang='lat' dir='ltr'>stratumque</span> <span class='ocrx_word' id='word_1_194' title='bbox 478 1949 566 1988; x_wconf 92' lang='lat' dir='ltr'>suum</span> <span class='ocrx_word' id='word_1_195' title='bbox 578 1933 608 1989; x_wconf 92' lang='lat' dir='ltr'>in</span> <span class='ocrx_word' id='word_1_196' title='bbox 619 1932 692 1990; x_wconf 91' lang='lat' dir='ltr'>lecto</span> <span class='ocrx_word' id='word_1_197' title='bbox 705 1934 853 2006; x_wconf 90' lang='lat' dir='ltr'>pontilicis</span> <span class='ocrx_word' id='word_1_198' title='bbox 864 1934 931 1992; x_wconf 86' lang='lat' dir='ltr'>iecit</span> <span class='ocrx_word' id='word_1_199' title='bbox 984 1937 1085 1993; x_wconf 92' lang='lat' dir='ltr'>hunda</span> <span class='ocrx_word' id='word_1_200' title='bbox 1099 1937 1269 2009; x_wconf 89' lang='lat' dir='ltr'>Laudunus,</span> <span class='ocrx_word' id='word_1_201' title='bbox 1285 1942 1314 1993; x_wconf 91' lang='lat' dir='ltr'>ct</span> <span class='ocrx_word' id='word_1_202' title='bbox 1323 1939 1391 2009; x_wconf 86' lang='lat' dir='ltr'>jure</span> <span class='ocrx_word' id='word_1_203' title='bbox 1404 1938 1520 1995; x_wconf 85' lang='lat' dir='ltr'>iovebst</span> <span class='ocrx_word' id='word_1_204' title='bbox 1532 1937 1664 2010; x_wconf 86' lang='lat' dir='ltr'>hospitii,</span> <span class='ocrx_word' id='word_1_205' title='bbox 1680 1951 1806 2010; x_wconf 79' lang='lat' dir='ltr'>moxque</span> 
     </span>
     <span class='ocr_line' id='line_1_20' title="bbox 107 2019 1807 2098; baseline 0.004 -22"><span class='ocrx_word' id='word_1_206' title='bbox 107 2021 215 2093; x_wconf 90' lang='lat' dir='ltr'>parari,</span> <span class='ocrx_word' id='word_1_207' title='bbox 231 2019 347 2094; x_wconf 89' lang='lat' dir='ltr'>sibique</span> <span class='ocrx_word' id='word_1_208' title='bbox 361 2025 391 2077; x_wconf 89' lang='lat' dir='ltr'>et</span> <span class='ocrx_word' id='word_1_209' title='bbox 413 2019 589 2077; x_wconf 89' lang='lat' dir='ltr'>satellitibus</span> <span class='ocrx_word' id='word_1_210' title='bbox 613 2023 676 2079; x_wconf 89' lang='lat' dir='ltr'>suis</span> <span class='ocrx_word' id='word_1_211' title='bbox 702 2023 738 2079; x_wconf 91' lang='lat' dir='ltr'>de</span> <span class='ocrx_word' id='word_1_212' title='bbox 761 2022 930 2096; x_wconf 91' lang='lat' dir='ltr'>sumptibus</span> <span class='ocrx_word' id='word_1_213' title='bbox 984 2041 1164 2098; x_wconf 88' lang='lat' dir='ltr'>praecessura</span> <span class='ocrx_word' id='word_1_214' title='bbox 1178 2042 1245 2082; x_wconf 92' lang='lat' dir='ltr'>cum</span> <span class='ocrx_word' id='word_1_215' title='bbox 1258 2025 1377 2098; x_wconf 80' lang='lat' dir='ltr'>hymnis</span> <span class='ocrx_word' id='word_1_216' title='bbox 1392 2029 1421 2083; x_wconf 92' lang='lat' dir='ltr'>et</span> <span class='ocrx_word' id='word_1_217' title='bbox 1434 2025 1584 2095; x_wconf 88' lang='lat' dir='ltr'>laudibus,</span> <span class='ocrx_word' id='word_1_218' title='bbox 1600 2024 1681 2084; x_wconf 89' lang='lat' dir='ltr'>cultu</span> <span class='ocrx_word' id='word_1_219' title='bbox 1696 2030 1725 2084; x_wconf 87' lang='lat' dir='ltr'>et</span> <span class='ocrx_word' id='word_1_220' title='bbox 1737 2024 1807 2084; x_wconf 83' lang='lat' dir='ltr'>reli·</span> 
     </span>
     <span class='ocr_line' id='line_1_21' title="bbox 106 2109 1561 2187; baseline 0.004 -23"><span class='ocrx_word' id='word_1_221' title='bbox 106 2109 235 2182; x_wconf 89' lang='lat' dir='ltr'>episcopi</span> <span class='ocrx_word' id='word_1_222' title='bbox 250 2109 388 2181; x_wconf 78' lang='lat' dir='ltr'>precepit</span> <span class='ocrx_word' id='word_1_223' title='bbox 411 2109 581 2168; x_wconf 90' lang='lat' dir='ltr'>ministrari.</span> <span class='ocrx_word' id='word_1_224' title='bbox 595 2115 666 2167; x_wconf 88' lang='lat' dir='ltr'>Cum</span> <span class='ocrx_word' id='word_1_225' title='bbox 681 2111 742 2167; x_wconf 78' lang='lat' dir='ltr'>heeo</span> <span class='ocrx_word' id='word_1_226' title='bbox 763 2116 929 2185; x_wconf 88' lang='lat' dir='ltr'>egerentur,</span> <span class='ocrx_word' id='word_1_227' title='bbox 982 2113 1068 2187; x_wconf 87' lang='lat' dir='ltr'>gione</span> <span class='ocrx_word' id='word_1_228' title='bbox 1082 2113 1222 2171; x_wconf 89' lang='lat' dir='ltr'>canonica</span> <span class='ocrx_word' id='word_1_229' title='bbox 1236 2114 1406 2187; x_wconf 77' lang='lat' dir='ltr'>repatrianti</span> <span class='ocrx_word' id='word_1_230' title='bbox 1422 2113 1561 2187; x_wconf 84' lang='lat' dir='ltr'>pontilici.</span> 
     </span>
    </p>
   </div>
   <div class='ocr_carea' id='block_1_3' title="bbox 106 2199 1601 2310">
    <p class='ocr_par' dir='ltr' id='par_1_3' title="bbox 106 2199 1601 2310">
     <span class='ocr_line' id='line_1_22' title="bbox 106 2199 1601 2310; baseline 0.003 -56"><span class='ocrx_word' id='word_1_231' title='bbox 106 2215 198 2255; x_wconf 88' lang='lat' dir='ltr'>novus</span> <span class='ocrx_word' id='word_1_232' title='bbox 213 2199 323 2256; x_wconf 81' lang='lat' dir='ltr'>civitati</span> <span class='ocrx_word' id='word_1_233' title='bbox 341 2200 559 2272; x_wconf 90' lang='lat' dir='ltr'>appropinquat</span> <span class='ocrx_word' id='word_1_234' title='bbox 573 2201 710 2268; x_wconf 93' lang='lat' dir='ltr'>domnus,</span> <span class='ocrx_word' id='word_1_235' title='bbox 732 2200 778 2257; x_wconf 92' lang='lat' dir='ltr'>cui</span> <span class='ocrx_word' id='word_1_236' title='bbox 801 2202 930 2259; x_wconf 85' lang='lat' dir='ltr'>loannes</span> <span class='ocrx_word' id='word_1_237' title='bbox 984 2240 1079 2295; x_wconf 59' lang='lat' dir='ltr'><em>moni</em></span> <span class='ocrx_word' id='word_1_238' title='bbox 1093 2254 1217 2295; x_wconf 55' lang='lat' dir='ltr'><strong><em>croceum</em></strong></span> <span class='ocrx_word' id='word_1_239' title='bbox 1232 2239 1360 2310; x_wconf 47' lang='lat' dir='ltr'><strong><em>unquam</em></strong></span> <span class='ocrx_word' id='word_1_240' title='bbox 1376 2245 1489 2295; x_wconf 59' lang='lat' dir='ltr'><em>Aurora</em></span> <span class='ocrx_word' id='word_1_241' title='bbox 1503 2239 1601 2306; x_wconf 50' lang='lat' dir='ltr'><strong><em>cume,</em></strong></span> 
     </span>
    </p>
   </div>
   <div class='ocr_carea' id='block_1_4' title="bbox 103 2290 1620 2452">
    <p class='ocr_par' dir='ltr' id='par_1_4' title="bbox 103 2290 1620 2452">
     <span class='ocr_line' id='line_1_23' title="bbox 104 2290 1620 2383; baseline 0.005 -39"><span class='ocrx_word' id='word_1_242' title='bbox 104 2304 172 2345; x_wconf 91' lang='lat' dir='ltr'>oum</span> <span class='ocrx_word' id='word_1_243' title='bbox 187 2292 290 2361; x_wconf 87' lang='lat' dir='ltr'>parete</span> <span class='ocrx_word' id='word_1_244' title='bbox 305 2305 462 2345; x_wconf 89' lang='lat' dir='ltr'>occurrens</span> <span class='ocrx_word' id='word_1_245' title='bbox 481 2290 609 2346; x_wconf 79' lang='lat' dir='ltr'>exercitu</span> <span class='ocrx_word' id='word_1_246' title='bbox 633 2295 732 2363; x_wconf 89' lang='lat' dir='ltr'>portas</span> <span class='ocrx_word' id='word_1_247' title='bbox 761 2290 877 2358; x_wconf 90' lang='lat' dir='ltr'>clausit,</span> <span class='ocrx_word' id='word_1_248' title='bbox 901 2293 930 2348; x_wconf 90' lang='lat' dir='ltr'>et</span> <span class='ocrx_word' id='word_1_249' title='bbox 983 2310 1093 2365; x_wconf 58' lang='lat' dir='ltr'><em>Noctem</em></span> <span class='ocrx_word' id='word_1_250' title='bbox 1103 2310 1232 2381; x_wconf 54' lang='lat' dir='ltr'>penebat,</span> <span class='ocrx_word' id='word_1_251' title='bbox 1249 2309 1490 2382; x_wconf 58' lang='lat' dir='ltr'>pucgmmpiogqup</span> <span class='ocrx_word' id='word_1_252' title='bbox 1504 2310 1620 2383; x_wconf 56' lang='lat' dir='ltr'>serebat,</span> 
     </span>
     <span class='ocr_line' id='line_1_24' title="bbox 103 2377 928 2452; baseline 0.007 -21"><span class='ocrx_word' id='word_1_253' title='bbox 103 2377 928 2452; x_wconf 87' lang='lat' dir='ltr'>longerepullitabintroitu.ltaquedivertensadNovum</span> 
     </span>
    </p>
   </div>
   <div class='ocr_carea' id='block_1_5' title="bbox 102 2465 927 2628">
    <p class='ocr_par' dir='ltr' id='par_1_5' title="bbox 102 2465 927 2628">
     <span class='ocr_line' id='line_1_25' title="bbox 102 2465 927 2541; baseline 0.005 -20"><span class='ocrx_word' id='word_1_254' title='bbox 102 2465 260 2522; x_wconf 89' lang='lat' dir='ltr'>Castellum</span> <span class='ocrx_word' id='word_1_255' title='bbox 285 2483 353 2522; x_wconf 91' lang='lat' dir='ltr'>oum</span> <span class='ocrx_word' id='word_1_256' title='bbox 369 2466 478 2523; x_wconf 91' lang='lat' dir='ltr'>honore</span> <span class='ocrx_word' id='word_1_257' title='bbox 493 2471 521 2523; x_wconf 88' lang='lat' dir='ltr'>et</span> <span class='ocrx_word' id='word_1_258' title='bbox 534 2468 635 2525; x_wconf 80' lang='lat' dir='ltr'>letitia</span> <span class='ocrx_word' id='word_1_259' title='bbox 656 2469 795 2541; x_wconf 88' lang='lat' dir='ltr'>recipitur</span> <span class='ocrx_word' id='word_1_260' title='bbox 820 2469 927 2535; x_wconf 90' lang='lat' dir='ltr'>nsuis,</span> 
     </span>
     <span class='ocr_line' id='line_1_26' title="bbox 104 2555 516 2628; baseline 0.002 -17"><span class='ocrx_word' id='word_1_261' title='bbox 104 2555 203 2628; x_wconf 89' lang='lat' dir='ltr'>ibique</span> <span class='ocrx_word' id='word_1_262' title='bbox 218 2555 390 2627; x_wconf 85' lang='lat' dir='ltr'>aliquandiu</span> <span class='ocrx_word' id='word_1_263' title='bbox 407 2560 516 2612; x_wconf 87' lang='lat' dir='ltr'>manet.</span> 
     </span>
    </p>
   </div>
   <div class='ocr_carea' id='block_1_6' title="bbox 415 2662 610 2718">
    <p class='ocr_par' dir='ltr' id='par_1_6' title="bbox 415 2662 610 2718">
     <span class='ocr_line' id='line_1_27' title="bbox 415 2662 610 2718; baseline 0 0"><span class='ocrx_word' id='word_1_264' title='bbox 415 2662 531 2718; x_wconf 80' lang='lat' dir='ltr'>CAPUT</span> <span class='ocrx_word' id='word_1_265' title='bbox 550 2662 610 2718; x_wconf 87' lang='lat' dir='ltr'>XV.</span> 
     </span>
    </p>
   </div>
   <div class='ocr_carea' id='block_1_7' title="bbox 105 2748 928 2893">
    <p class='ocr_par' dir='ltr' id='par_1_7' title="bbox 105 2748 928 2893">
     <span class='ocr_line' id='line_1_28' title="bbox 105 2748 928 2820; baseline 0 -13"><span class='ocrx_word' id='word_1_266' title='bbox 105 2751 155 2808; x_wconf 83' lang='lat' dir='ltr'>liti</span> <span class='ocrx_word' id='word_1_267' title='bbox 169 2766 256 2807; x_wconf 74' lang='lat' dir='ltr'>conice</span> <span class='ocrx_word' id='word_1_268' title='bbox 280 2748 420 2805; x_wconf 81' lang='lat' dir='ltr'>Flondriae</span> <span class='ocrx_word' id='word_1_269' title='bbox 448 2750 562 2806; x_wconf 87' lang='lat' dir='ltr'>electum</span> <span class='ocrx_word' id='word_1_270' title='bbox 590 2752 682 2820; x_wconf 81' lang='lat' dir='ltr'>episco</span> <span class='ocrx_word' id='word_1_271' title='bbox 701 2767 779 2806; x_wconf 85' lang='lat' dir='ltr'>amc</span> <span class='ocrx_word' id='word_1_272' title='bbox 810 2751 928 2808; x_wconf 79' lang='lat' dir='ltr'>castello</span> 
     </span>
     <span class='ocr_line' id='line_1_29' title="bbox 275 2820 752 2893; baseline -0.002 -17"><span class='ocrx_word' id='word_1_273' title='bbox 275 2835 361 2893; x_wconf 82' lang='lat' dir='ltr'>caque</span> <span class='ocrx_word' id='word_1_274' title='bbox 374 2820 409 2875; x_wconf 85' lang='lat' dir='ltr'>cd</span> <span class='ocrx_word' id='word_1_275' title='bbox 423 2820 519 2876; x_wconf 81' lang='lat' dir='ltr'>urbem</span> <span class='ocrx_word' id='word_1_276' title='bbox 532 2836 622 2876; x_wconf 80' lang='lat' dir='ltr'>secum</span> <span class='ocrx_word' id='word_1_277' title='bbox 635 2821 666 2877; x_wconf 81' lang='lat' dir='ltr'>de</span> <span class='ocrx_word' id='word_1_278' title='bbox 685 2824 752 2878; x_wconf 80' lang='lat' dir='ltr'>uolt.</span> 
     </span>
    </p>
   </div>
   <div class='ocr_carea' id='block_1_8' title="bbox 100 2908 1826 5647">
    <p class='ocr_par' dir='ltr' id='par_1_8' title="bbox 100 2908 1826 5204">
     <span class='ocr_line' id='line_1_30' title="bbox 139 2908 928 2983; baseline 0.003 -18"><span class='ocrx_word' id='word_1_279' title='bbox 139 2909 264 2966; x_wconf 85' lang='lat' dir='ltr'>Rediens</span> <span class='ocrx_word' id='word_1_280' title='bbox 284 2925 382 2965; x_wconf 89' lang='lat' dir='ltr'>comes</span> <span class='ocrx_word' id='word_1_281' title='bbox 411 2908 615 2965; x_wconf 79' lang='lat' dir='ltr'>Flandrinrum</span> <span class='ocrx_word' id='word_1_282' title='bbox 640 2908 803 2966; x_wconf 89' lang='lat' dir='ltr'>Balduinus</span> <span class='ocrx_word' id='word_1_283' title='bbox 830 2924 928 2983; x_wconf 83' lang='lat' dir='ltr'>araga</span> 
     </span>
     <span class='ocr_line' id='line_1_31' title="bbox 104 2996 930 3071; baseline 0 -16"><span class='ocrx_word' id='word_1_284' title='bbox 104 2999 283 3055; x_wconf 82' lang='lat' dir='ltr'>Francorum</span> <span class='ocrx_word' id='word_1_285' title='bbox 311 3013 378 3054; x_wconf 92' lang='lat' dir='ltr'>eum</span> <span class='ocrx_word' id='word_1_286' title='bbox 393 2996 434 3052; x_wconf 90' lang='lat' dir='ltr'>ibi</span> <span class='ocrx_word' id='word_1_287' title='bbox 459 2997 578 3070; x_wconf 87' lang='lat' dir='ltr'>invenit,</span> <span class='ocrx_word' id='word_1_288' title='bbox 601 3005 628 3053; x_wconf 88' lang='lat' dir='ltr'>el</span> <span class='ocrx_word' id='word_1_289' title='bbox 652 2998 688 3054; x_wconf 92' lang='lat' dir='ltr'>de</span> <span class='ocrx_word' id='word_1_290' title='bbox 712 2999 842 3054; x_wconf 91' lang='lat' dir='ltr'>dominio</span> <span class='ocrx_word' id='word_1_291' title='bbox 863 3000 930 3071; x_wconf 88' lang='lat' dir='ltr'>ejus</span> 
     </span>
     <span class='ocr_line' id='line_1_32' title="bbox 102 3085 927 3159; baseline -0.001 -15"><span class='ocrx_word' id='word_1_292' title='bbox 102 3087 186 3144; x_wconf 82' lang='lat' dir='ltr'>latus</span> <span class='ocrx_word' id='word_1_293' title='bbox 201 3088 322 3144; x_wconf 86' lang='lat' dir='ltr'>allectus</span> <span class='ocrx_word' id='word_1_294' title='bbox 352 3086 497 3159; x_wconf 89' lang='lat' dir='ltr'>usquead</span> <span class='ocrx_word' id='word_1_295' title='bbox 517 3085 663 3142; x_wconf 90' lang='lat' dir='ltr'>civitatem</span> <span class='ocrx_word' id='word_1_296' title='bbox 689 3090 927 3144; x_wconf 82' lang='lat' dir='ltr'>cameracensem</span> 
     </span>
     <span class='ocr_line' id='line_1_33' title="bbox 102 3173 928 3246; baseline -0.001 -14"><span class='ocrx_word' id='word_1_297' title='bbox 102 3191 203 3232; x_wconf 89' lang='lat' dir='ltr'>secum</span> <span class='ocrx_word' id='word_1_298' title='bbox 217 3174 346 3232; x_wconf 83' lang='lat' dir='ltr'>deduxit.</span> <span class='ocrx_word' id='word_1_299' title='bbox 371 3173 685 3246; x_wconf 70' lang='lat' dir='ltr'>appropinquantibus</span> <span class='ocrx_word' id='word_1_300' title='bbox 703 3174 756 3242; x_wconf 91' lang='lat' dir='ltr'>eis,</span> <span class='ocrx_word' id='word_1_301' title='bbox 773 3173 928 3232; x_wconf 90' lang='lat' dir='ltr'>nuntiatur</span> 
     </span>
     <span class='ocr_line' id='line_1_34' title="bbox 100 3261 926 3336; baseline -0.001 -15"><span class='ocrx_word' id='word_1_302' title='bbox 100 3264 219 3333; x_wconf 82' lang='lat' dir='ltr'>loanni,</span> <span class='ocrx_word' id='word_1_303' title='bbox 236 3263 286 3336; x_wconf 89' lang='lat' dir='ltr'>qui</span> <span class='ocrx_word' id='word_1_304' title='bbox 302 3279 369 3319; x_wconf 86' lang='lat' dir='ltr'>mox</span> <span class='ocrx_word' id='word_1_305' title='bbox 397 3264 467 3336; x_wconf 86' lang='lat' dir='ltr'>iuga</span> <span class='ocrx_word' id='word_1_306' title='bbox 492 3263 592 3335; x_wconf 90' lang='lat' dir='ltr'>lapsus</span> <span class='ocrx_word' id='word_1_307' title='bbox 617 3261 742 3319; x_wconf 88' lang='lat' dir='ltr'>liberum</span> <span class='ocrx_word' id='word_1_308' title='bbox 772 3263 926 3321; x_wconf 88' lang='lat' dir='ltr'>introitum</span> 
     </span>
     <span class='ocr_line' id='line_1_35' title="bbox 101 3351 927 3426; baseline -0.002 -16"><span class='ocrx_word' id='word_1_309' title='bbox 101 3353 246 3410; x_wconf 86' lang='lat' dir='ltr'>concessit</span> <span class='ocrx_word' id='word_1_310' title='bbox 256 3352 374 3409; x_wconf 93' lang='lat' dir='ltr'>domino</span> <span class='ocrx_word' id='word_1_311' title='bbox 385 3351 522 3409; x_wconf 88' lang='lat' dir='ltr'>venienti.</span> <span class='ocrx_word' id='word_1_312' title='bbox 532 3351 718 3409; x_wconf 82' lang='lat' dir='ltr'>Exhilaratus</span> <span class='ocrx_word' id='word_1_313' title='bbox 729 3353 837 3425; x_wconf 91' lang='lat' dir='ltr'>gaudet</span> <span class='ocrx_word' id='word_1_314' title='bbox 848 3353 927 3426; x_wconf 91' lang='lat' dir='ltr'>prin·</span> 
     </span>
     <span class='ocr_line' id='line_1_36' title="bbox 102 3421 1712 3522; baseline -0.001 -23"><span class='ocrx_word' id='word_1_315' title='bbox 102 3441 285 3515; x_wconf 79' lang='lat' dir='ltr'>eepspatrio</span> <span class='ocrx_word' id='word_1_316' title='bbox 312 3458 381 3498; x_wconf 82' lang='lat' dir='ltr'>mox</span> <span class='ocrx_word' id='word_1_317' title='bbox 402 3441 566 3498; x_wconf 90' lang='lat' dir='ltr'>sacrandus</span> <span class='ocrx_word' id='word_1_318' title='bbox 590 3441 757 3514; x_wconf 90' lang='lat' dir='ltr'>episcopus,</span> <span class='ocrx_word' id='word_1_319' title='bbox 786 3446 850 3499; x_wconf 92' lang='lat' dir='ltr'>tum</span> <span class='ocrx_word' id='word_1_320' title='bbox 874 3458 926 3515; x_wconf 85' lang='lat' dir='ltr'>pro</span> <span class='ocrx_word' id='word_1_321' title='bbox 1281 3422 1397 3480; x_wconf 71' lang='lat' dir='ltr'>CAPUT</span> <span class='ocrx_word' id='word_1_322' title='bbox 1415 3421 1499 3479; x_wconf 71' lang='lat' dir='ltr'><strong>XVII·</strong></span> <span class='ocrx_word' id='word_1_323' title='bbox 1707 3510 1712 3522; x_wconf 40' lang='grc' dir='ltr'>Ι</span> 
     </span>
     <span class='ocr_line' id='line_1_37' title="bbox 104 3509 1803 3602; baseline -0.001 -17"><span class='ocrx_word' id='word_1_324' title='bbox 104 3532 211 3602; x_wconf 88' lang='lat' dir='ltr'>adepta</span> <span class='ocrx_word' id='word_1_325' title='bbox 225 3530 320 3602; x_wconf 87' lang='lat' dir='ltr'>gratia</span> <span class='ocrx_word' id='word_1_326' title='bbox 343 3529 539 3602; x_wconf 87' lang='lat' dir='ltr'>imperatorie,</span> <span class='ocrx_word' id='word_1_327' title='bbox 555 3533 619 3585; x_wconf 89' lang='lat' dir='ltr'>tum</span> <span class='ocrx_word' id='word_1_328' title='bbox 645 3530 680 3586; x_wconf 90' lang='lat' dir='ltr'>ds</span> <span class='ocrx_word' id='word_1_329' title='bbox 695 3529 789 3586; x_wconf 89' lang='lat' dir='ltr'>rabidi</span> <span class='ocrx_word' id='word_1_330' title='bbox 804 3530 927 3587; x_wconf 83' lang='lat' dir='ltr'>loannis</span> <span class='ocrx_word' id='word_1_331' title='bbox 984 3512 1032 3571; x_wconf 65' lang='lat' dir='ltr'>Ubi</span> <span class='ocrx_word' id='word_1_332' title='bbox 1058 3513 1094 3569; x_wconf 64' lang='lat' dir='ltr'>ab</span> <span class='ocrx_word' id='word_1_333' title='bbox 1119 3515 1239 3585; x_wconf 64' lang='lat' dir='ltr'>⁸Pii00i³⁰</span> <span class='ocrx_word' id='word_1_334' title='bbox 1269 3513 1465 3569; x_wconf 58' lang='lat' dir='ltr'>&amp;limitem</span> <span class='ocrx_word' id='word_1_335' title='bbox 1488 3510 1624 3584; x_wconf 59' lang='lat' dir='ltr'>limiam?</span> <span class='ocrx_word' id='word_1_336' title='bbox 1648 3509 1803 3568; x_wconf 60' lang='lat' dir='ltr'>millam·</span> 
     </span>
     <span class='ocr_line' id='line_1_38' title="bbox 103 3615 1806 3692; baseline -0.002 -16"><span class='ocrx_word' id='word_1_337' title='bbox 103 3618 547 3691; x_wconf 83' lang='lat' dir='ltr'>superatasuperbia,ciritntem</span> <span class='ocrx_word' id='word_1_338' title='bbox 554 3616 927 3676; x_wconf 84' lang='lat' dir='ltr'>cameracumomnimodis</span> <span class='ocrx_word' id='word_1_339' title='bbox 1015 3619 1100 3692; x_wconf 83' lang='lat' dir='ltr'>Apud</span> <span class='ocrx_word' id='word_1_340' title='bbox 1116 3618 1310 3676; x_wconf 70' lang='lat' dir='ltr'>Gamlaunum</span> <span class='ocrx_word' id='word_1_341' title='bbox 1325 3618 1443 3676; x_wconf 78' lang='lat' dir='ltr'>familiae</span> <span class='ocrx_word' id='word_1_342' title='bbox 1459 3616 1599 3691; x_wconf 91' lang='lat' dir='ltr'>episcopii</span> <span class='ocrx_word' id='word_1_343' title='bbox 1613 3615 1806 3690; x_wconf 83' lang='lat' dir='ltr'>dispensabat</span> 
     </span>
     <span class='ocr_line' id='line_1_39' title="bbox 103 3703 1805 3782; baseline -0.002 -17"><span class='ocrx_word' id='word_1_344' title='bbox 103 3707 231 3765; x_wconf 87' lang='lat' dir='ltr'>exaitare</span> <span class='ocrx_word' id='word_1_345' title='bbox 247 3707 408 3780; x_wconf 87' lang='lat' dir='ltr'>satagebat.</span> <span class='ocrx_word' id='word_1_346' title='bbox 425 3705 507 3763; x_wconf 81' lang='lat' dir='ltr'>Cives</span> <span class='ocrx_word' id='word_1_347' title='bbox 522 3707 621 3779; x_wconf 88' lang='lat' dir='ltr'>itaque</span> <span class='ocrx_word' id='word_1_348' title='bbox 646 3708 697 3779; x_wconf 91' lang='lat' dir='ltr'>qui</span> <span class='ocrx_word' id='word_1_349' title='bbox 713 3707 834 3763; x_wconf 79' lang='lat' dir='ltr'>diutinus</span> <span class='ocrx_word' id='word_1_350' title='bbox 849 3707 925 3763; x_wconf 89' lang='lat' dir='ltr'>sedi·</span> <span class='ocrx_word' id='word_1_351' title='bbox 981 3707 1124 3780; x_wconf 90' lang='lat' dir='ltr'>pabulum</span> <span class='ocrx_word' id='word_1_352' title='bbox 1139 3709 1203 3764; x_wconf 79' lang='lat' dir='ltr'>vita</span> <span class='ocrx_word' id='word_1_353' title='bbox 1215 3707 1321 3782; x_wconf 79' lang='lat' dir='ltr'>presul</span> <span class='ocrx_word' id='word_1_354' title='bbox 1333 3708 1474 3781; x_wconf 88' lang='lat' dir='ltr'>Rogerus,</span> <span class='ocrx_word' id='word_1_355' title='bbox 1490 3707 1535 3762; x_wconf 83' lang='lat' dir='ltr'>vir</span> <span class='ocrx_word' id='word_1_356' title='bbox 1548 3705 1613 3763; x_wconf 78' lang='lat' dir='ltr'>ritu</span> <span class='ocrx_word' id='word_1_357' title='bbox 1627 3703 1805 3762; x_wconf 81' lang='lat' dir='ltr'>venerabilis</span> 
     </span>
     <span class='ocr_line' id='line_1_40' title="bbox 105 3793 1805 3871; baseline -0.001 -18"><span class='ocrx_word' id='word_1_358' title='bbox 105 3797 194 3853; x_wconf 90' lang='lat' dir='ltr'>tionis</span> <span class='ocrx_word' id='word_1_359' title='bbox 208 3795 397 3868; x_wconf 77' lang='lat' dir='ltr'>oppressione</span> <span class='ocrx_word' id='word_1_360' title='bbox 411 3795 574 3868; x_wconf 88' lang='lat' dir='ltr'>paupertati</span> <span class='ocrx_word' id='word_1_361' title='bbox 588 3795 695 3852; x_wconf 90' lang='lat' dir='ltr'>redacti</span> <span class='ocrx_word' id='word_1_362' title='bbox 705 3796 830 3868; x_wconf 83' lang='lat' dir='ltr'>fuerant,</span> <span class='ocrx_word' id='word_1_363' title='bbox 846 3796 927 3868; x_wconf 90' lang='lat' dir='ltr'>pacis</span> <span class='ocrx_word' id='word_1_364' title='bbox 981 3801 1008 3853; x_wconf 85' lang='lat' dir='ltr'>et</span> <span class='ocrx_word' id='word_1_365' title='bbox 1024 3814 1139 3854; x_wconf 89' lang='lat' dir='ltr'>morum</span> <span class='ocrx_word' id='word_1_366' title='bbox 1156 3798 1222 3854; x_wconf 92' lang='lat' dir='ltr'>dote</span> <span class='ocrx_word' id='word_1_367' title='bbox 1237 3796 1422 3871; x_wconf 90' lang='lat' dir='ltr'>magniilcus.</span> <span class='ocrx_word' id='word_1_368' title='bbox 1434 3796 1508 3853; x_wconf 86' lang='lat' dir='ltr'>Huic</span> <span class='ocrx_word' id='word_1_369' title='bbox 1517 3793 1729 3853; x_wconf 89' lang='lat' dir='ltr'>transmittitur</span> <span class='ocrx_word' id='word_1_370' title='bbox 1738 3808 1805 3868; x_wconf 89' lang='lat' dir='ltr'>pro·</span> 
     </span>
     <span class='ocr_line' id='line_1_41' title="bbox 104 3881 1806 3960; baseline 0 -18"><span class='ocrx_word' id='word_1_371' title='bbox 104 3885 260 3942; x_wconf 93' lang='lat' dir='ltr'>dulcedine</span> <span class='ocrx_word' id='word_1_372' title='bbox 269 3884 418 3956; x_wconf 84' lang='lat' dir='ltr'>vivificati,</span> <span class='ocrx_word' id='word_1_373' title='bbox 429 3884 514 3956; x_wconf 89' lang='lat' dir='ltr'>quasi</span> <span class='ocrx_word' id='word_1_374' title='bbox 524 3884 560 3940; x_wconf 93' lang='lat' dir='ltr'>de</span> <span class='ocrx_word' id='word_1_375' title='bbox 571 3884 709 3941; x_wconf 89' lang='lat' dir='ltr'>barathro</span> <span class='ocrx_word' id='word_1_376' title='bbox 721 3884 928 3942; x_wconf 84' lang='lat' dir='ltr'>montisresur·</span> <span class='ocrx_word' id='word_1_377' title='bbox 981 3886 1131 3943; x_wconf 87' lang='lat' dir='ltr'>vehendus</span> <span class='ocrx_word' id='word_1_378' title='bbox 1150 3887 1186 3942; x_wconf 89' lang='lat' dir='ltr'>ad</span> <span class='ocrx_word' id='word_1_379' title='bbox 1210 3885 1382 3960; x_wconf 79' lang='lat' dir='ltr'>presbyterii</span> <span class='ocrx_word' id='word_1_380' title='bbox 1406 3884 1522 3942; x_wconf 90' lang='lat' dir='ltr'>culmen</span> <span class='ocrx_word' id='word_1_381' title='bbox 1546 3886 1634 3957; x_wconf 89' lang='lat' dir='ltr'>atque</span> <span class='ocrx_word' id='word_1_382' title='bbox 1655 3881 1806 3942; x_wconf 72' lang='lat' dir='ltr'>docendus</span> 
     </span>
     <span class='ocr_line' id='line_1_42' title="bbox 104 3969 1806 4047; baseline -0.002 -17"><span class='ocrx_word' id='word_1_383' title='bbox 104 3974 220 4047; x_wconf 85' lang='lat' dir='ltr'>gabant,</span> <span class='ocrx_word' id='word_1_384' title='bbox 251 3973 449 4030; x_wconf 91' lang='lat' dir='ltr'>sollicitudine</span> <span class='ocrx_word' id='word_1_385' title='bbox 470 3974 635 4046; x_wconf 84' lang='lat' dir='ltr'>quidemst</span> <span class='ocrx_word' id='word_1_386' title='bbox 662 3974 759 4031; x_wconf 92' lang='lat' dir='ltr'>studio</span> <span class='ocrx_word' id='word_1_387' title='bbox 788 3972 928 4046; x_wconf 91' lang='lat' dir='ltr'>principie</span> <span class='ocrx_word' id='word_1_388' title='bbox 982 3975 1085 4031; x_wconf 85' lang='lat' dir='ltr'>olicrre</span> <span class='ocrx_word' id='word_1_389' title='bbox 1112 3975 1290 4031; x_wconf 88' lang='lat' dir='ltr'>sacrosancti</span> <span class='ocrx_word' id='word_1_390' title='bbox 1317 3972 1446 4046; x_wconf 92' lang='lat' dir='ltr'>corporis</span> <span class='ocrx_word' id='word_1_391' title='bbox 1461 3976 1490 4030; x_wconf 88' lang='lat' dir='ltr'>et</span> <span class='ocrx_word' id='word_1_392' title='bbox 1514 3971 1668 4045; x_wconf 90' lang='lat' dir='ltr'>sanguinis</span> <span class='ocrx_word' id='word_1_393' title='bbox 1696 3969 1806 4028; x_wconf 85' lang='lat' dir='ltr'>Christi</span> 
     </span>
     <span class='ocr_line' id='line_1_43' title="bbox 104 4058 1807 4135; baseline -0.001 -18"><span class='ocrx_word' id='word_1_394' title='bbox 104 4063 170 4119; x_wconf 86' lang='lat' dir='ltr'>nori</span> <span class='ocrx_word' id='word_1_395' title='bbox 184 4063 215 4117; x_wconf 92' lang='lat' dir='ltr'>in</span> <span class='ocrx_word' id='word_1_396' title='bbox 230 4061 344 4119; x_wconf 87' lang='lat' dir='ltr'>civitate</span> <span class='ocrx_word' id='word_1_397' title='bbox 368 4062 582 4131; x_wconf 86' lang='lat' dir='ltr'>Cameracensi,</span> <span class='ocrx_word' id='word_1_398' title='bbox 599 4067 628 4119; x_wconf 92' lang='lat' dir='ltr'>ot</span> <span class='ocrx_word' id='word_1_399' title='bbox 653 4062 882 4135; x_wconf 89' lang='lat' dir='ltr'>circumquaque</span> <span class='ocrx_word' id='word_1_400' title='bbox 896 4060 927 4117; x_wconf 92' lang='lat' dir='ltr'>in</span> <span class='ocrx_word' id='word_1_401' title='bbox 982 4058 1807 4134; x_wconf 82' lang='lat' dir='ltr'>viviiioumlihamen.Dieconstitutolevitaprovehendus</span> 
     </span>
     <span class='ocr_line' id='line_1_44' title="bbox 105 4146 1807 4225; baseline -0.002 -17"><span class='ocrx_word' id='word_1_402' title='bbox 105 4150 244 4208; x_wconf 90' lang='lat' dir='ltr'>omnibus</span> <span class='ocrx_word' id='word_1_403' title='bbox 267 4151 448 4224; x_wconf 89' lang='lat' dir='ltr'>appendiciis</span> <span class='ocrx_word' id='word_1_404' title='bbox 473 4151 674 4207; x_wconf 89' lang='lat' dir='ltr'>misericordia</span> <span class='ocrx_word' id='word_1_405' title='bbox 687 4155 715 4206; x_wconf 87' lang='lat' dir='ltr'>et</span> <span class='ocrx_word' id='word_1_406' title='bbox 738 4151 845 4207; x_wconf 88' lang='lat' dir='ltr'>veritas</span> <span class='ocrx_word' id='word_1_407' title='bbox 871 4150 927 4207; x_wconf 89' lang='lat' dir='ltr'>sibi</span> <span class='ocrx_word' id='word_1_408' title='bbox 983 4153 1113 4225; x_wconf 88' lang='lat' dir='ltr'>procedit</span> <span class='ocrx_word' id='word_1_409' title='bbox 1127 4153 1163 4209; x_wconf 91' lang='lat' dir='ltr'>nd</span> <span class='ocrx_word' id='word_1_410' title='bbox 1179 4151 1332 4209; x_wconf 90' lang='lat' dir='ltr'>ecclesiam</span> <span class='ocrx_word' id='word_1_411' title='bbox 1349 4150 1441 4208; x_wconf 88' lang='lat' dir='ltr'>sancti</span> <span class='ocrx_word' id='word_1_412' title='bbox 1457 4148 1680 4224; x_wconf 81' lang='lat' dir='ltr'>protomartyris</span> <span class='ocrx_word' id='word_1_413' title='bbox 1695 4151 1724 4206; x_wconf 91' lang='lat' dir='ltr'>et</span> <span class='ocrx_word' id='word_1_414' title='bbox 1737 4146 1807 4206; x_wconf 83' lang='lat' dir='ltr'>levi·</span> 
     </span>
     <span class='ocr_line' id='line_1_45' title="bbox 104 4237 1809 4315; baseline -0.001 -19"><span class='ocrx_word' id='word_1_415' title='bbox 104 4240 272 4311; x_wconf 83' lang='lat' dir='ltr'>obviabant,</span> <span class='ocrx_word' id='word_1_416' title='bbox 286 4243 315 4296; x_wconf 91' lang='lat' dir='ltr'>et</span> <span class='ocrx_word' id='word_1_417' title='bbox 329 4240 410 4312; x_wconf 90' lang='lat' dir='ltr'>pacis</span> <span class='ocrx_word' id='word_1_418' title='bbox 421 4237 523 4296; x_wconf 89' lang='lat' dir='ltr'>oscula</span> <span class='ocrx_word' id='word_1_419' title='bbox 534 4238 679 4307; x_wconf 88' lang='lat' dir='ltr'>libabant;</span> <span class='ocrx_word' id='word_1_420' title='bbox 696 4243 837 4311; x_wconf 85' lang='lat' dir='ltr'>apertast</span> <span class='ocrx_word' id='word_1_421' title='bbox 851 4256 928 4297; x_wconf 89' lang='lat' dir='ltr'>rese·</span> <span class='ocrx_word' id='word_1_422' title='bbox 982 4241 1165 4315; x_wconf 83' lang='lat' dir='ltr'>taeStophani</span> <span class='ocrx_word' id='word_1_423' title='bbox 1180 4241 1355 4315; x_wconf 89' lang='lat' dir='ltr'>pignoribus</span> <span class='ocrx_word' id='word_1_424' title='bbox 1371 4257 1405 4297; x_wconf 91' lang='lat' dir='ltr'>sc</span> <span class='ocrx_word' id='word_1_425' title='bbox 1415 4239 1534 4297; x_wconf 87' lang='lat' dir='ltr'>nomiae</span> <span class='ocrx_word' id='word_1_426' title='bbox 1551 4254 1676 4296; x_wconf 88' lang='lat' dir='ltr'>sacram.</span> <span class='ocrx_word' id='word_1_427' title='bbox 1691 4242 1809 4312; x_wconf 83' lang='lat' dir='ltr'>Ingres-</span> 
     </span>
     <span class='ocr_line' id='line_1_46' title="bbox 105 4326 1810 4403; baseline -0.003 -17"><span class='ocrx_word' id='word_1_428' title='bbox 105 4334 169 4386; x_wconf 86' lang='lat' dir='ltr'>rata</span> <span class='ocrx_word' id='word_1_429' title='bbox 179 4333 248 4386; x_wconf 91' lang='lat' dir='ltr'>sunt</span> <span class='ocrx_word' id='word_1_430' title='bbox 258 4329 366 4400; x_wconf 89' lang='lat' dir='ltr'>omnia,</span> <span class='ocrx_word' id='word_1_431' title='bbox 378 4328 639 4395; x_wconf 82' lang='lat' dir='ltr'>neoiurinveutue,</span> <span class='ocrx_word' id='word_1_432' title='bbox 652 4342 704 4383; x_wconf 89' lang='lat' dir='ltr'>nec</span> <span class='ocrx_word' id='word_1_433' title='bbox 714 4328 820 4399; x_wconf 82' lang='lat' dir='ltr'>predo,</span> <span class='ocrx_word' id='word_1_434' title='bbox 833 4344 929 4400; x_wconf 85' lang='lat' dir='ltr'>neque</span> <span class='ocrx_word' id='word_1_435' title='bbox 983 4348 1035 4386; x_wconf 91' lang='lat' dir='ltr'>sus</span> <span class='ocrx_word' id='word_1_436' title='bbox 1050 4330 1130 4387; x_wconf 91' lang='lat' dir='ltr'>omni</span> <span class='ocrx_word' id='word_1_437' title='bbox 1147 4329 1270 4403; x_wconf 84' lang='lat' dir='ltr'>supplex</span> <span class='ocrx_word' id='word_1_438' title='bbox 1285 4346 1404 4402; x_wconf 87' lang='lat' dir='ltr'>corpore</span> <span class='ocrx_word' id='word_1_439' title='bbox 1429 4328 1521 4385; x_wconf 88' lang='lat' dir='ltr'>Deum</span> <span class='ocrx_word' id='word_1_440' title='bbox 1537 4332 1597 4384; x_wconf 87' lang='lat' dir='ltr'>toto</span> <span class='ocrx_word' id='word_1_441' title='bbox 1622 4326 1731 4384; x_wconf 90' lang='lat' dir='ltr'>mentis</span> <span class='ocrx_word' id='word_1_442' title='bbox 1745 4327 1810 4383; x_wconf 87' lang='lat' dir='ltr'>oret</span> 
     </span>
     <span class='ocr_line' id='line_1_47' title="bbox 106 4411 1809 4490; baseline -0.004 -16"><span class='ocrx_word' id='word_1_443' title='bbox 106 4417 231 4490; x_wconf 91' lang='lat' dir='ltr'>quilibet</span> <span class='ocrx_word' id='word_1_444' title='bbox 241 4417 397 4489; x_wconf 87' lang='lat' dir='ltr'>injurians,</span> <span class='ocrx_word' id='word_1_445' title='bbox 412 4416 462 4490; x_wconf 90' lang='lat' dir='ltr'>qui</span> <span class='ocrx_word' id='word_1_446' title='bbox 478 4416 587 4472; x_wconf 89' lang='lat' dir='ltr'>damna</span> <span class='ocrx_word' id='word_1_447' title='bbox 601 4414 707 4472; x_wconf 83' lang='lat' dir='ltr'>inierat</span> <span class='ocrx_word' id='word_1_448' title='bbox 717 4414 814 4471; x_wconf 90' lang='lat' dir='ltr'>alicui.</span> <span class='ocrx_word' id='word_1_449' title='bbox 827 4415 929 4472; x_wconf 88' lang='lat' dir='ltr'>Clerici</span> <span class='ocrx_word' id='word_1_450' title='bbox 984 4418 1098 4484; x_wconf 86' lang='lat' dir='ltr'>ellectu,</span> <span class='ocrx_word' id='word_1_451' title='bbox 1120 4424 1266 4489; x_wconf 89' lang='lat' dir='ltr'>quatenus</span> <span class='ocrx_word' id='word_1_452' title='bbox 1292 4418 1351 4473; x_wconf 90' lang='lat' dir='ltr'>Deo</span> <span class='ocrx_word' id='word_1_453' title='bbox 1370 4418 1458 4490; x_wconf 91' lang='lat' dir='ltr'>digne</span> <span class='ocrx_word' id='word_1_454' title='bbox 1483 4420 1689 4487; x_wconf 87' lang='lat' dir='ltr'>promoveatur</span> <span class='ocrx_word' id='word_1_455' title='bbox 1713 4411 1809 4471; x_wconf 86' lang='lat' dir='ltr'>suncti</span> 
     </span>
     <span class='ocr_line' id='line_1_48' title="bbox 106 4491 1808 4589; baseline -0.003 -27"><span class='ocrx_word' id='word_1_456' title='bbox 106 4507 136 4562; x_wconf 89' lang='lat' dir='ltr'>in</span> <span class='ocrx_word' id='word_1_457' title='bbox 151 4505 282 4563; x_wconf 90' lang='lat' dir='ltr'>ecclesiis</span> <span class='ocrx_word' id='word_1_458' title='bbox 297 4504 447 4578; x_wconf 89' lang='lat' dir='ltr'>opulentia</span> <span class='ocrx_word' id='word_1_459' title='bbox 458 4505 557 4561; x_wconf 82' lang='lat' dir='ltr'>referti</span> <span class='ocrx_word' id='word_1_460' title='bbox 568 4504 671 4561; x_wconf 90' lang='lat' dir='ltr'>laudes</span> <span class='ocrx_word' id='word_1_461' title='bbox 686 4504 744 4561; x_wconf 90' lang='lat' dir='ltr'>Deo</span> <span class='ocrx_word' id='word_1_462' title='bbox 756 4504 928 4562; x_wconf 76' lang='lat' dir='ltr'>referebant.</span> <span class='ocrx_word' id='word_1_463' title='bbox 947 4523 969 4589; x_wconf 67' lang='grc' dir='ltr'><strong>Β</strong></span> <span class='ocrx_word' id='word_1_464' title='bbox 985 4503 1122 4577; x_wconf 78' lang='lat' dir='ltr'>martyris</span> <span class='ocrx_word' id='word_1_465' title='bbox 1134 4503 1246 4559; x_wconf 91' lang='lat' dir='ltr'>meritis</span> <span class='ocrx_word' id='word_1_466' title='bbox 1262 4491 1290 4560; x_wconf 84' lang='lat' dir='ltr'>et</span> <span class='ocrx_word' id='word_1_467' title='bbox 1304 4502 1468 4559; x_wconf 86' lang='lat' dir='ltr'>interventu</span> <span class='ocrx_word' id='word_1_468' title='bbox 1480 4527 1489 4572; x_wconf 87' lang='lat'>;</span> <span class='ocrx_word' id='word_1_469' title='bbox 1503 4501 1633 4575; x_wconf 88' lang='lat' dir='ltr'>procedit</span> <span class='ocrx_word' id='word_1_470' title='bbox 1643 4505 1673 4557; x_wconf 86' lang='lat' dir='ltr'>et</span> <span class='ocrx_word' id='word_1_471' title='bbox 1686 4501 1808 4557; x_wconf 85' lang='lat' dir='ltr'>antistes</span> 
     </span>
     <span class='ocr_line' id='line_1_49' title="bbox 107 4584 1809 4668; baseline -0.005 -16"><span class='ocrx_word' id='word_1_472' title='bbox 107 4596 185 4652; x_wconf 83' lang='lat' dir='ltr'>Laici</span> <span class='ocrx_word' id='word_1_473' title='bbox 200 4613 268 4652; x_wconf 91' lang='lat' dir='ltr'>cum</span> <span class='ocrx_word' id='word_1_474' title='bbox 285 4595 364 4652; x_wconf 91' lang='lat' dir='ltr'>omni</span> <span class='ocrx_word' id='word_1_475' title='bbox 379 4611 451 4668; x_wconf 90' lang='lat' dir='ltr'>pace</span> <span class='ocrx_word' id='word_1_476' title='bbox 464 4593 603 4651; x_wconf 84' lang='lat' dir='ltr'>victualia</span> <span class='ocrx_word' id='word_1_477' title='bbox 626 4611 681 4650; x_wconf 90' lang='lat' dir='ltr'>sua</span> <span class='ocrx_word' id='word_1_478' title='bbox 694 4594 930 4665; x_wconf 81' lang='lat' dir='ltr'>conquaerebant.</span> <span class='ocrx_word' id='word_1_479' title='bbox 986 4590 1202 4666; x_wconf 87' lang='lat' dir='ltr'>pontificalibus</span> <span class='ocrx_word' id='word_1_480' title='bbox 1212 4589 1314 4647; x_wconf 81' lang='lat' dir='ltr'>infulis</span> <span class='ocrx_word' id='word_1_481' title='bbox 1330 4590 1495 4658; x_wconf 85' lang='lat' dir='ltr'>redimitus,</span> <span class='ocrx_word' id='word_1_482' title='bbox 1511 4592 1680 4646; x_wconf 90' lang='lat' dir='ltr'>sanctorum</span> <span class='ocrx_word' id='word_1_483' title='bbox 1694 4584 1809 4665; x_wconf 77' lang='lat' dir='ltr'>comiti·</span> 
     </span>
     <span class='ocr_line' id='line_1_50' title="bbox 107 4674 1808 4756; baseline -0.006 -14"><span class='ocrx_word' id='word_1_484' title='bbox 107 4690 222 4743; x_wconf 82' lang='lat' dir='ltr'>Beatum</span> <span class='ocrx_word' id='word_1_485' title='bbox 237 4684 371 4741; x_wconf 78' lang='lat' dir='ltr'>dicerunt</span> <span class='ocrx_word' id='word_1_486' title='bbox 383 4684 517 4756; x_wconf 84' lang='lat' dir='ltr'>populum</span> <span class='ocrx_word' id='word_1_487' title='bbox 528 4685 574 4740; x_wconf 86' lang='lat' dir='ltr'>cui</span> <span class='ocrx_word' id='word_1_488' title='bbox 583 4685 714 4742; x_wconf 70' lang='lat' dir='ltr'>taceant</span> <span class='ocrx_word' id='word_1_489' title='bbox 734 4682 818 4754; x_wconf 85' lang='lat' dir='ltr'>(Peot.</span> <span class='ocrx_word' id='word_1_490' title='bbox 835 4698 931 4750; x_wconf 77' lang='lat' dir='ltr'>cumn,</span> <span class='ocrx_word' id='word_1_491' title='bbox 986 4682 1043 4738; x_wconf 91' lang='lat' dir='ltr'>bus</span> <span class='ocrx_word' id='word_1_492' title='bbox 1059 4681 1195 4737; x_wconf 87' lang='lat' dir='ltr'>ordinum</span> <span class='ocrx_word' id='word_1_493' title='bbox 1211 4680 1346 4737; x_wconf 89' lang='lat' dir='ltr'>decenter</span> <span class='ocrx_word' id='word_1_494' title='bbox 1360 4678 1558 4744; x_wconf 89' lang='lat' dir='ltr'>introductus,</span> <span class='ocrx_word' id='word_1_495' title='bbox 1573 4693 1654 4736; x_wconf 85' lang='lat' dir='ltr'>more</span> <span class='ocrx_word' id='word_1_496' title='bbox 1668 4674 1808 4733; x_wconf 88' lang='lat' dir='ltr'>canonico</span> 
     </span>
     <span class='ocr_line' id='line_1_51' title="bbox 108 4767 1811 4847; baseline -0.006 -16"><span class='ocrx_word' id='word_1_497' title='bbox 108 4774 164 4847; x_wconf 88' lang='lat'>18),</span> <span class='ocrx_word' id='word_1_498' title='bbox 177 4774 236 4832; x_wconf 90' lang='lat' dir='ltr'>imo</span> <span class='ocrx_word' id='word_1_499' title='bbox 252 4773 411 4830; x_wconf 89' lang='lat' dir='ltr'>beatiorem</span> <span class='ocrx_word' id='word_1_500' title='bbox 428 4773 581 4841; x_wconf 91' lang='lat' dir='ltr'>domnum,</span> <span class='ocrx_word' id='word_1_501' title='bbox 594 4788 743 4845; x_wconf 88' lang='lat' dir='ltr'>perquem</span> <span class='ocrx_word' id='word_1_502' title='bbox 755 4775 836 4828; x_wconf 90' lang='lat' dir='ltr'>tanta</span> <span class='ocrx_word' id='word_1_503' title='bbox 851 4770 932 4843; x_wconf 89' lang='lat' dir='ltr'>pacis</span> <span class='ocrx_word' id='word_1_504' title='bbox 989 4771 1072 4827; x_wconf 89' lang='lat' dir='ltr'>iactis</span> <span class='ocrx_word' id='word_1_505' title='bbox 1081 4768 1242 4837; x_wconf 90' lang='lat' dir='ltr'>scrutiniis,</span> <span class='ocrx_word' id='word_1_506' title='bbox 1254 4767 1486 4825; x_wconf 89' lang='lat' dir='ltr'>ordinandorum</span> <span class='ocrx_word' id='word_1_507' title='bbox 1495 4782 1625 4841; x_wconf 82' lang='lat' dir='ltr'>persona</span> <span class='ocrx_word' id='word_1_508' title='bbox 1634 4768 1811 4839; x_wconf 83' lang='lat' dir='ltr'>presenten-</span> 
     </span>
     <span class='ocr_line' id='line_1_52' title="bbox 107 4855 1810 4935; baseline -0.005 -14"><span class='ocrx_word' id='word_1_509' title='bbox 107 4863 244 4921; x_wconf 90' lang='lat' dir='ltr'>suhsidia</span> <span class='ocrx_word' id='word_1_510' title='bbox 263 4861 459 4935; x_wconf 88' lang='lat' dir='ltr'>pullularunt.</span> <span class='ocrx_word' id='word_1_511' title='bbox 486 4861 532 4917; x_wconf 89' lang='lat' dir='ltr'>Sic</span> <span class='ocrx_word' id='word_1_512' title='bbox 547 4877 644 4917; x_wconf 86' lang='lat' dir='ltr'>rerum</span> <span class='ocrx_word' id='word_1_513' title='bbox 669 4861 862 4933; x_wconf 88' lang='lat' dir='ltr'>gubernatore</span> <span class='ocrx_word' id='word_1_514' title='bbox 877 4860 934 4917; x_wconf 89' lang='lat' dir='ltr'>Deo</span> <span class='ocrx_word' id='word_1_515' title='bbox 990 4865 1077 4917; x_wconf 90' lang='lat' dir='ltr'>turet</span> <span class='ocrx_word' id='word_1_516' title='bbox 1091 4858 1221 4927; x_wconf 74' lang='lat' dir='ltr'>nentina,</span> <span class='ocrx_word' id='word_1_517' title='bbox 1244 4857 1322 4914; x_wconf 85' lang='lat' dir='ltr'>inter</span> <span class='ocrx_word' id='word_1_518' title='bbox 1342 4874 1416 4930; x_wconf 91' lang='lat' dir='ltr'>quos</span> <span class='ocrx_word' id='word_1_519' title='bbox 1432 4860 1460 4914; x_wconf 89' lang='lat' dir='ltr'>et</span> <span class='ocrx_word' id='word_1_520' title='bbox 1480 4873 1540 4930; x_wconf 84' lang='lat' dir='ltr'>prae</span> <span class='ocrx_word' id='word_1_521' title='bbox 1555 4855 1663 4930; x_wconf 87' lang='lat' dir='ltr'>quibos</span> <span class='ocrx_word' id='word_1_522' title='bbox 1682 4855 1810 4914; x_wconf 87' lang='lat' dir='ltr'>domnus</span> 
     </span>
     <span class='ocr_line' id='line_1_53' title="bbox 110 4943 1811 5024; baseline -0.004 -16"><span class='ocrx_word' id='word_1_523' title='bbox 110 4951 229 5008; x_wconf 86' lang='lat' dir='ltr'>Domini</span> <span class='ocrx_word' id='word_1_524' title='bbox 251 4968 285 5008; x_wconf 89' lang='lat' dir='ltr'>ac</span> <span class='ocrx_word' id='word_1_525' title='bbox 313 4952 427 5024; x_wconf 90' lang='lat' dir='ltr'>patroni</span> <span class='ocrx_word' id='word_1_526' title='bbox 453 4951 545 5007; x_wconf 86' lang='lat' dir='ltr'>nostri</span> <span class='ocrx_word' id='word_1_527' title='bbox 568 4949 751 5023; x_wconf 86' lang='lat' dir='ltr'>principatus</span> <span class='ocrx_word' id='word_1_528' title='bbox 775 4948 937 5022; x_wconf 88' lang='lat' dir='ltr'>primordia</span> <span class='ocrx_word' id='word_1_529' title='bbox 989 4950 1152 5006; x_wconf 88' lang='lat' dir='ltr'>Lioibertus</span> <span class='ocrx_word' id='word_1_530' title='bbox 1167 4947 1271 5015; x_wconf 87' lang='lat' dir='ltr'>levita;</span> <span class='ocrx_word' id='word_1_531' title='bbox 1287 4946 1350 5003; x_wconf 90' lang='lat' dir='ltr'>suis</span> <span class='ocrx_word' id='word_1_532' title='bbox 1365 4944 1436 5002; x_wconf 90' lang='lat' dir='ltr'>locis</span> <span class='ocrx_word' id='word_1_533' title='bbox 1451 4949 1479 5003; x_wconf 91' lang='lat' dir='ltr'>et</span> <span class='ocrx_word' id='word_1_534' title='bbox 1493 4943 1696 5019; x_wconf 90' lang='lat' dir='ltr'>competentiis</span> <span class='ocrx_word' id='word_1_535' title='bbox 1709 4958 1811 5003; x_wconf 85' lang='lat' dir='ltr'>conse·</span> 
     </span>
     <span class='ocr_line' id='line_1_54' title="bbox 110 5032 1826 5114; baseline -0.005 -17"><span class='ocrx_word' id='word_1_536' title='bbox 110 5040 298 5114; x_wconf 89' lang='lat' dir='ltr'>disponente,</span> <span class='ocrx_word' id='word_1_537' title='bbox 314 5039 447 5097; x_wconf 90' lang='lat' dir='ltr'>subsidio</span> <span class='ocrx_word' id='word_1_538' title='bbox 464 5040 543 5112; x_wconf 92' lang='lat' dir='ltr'>pacis</span> <span class='ocrx_word' id='word_1_539' title='bbox 561 5045 589 5095; x_wconf 91' lang='lat' dir='ltr'>et</span> <span class='ocrx_word' id='word_1_540' title='bbox 604 5039 754 5113; x_wconf 89' lang='lat' dir='ltr'>religionis</span> <span class='ocrx_word' id='word_1_541' title='bbox 775 5038 937 5096; x_wconf 78' lang='lat' dir='ltr'>exhilarate</span> <span class='ocrx_word' id='word_1_542' title='bbox 992 5035 1230 5107; x_wconf 83' lang='lat' dir='ltr'>cranlurcaeteri,</span> <span class='ocrx_word' id='word_1_543' title='bbox 1243 5036 1335 5092; x_wconf 91' lang='lat' dir='ltr'>donec</span> <span class='ocrx_word' id='word_1_544' title='bbox 1350 5039 1469 5092; x_wconf 87' lang='lat' dir='ltr'>ventum</span> <span class='ocrx_word' id='word_1_545' title='bbox 1485 5039 1531 5092; x_wconf 90' lang='lat' dir='ltr'>est</span> <span class='ocrx_word' id='word_1_546' title='bbox 1546 5035 1581 5091; x_wconf 91' lang='lat' dir='ltr'>sd</span> <span class='ocrx_word' id='word_1_547' title='bbox 1596 5032 1729 5091; x_wconf 88' lang='lat' dir='ltr'>ordinem</span> <span class='ocrx_word' id='word_1_548' title='bbox 1743 5045 1826 5105; x_wconf 84' lang='lat' dir='ltr'>prs··</span> 
     </span>
     <span class='ocr_line' id='line_1_55' title="bbox 109 5118 1814 5204; baseline -0.008 -16"><span class='ocrx_word' id='word_1_549' title='bbox 109 5131 260 5204; x_wconf 89' lang='lat' dir='ltr'>gaudebat</span> <span class='ocrx_word' id='word_1_550' title='bbox 275 5129 358 5204; x_wconf 86' lang='lat' dir='ltr'>plebs</span> <span class='ocrx_word' id='word_1_551' title='bbox 373 5128 465 5186; x_wconf 89' lang='lat' dir='ltr'>civilis</span> <span class='ocrx_word' id='word_1_552' title='bbox 480 5133 567 5201; x_wconf 85' lang='lat' dir='ltr'>atquo</span> <span class='ocrx_word' id='word_1_553' title='bbox 580 5129 760 5186; x_wconf 89' lang='lat' dir='ltr'>suburbana.</span> <span class='ocrx_word' id='word_1_554' title='bbox 990 5125 1120 5200; x_wconf 80' lang='lat' dir='ltr'>sbyterii.</span> <span class='ocrx_word' id='word_1_555' title='bbox 1132 5131 1262 5197; x_wconf 85' lang='lat' dir='ltr'>Cumque</span> <span class='ocrx_word' id='word_1_556' title='bbox 1274 5125 1309 5181; x_wconf 89' lang='lat' dir='ltr'>ad</span> <span class='ocrx_word' id='word_1_557' title='bbox 1322 5140 1428 5180; x_wconf 88' lang='lat' dir='ltr'>manus</span> <span class='ocrx_word' id='word_1_558' title='bbox 1436 5122 1653 5197; x_wconf 86' lang='lat' dir='ltr'>impositionem</span> <span class='ocrx_word' id='word_1_559' title='bbox 1663 5118 1814 5197; x_wconf 80' lang='lat' dir='ltr'>pontifica-</span> 
     </span>
    </p>

    <p class='ocr_par' dir='ltr' id='par_1_9' title="bbox 415 5210 1811 5292">
     <span class='ocr_line' id='line_1_56' title="bbox 415 5210 1811 5292; baseline -0.004 -20"><span class='ocrx_word' id='word_1_560' title='bbox 415 5234 531 5292; x_wconf 60' lang='lat' dir='ltr'>gppgrp</span> <span class='ocrx_word' id='word_1_561' title='bbox 552 5234 624 5291; x_wconf 50' lang='lat' dir='ltr'>xpp,</span> <span class='ocrx_word' id='word_1_562' title='bbox 989 5215 1026 5271; x_wconf 92' lang='lat' dir='ltr'>lie</span> <span class='ocrx_word' id='word_1_563' title='bbox 1042 5215 1118 5272; x_wconf 91' lang='lat' dir='ltr'>inter</span> <span class='ocrx_word' id='word_1_564' title='bbox 1131 5213 1329 5271; x_wconf 88' lang='lat' dir='ltr'>ordinandum</span> <span class='ocrx_word' id='word_1_565' title='bbox 1353 5212 1499 5270; x_wconf 89' lang='lat' dir='ltr'>diceretur</span> <span class='ocrx_word' id='word_1_566' title='bbox 1526 5227 1600 5268; x_wconf 89' lang='lat' dir='ltr'>novo</span> <span class='ocrx_word' id='word_1_567' title='bbox 1623 5210 1811 5285; x_wconf 81' lang='lat' dir='ltr'>presbytero:</span> 
     </span>
    </p>

    <p class='ocr_par' dir='ltr' id='par_1_10' title="bbox 113 5300 1813 5468">
     <span class='ocr_line' id='line_1_57' title="bbox 113 5300 1813 5400; baseline -0.006 -18"><span class='ocrx_word' id='word_1_568' title='bbox 113 5325 196 5382; x_wconf 78' lang='lat' dir='ltr'>libio</span> <span class='ocrx_word' id='word_1_569' title='bbox 216 5325 430 5397; x_wconf 80' lang='lat' dir='ltr'>metropolitano</span> <span class='ocrx_word' id='word_1_570' title='bbox 452 5329 478 5378; x_wconf 87' lang='lat' dir='ltr'>et</span> <span class='ocrx_word' id='word_1_571' title='bbox 501 5321 781 5394; x_wconf 68' lang='lat' dir='ltr'>conprovincialibus</span> <span class='ocrx_word' id='word_1_572' title='bbox 805 5323 937 5395; x_wconf 79' lang='lat' dir='ltr'>episcopia</span> <span class='ocrx_word' id='word_1_573' title='bbox 990 5305 1086 5377; x_wconf 62' lang='lat' dir='ltr'>simili</span> <span class='ocrx_word' id='word_1_574' title='bbox 1108 5303 1242 5376; x_wconf 55' lang='lat' dir='ltr'>Simiam</span> <span class='ocrx_word' id='word_1_575' title='bbox 1265 5305 1416 5366; x_wconf 59' lang='lat' dir='ltr'>&#39;ammo’</span> <span class='ocrx_word' id='word_1_576' title='bbox 1445 5317 1566 5400; x_wconf 36' lang='lat' dir='ltr'>litim·</span> <span class='ocrx_word' id='word_1_577' title='bbox 1582 5300 1725 5400; x_wconf 55' lang='lat' dir='ltr'>&#39;enimsi‘</span> <span class='ocrx_word' id='word_1_578' title='bbox 1749 5313 1813 5372; x_wconf 61' lang='lat'>930·</span> 
     </span>
     <span class='ocr_line' id='line_1_58' title="bbox 337 5384 1813 5468; baseline -0.002 -16"><span class='ocrx_word' id='word_1_579' title='bbox 337 5397 396 5468; x_wconf 78' lang='lat' dir='ltr'>ejus</span> <span class='ocrx_word' id='word_1_580' title='bbox 415 5395 511 5452; x_wconf 85' lang='lat' dir='ltr'>electio</span> <span class='ocrx_word' id='word_1_581' title='bbox 531 5395 708 5466; x_wconf 83' lang='lat' dir='ltr'>approbatur.</span> <span class='ocrx_word' id='word_1_582' title='bbox 990 5402 1062 5460; x_wconf 85' lang='lat' dir='ltr'>calc,</span> <span class='ocrx_word' id='word_1_583' title='bbox 1078 5393 1257 5449; x_wconf 83' lang='lat' dir='ltr'>remittuntur</span> <span class='ocrx_word' id='word_1_584' title='bbox 1270 5393 1310 5447; x_wconf 81' lang='lat' dir='ltr'>eis</span> <span class='ocrx_word' id='word_1_585' title='bbox 1325 5391 1414 5462; x_wconf 79' lang='lat' dir='ltr'>(loun.</span> <span class='ocrx_word' id='word_1_586' title='bbox 1429 5407 1478 5458; x_wconf 82' lang='lat' dir='ltr'>xx,</span> <span class='ocrx_word' id='word_1_587' title='bbox 1489 5389 1547 5460; x_wconf 84' lang='lat'>22),</span> <span class='ocrx_word' id='word_1_588' title='bbox 1559 5389 1720 5458; x_wconf 82' lang='lat' dir='ltr'>iniremust,</span> <span class='ocrx_word' id='word_1_589' title='bbox 1732 5384 1813 5449; x_wconf 82' lang='lat' dir='ltr'>habi·</span> 
     </span>
    </p>

    <p class='ocr_par' dir='ltr' id='par_1_11' title="bbox 112 5473 1812 5647">
     <span class='ocr_line' id='line_1_59' title="bbox 147 5473 1811 5557; baseline -0.007 -15"><span class='ocrx_word' id='word_1_590' title='bbox 147 5486 286 5544; x_wconf 82' lang='lat' dir='ltr'>ilamensi</span> <span class='ocrx_word' id='word_1_591' title='bbox 310 5484 463 5557; x_wconf 90' lang='lat' dir='ltr'>metropoli</span> <span class='ocrx_word' id='word_1_592' title='bbox 488 5482 663 5557; x_wconf 78' lang='lat' dir='ltr'>presidebat</span> <span class='ocrx_word' id='word_1_593' title='bbox 690 5480 785 5537; x_wconf 90' lang='lat' dir='ltr'>Guido</span> <span class='ocrx_word' id='word_1_594' title='bbox 814 5482 937 5540; x_wconf 86' lang='lat' dir='ltr'>antistes</span> <span class='ocrx_word' id='word_1_595' title='bbox 991 5487 1114 5553; x_wconf 90' lang='lat' dir='ltr'>tumque</span> <span class='ocrx_word' id='word_1_596' title='bbox 1133 5479 1241 5537; x_wconf 91' lang='lat' dir='ltr'>mentis</span> <span class='ocrx_word' id='word_1_597' title='bbox 1267 5479 1365 5537; x_wconf 84' lang='lat' dir='ltr'>vultus</span> <span class='ocrx_word' id='word_1_598' title='bbox 1388 5478 1601 5553; x_wconf 85' lang='lat' dir='ltr'>significatione</span> <span class='ocrx_word' id='word_1_599' title='bbox 1625 5473 1811 5546; x_wconf 85' lang='lat' dir='ltr'>monstravit,</span> 
     </span>
     <span class='ocr_line' id='line_1_60' title="bbox 112 5560 1812 5647; baseline -0.005 -17"><span class='ocrx_word' id='word_1_600' title='bbox 112 5574 184 5647; x_wconf 84' lang='lat' dir='ltr'>(Gup</span> <span class='ocrx_word' id='word_1_601' title='bbox 200 5576 233 5633; x_wconf 86' lang='lat' dir='ltr'>de</span> <span class='ocrx_word' id='word_1_602' title='bbox 249 5574 421 5646; x_wconf 79' lang='lat' dir='ltr'>Clostiiton),</span> <span class='ocrx_word' id='word_1_603' title='bbox 440 5572 484 5630; x_wconf 88' lang='lat' dir='ltr'>vir</span> <span class='ocrx_word' id='word_1_604' title='bbox 509 5589 579 5631; x_wconf 88' lang='lat' dir='ltr'>esne</span> <span class='ocrx_word' id='word_1_605' title='bbox 600 5571 788 5644; x_wconf 89' lang='lat' dir='ltr'>conspicuus,</span> <span class='ocrx_word' id='word_1_606' title='bbox 802 5570 937 5645; x_wconf 87' lang='lat' dir='ltr'>interque</span> <span class='ocrx_word' id='word_1_607' title='bbox 990 5568 1292 5643; x_wconf 85' lang='lat' dir='ltr'>liberalisejusiacies</span> <span class='ocrx_word' id='word_1_608' title='bbox 1306 5567 1433 5641; x_wconf 84' lang='lat' dir='ltr'>puritate</span> <span class='ocrx_word' id='word_1_609' title='bbox 1447 5566 1556 5627; x_wconf 92' lang='lat' dir='ltr'>mentis</span> <span class='ocrx_word' id='word_1_610' title='bbox 1563 5565 1725 5635; x_wconf 85' lang='lat' dir='ltr'>incanduit,</span> <span class='ocrx_word' id='word_1_611' title='bbox 1734 5560 1812 5622; x_wconf 87' lang='lat' dir='ltr'>oculi</span> 
     </span>
    </p>
   </div>
   <div class='ocr_carea' id='block_1_9' title="bbox 941 2432 1810 3375">
    <p class='ocr_par' dir='ltr' id='par_1_12' title="bbox 981 2432 1810 3126">
     <span class='ocr_line' id='line_1_61' title="bbox 1021 2432 1810 2505; baseline 0.003 -16"><span class='ocrx_word' id='word_1_612' title='bbox 1021 2435 1094 2489; x_wconf 86' lang='lat' dir='ltr'>Dnm</span> <span class='ocrx_word' id='word_1_613' title='bbox 1110 2432 1268 2489; x_wconf 89' lang='lat' dir='ltr'>comitibus</span> <span class='ocrx_word' id='word_1_614' title='bbox 1282 2432 1459 2505; x_wconf 84' lang='lat' dir='ltr'>experrectis</span> <span class='ocrx_word' id='word_1_615' title='bbox 1474 2433 1656 2490; x_wconf 88' lang='lat' dir='ltr'>matutinum</span> <span class='ocrx_word' id='word_1_616' title='bbox 1670 2432 1728 2490; x_wconf 88' lang='lat' dir='ltr'>iter</span> <span class='ocrx_word' id='word_1_617' title='bbox 1738 2432 1810 2492; x_wconf 83' lang='lat' dir='ltr'>arri·</span> 
     </span>
     <span class='ocr_line' id='line_1_62' title="bbox 983 2521 1808 2596; baseline 0.004 -19"><span class='ocrx_word' id='word_1_618' title='bbox 983 2521 1073 2594; x_wconf 88' lang='lat' dir='ltr'>pitur,</span> <span class='ocrx_word' id='word_1_619' title='bbox 1098 2522 1331 2594; x_wconf 87' lang='lat' dir='ltr'>Remensemque</span> <span class='ocrx_word' id='word_1_620' title='bbox 1356 2521 1503 2578; x_wconf 85' lang='lat' dir='ltr'>civitatem</span> <span class='ocrx_word' id='word_1_621' title='bbox 1526 2536 1630 2578; x_wconf 81' lang='lat' dir='ltr'>versus</span> <span class='ocrx_word' id='word_1_622' title='bbox 1658 2521 1808 2596; x_wconf 85' lang='lat' dir='ltr'>dirigitur,</span> 
     </span>
     <span class='ocr_line' id='line_1_63' title="bbox 983 2609 1808 2684; baseline 0.005 -17"><span class='ocrx_word' id='word_1_623' title='bbox 983 2627 1041 2683; x_wconf 89' lang='lat' dir='ltr'>quo</span> <span class='ocrx_word' id='word_1_624' title='bbox 1049 2609 1808 2684; x_wconf 80' lang='lat' dir='ltr'>postquamventumest,dominoquemetropolituno</span> 
     </span>
     <span class='ocr_line' id='line_1_64' title="bbox 981 2697 1810 2759; baseline 0.007 -6"><span class='ocrx_word' id='word_1_625' title='bbox 981 2697 1117 2755; x_wconf 89' lang='lat' dir='ltr'>innuitur</span> <span class='ocrx_word' id='word_1_626' title='bbox 1130 2699 1233 2755; x_wconf 91' lang='lat' dir='ltr'>adesse</span> <span class='ocrx_word' id='word_1_627' title='bbox 1248 2715 1315 2755; x_wconf 89' lang='lat' dir='ltr'>curn</span> <span class='ocrx_word' id='word_1_628' title='bbox 1331 2699 1394 2755; x_wconf 93' lang='lat' dir='ltr'>suis</span> <span class='ocrx_word' id='word_1_629' title='bbox 1408 2699 1650 2757; x_wconf 84' lang='lat' dir='ltr'>Cameracensem</span> <span class='ocrx_word' id='word_1_630' title='bbox 1663 2698 1810 2759; x_wconf 81' lang='lat' dir='ltr'>archidia-</span> 
     </span>
     <span class='ocr_line' id='line_1_65' title="bbox 982 2786 1806 2863; baseline 0.002 -21"><span class='ocrx_word' id='word_1_631' title='bbox 982 2803 1100 2855; x_wconf 91' lang='lat' dir='ltr'>conum,</span> <span class='ocrx_word' id='word_1_632' title='bbox 1117 2786 1313 2842; x_wconf 87' lang='lat' dir='ltr'>admittuntur</span> <span class='ocrx_word' id='word_1_633' title='bbox 1327 2787 1514 2860; x_wconf 89' lang='lat' dir='ltr'>quantocius,</span> <span class='ocrx_word' id='word_1_634' title='bbox 1530 2786 1691 2845; x_wconf 88' lang='lat' dir='ltr'>inclinatur</span> <span class='ocrx_word' id='word_1_635' title='bbox 1705 2788 1741 2844; x_wconf 92' lang='lat' dir='ltr'>ad</span> <span class='ocrx_word' id='word_1_636' title='bbox 1757 2802 1806 2863; x_wconf 85' lang='lat' dir='ltr'>ge-</span> 
     </span>
     <span class='ocr_line' id='line_1_66' title="bbox 983 2875 1806 2948; baseline 0.004 -17"><span class='ocrx_word' id='word_1_637' title='bbox 983 2893 1051 2944; x_wconf 92' lang='lat' dir='ltr'>nua,</span> <span class='ocrx_word' id='word_1_638' title='bbox 1063 2876 1099 2931; x_wconf 90' lang='lat' dir='ltr'>ad</span> <span class='ocrx_word' id='word_1_639' title='bbox 1110 2875 1211 2931; x_wconf 90' lang='lat' dir='ltr'>oscula</span> <span class='ocrx_word' id='word_1_640' title='bbox 1220 2875 1352 2948; x_wconf 89' lang='lat' dir='ltr'>erigitur,</span> <span class='ocrx_word' id='word_1_641' title='bbox 1364 2875 1479 2932; x_wconf 88' lang='lat' dir='ltr'>cunctis</span> <span class='ocrx_word' id='word_1_642' title='bbox 1490 2875 1615 2932; x_wconf 77' lang='lat' dir='ltr'>invicem</span> <span class='ocrx_word' id='word_1_643' title='bbox 1625 2875 1806 2947; x_wconf 78' lang='lat' dir='ltr'>reselutatin,</span> 
     </span>
     <span class='ocr_line' id='line_1_67' title="bbox 982 2963 1808 3036; baseline 0.004 -16"><span class='ocrx_word' id='word_1_644' title='bbox 982 2981 1077 3020; x_wconf 75' lang='lat' dir='ltr'>causae</span> <span class='ocrx_word' id='word_1_645' title='bbox 1088 2963 1226 3020; x_wconf 89' lang='lat' dir='ltr'>dicuntur</span> <span class='ocrx_word' id='word_1_646' title='bbox 1239 2963 1392 3032; x_wconf 88' lang='lat' dir='ltr'>adventus,</span> <span class='ocrx_word' id='word_1_647' title='bbox 1403 2979 1467 3036; x_wconf 80' lang='lat' dir='ltr'>quas</span> <span class='ocrx_word' id='word_1_648' title='bbox 1478 2980 1546 3020; x_wconf 85' lang='lat' dir='ltr'>mox</span> <span class='ocrx_word' id='word_1_649' title='bbox 1560 2964 1733 3022; x_wconf 84' lang='lat' dir='ltr'>anctoritate</span> <span class='ocrx_word' id='word_1_650' title='bbox 1747 2980 1808 3023; x_wconf 79' lang='grc' dir='ltr'>ωο-</span> 
     </span>
     <span class='ocr_line' id='line_1_68' title="bbox 982 3051 1808 3126; baseline 0.004 -18"><span class='ocrx_word' id='word_1_651' title='bbox 982 3051 1158 3124; x_wconf 89' lang='lat' dir='ltr'>tropolitanu</span> <span class='ocrx_word' id='word_1_652' title='bbox 1168 3052 1405 3122; x_wconf 93' lang='lat' dir='ltr'>corroborantur,</span> <span class='ocrx_word' id='word_1_653' title='bbox 1419 3052 1531 3113; x_wconf 78' lang='lat' dir='ltr'>catenis</span> <span class='ocrx_word' id='word_1_654' title='bbox 1541 3052 1619 3109; x_wconf 89' lang='lat' dir='ltr'>idem</span> <span class='ocrx_word' id='word_1_655' title='bbox 1630 3068 1808 3126; x_wconf 86' lang='lat' dir='ltr'>prosequen-</span> 
     </span>
    </p>

    <p class='ocr_par' dir='ltr' id='par_1_13' title="bbox 941 3140 1808 3375">
     <span class='ocr_line' id='line_1_69' title="bbox 941 3140 1807 3224; baseline 0.003 -28"><span class='ocrx_word' id='word_1_656' title='bbox 941 3156 963 3224; x_wconf 74' lang='lat' dir='ltr'>c</span> <span class='ocrx_word' id='word_1_657' title='bbox 983 3141 1072 3197; x_wconf 90' lang='lat' dir='ltr'>tibus.</span> <span class='ocrx_word' id='word_1_658' title='bbox 1087 3142 1142 3198; x_wconf 88' lang='lat' dir='ltr'>Sed</span> <span class='ocrx_word' id='word_1_659' title='bbox 1159 3141 1229 3212; x_wconf 90' lang='lat' dir='ltr'>quin</span> <span class='ocrx_word' id='word_1_660' title='bbox 1252 3158 1310 3198; x_wconf 91' lang='lat' dir='ltr'>non</span> <span class='ocrx_word' id='word_1_661' title='bbox 1325 3144 1439 3214; x_wconf 90' lang='lat' dir='ltr'>poterat</span> <span class='ocrx_word' id='word_1_662' title='bbox 1462 3145 1545 3199; x_wconf 72' lang='lat' dir='ltr'>muta</span> <span class='ocrx_word' id='word_1_663' title='bbox 1568 3140 1685 3214; x_wconf 86' lang='lat' dir='ltr'>negotia</span> <span class='ocrx_word' id='word_1_664' title='bbox 1707 3141 1807 3199; x_wconf 83' lang='lat' dir='ltr'>subire</span> 
     </span>
     <span class='ocr_line' id='line_1_70' title="bbox 982 3227 1808 3302; baseline 0 -15"><span class='ocrx_word' id='word_1_665' title='bbox 982 3228 1074 3301; x_wconf 87' lang='lat' dir='ltr'>solue,</span> <span class='ocrx_word' id='word_1_666' title='bbox 1090 3227 1187 3302; x_wconf 87' lang='lat' dir='ltr'>agitur</span> <span class='ocrx_word' id='word_1_667' title='bbox 1197 3229 1273 3286; x_wconf 89' lang='lat' dir='ltr'>inter</span> <span class='ocrx_word' id='word_1_668' title='bbox 1281 3245 1331 3286; x_wconf 89' lang='lat' dir='ltr'>eos</span> <span class='ocrx_word' id='word_1_669' title='bbox 1341 3229 1408 3301; x_wconf 91' lang='lat' dir='ltr'>quis</span> <span class='ocrx_word' id='word_1_670' title='bbox 1417 3228 1655 3286; x_wconf 88' lang='lat' dir='ltr'>archidiaconum</span> <span class='ocrx_word' id='word_1_671' title='bbox 1667 3227 1808 3301; x_wconf 79' lang='lat' dir='ltr'>provehet</span> 
     </span>
     <span class='ocr_line' id='line_1_71' title="bbox 980 3318 1182 3375; baseline -0.005 0"><span class='ocrx_word' id='word_1_672' title='bbox 980 3319 1016 3375; x_wconf 91' lang='lat' dir='ltr'>sd</span> <span class='ocrx_word' id='word_1_673' title='bbox 1032 3318 1182 3375; x_wconf 91' lang='lat' dir='ltr'>bonorem.</span> 
     </span>
    </p>
   </div>
   <div class='ocr_carea' id='block_1_10' title="bbox 0 0 1950 6096">
    <p class='ocr_par' dir='ltr' id='par_1_14' title="bbox 0 0 1950 6096">
     <span class='ocr_line' id='line_1_72' title="bbox 0 0 1950 6096; baseline 0 0"><span class='ocrx_word' id='word_1_674' title='bbox 0 0 1950 6096; x_wconf 95' lang='lat' dir='ltr'> </span> 
     </span>
    </p>
   </div>
  </div>
 </body>
</html>
