3892 6096
122 293 167 364 as
627 283 797 377 oratoru
819 315 996 382 nonnam
1018 318 1051 382 s.
1074 318 1321 387 annuarum
1788 320 1831 391 at

123 437 300 502 Testamenti
314 442 490 506 rudimentis
505 448 545 507 ita
555 448 653 507 divina
663 451 728 524 jam
743 451 867 510 stisfscit
881 471 946 528 gra·
961 455 989 524 Α
1003 454 1037 512 lit
1053 461 1084 513 ut
1098 474 1257 531 cognoscas
1273 475 1361 532 quam
1378 456 1502 516 firmiter
1515 457 1591 518 hanc
1606 462 1733 530 teneam,
1748 453 1834 519 rimi·

126 533 167 591 tia
181 539 214 592 ut
230 537 303 594 nihil
317 538 456 597 doctrinas
469 540 553 598 nobis
564 542 601 599 sit
611 559 684 616 opus
700 542 806 601 addere
817 544 948 618 nihilque
1002 545 1158 604 litudinem
1174 550 1333 622 quamdam
1349 549 1452 606 rationi
1470 550 1537 606 huic
1552 555 1651 622 aptam
1667 551 1827 625 subjungo.

126 623 203 683 aliud
229 630 364 699 tractare,
380 629 437 687 uisi
457 648 521 703 qua
544 650 578 690 ex
601 651 701 691 eorum
727 637 883 692 edocemur
906 637 947 695 le·
1038 639 1127 695 Credo
1144 657 1270 712 namque
1285 640 1364 713 quia,
1382 640 1457 697 sicut
1480 641 1662 713 impossihile
1676 646 1721 697 est
1736 644 1829 701 maris

125 717 230 777 dione.
649 749 656 761 ·
1002 728 1213 785 abundantiam
1229 730 1269 785 ita
1288 729 1435 786 exhauriri
1459 735 1492 786 ut
1517 730 1677 803 quidquam
1693 731 1829 789 videatur

60 816 66 823 ’
159 807 353 869 Η.Ριονοιιιίι
380 815 534 888 cujusdam
557 817 844 891 reminiscor,quus
867 824 896 877 et
918 825 947 878 te
1002 817 1163 887 minutiis
1187 821 1274 875 etiam
1300 819 1459 877 divinitatis
1480 837 1611 893 superna
1635 823 1828 893 maiestasah

127 911 242 956 meeum
259 903 407 960 reminisci
421 922 531 977 precor.
544 907 573 963 0.
589 908 689 980 Cujus,
703 909 820 981 quaeso?
832 911 862 965 ff.
874 910 947 975 Ouia
1000 906 1131 963 humana
1155 909 1276 977 ratione,
1296 911 1380 980 juxta
1404 910 1589 983 dignitatem.
1605 909 1649 967 vel
1675 928 1768 984 usquc
1789 899 1828 968 ad

125 987 350 1050 scilicetomnes
375 1012 447 1065 pene
462 996 593 1054 doctores
617 997 743 1055 indoctis
766 998 946 1071 quibuslibet
1001 1003 1155 1068 punctum,
1170 999 1424 1071 nequeatexponi.
1439 999 1518 1054 Mare
1542 999 1621 1055 euim
1640 1001 1727 1072 juxta
1752 1001 1827 1057 hau·

122 1082 173 1133 aut
187 1079 332 1154 ignorant,
350 1101 401 1141 seu
417 1086 614 1159 dedignantur
630 1090 766 1162 compati.
1000 1087 1103 1143 rieutis
1119 1087 1194 1143 vires
1219 1086 1330 1144 hauriri
1351 1087 1469 1160 quidem
1484 1087 1570 1156 valet,
1588 1089 1638 1144 sed
1663 1094 1730 1161 post
1753 1089 1830 1146 hau·

159 1168 188 1225 0.
205 1168 263 1227 Cur
277 1168 515 1246 iatsinquisflf.
532 1179 673 1244 Quoniam
689 1178 859 1251 ignorantia
875 1195 945 1235 mea
1000 1179 1079 1232 stum
1106 1175 1187 1232 nulla
1214 1194 1335 1250 prorsus
1361 1176 1566 1233 diminutionis
1595 1177 1679 1251 signa
1706 1179 1828 1251 praehet.

124 1259 265 1317 molestiis
280 1262 352 1319 nihil
378 1264 544 1323 addendum
560 1285 624 1323 asse
647 1268 757 1333 dixisti,
774 1268 830 1324 nisi
854 1273 887 1323 ut
911 1285 945 1324 ea
1000 1265 1083 1321 Haud
1108 1266 1194 1322 aliter
1215 1267 1385 1340 quaquella
1402 1268 1457 1322 Deo
1484 1265 1701 1339 aliquantulum
1732 1273 1829 1341 potest
1871 1260 1875 1269 ⁴

124 1362 187 1423 que
199 1351 262 1423 jam
278 1353 388 1426 scripta
402 1359 472 1411 sunt
486 1355 580 1430 legere
595 1374 724 1424 conarer,
740 1358 824 1431 quasi
839 1357 944 1414 amodo
1000 1355 1160 1428 disputari;
1177 1357 1227 1412 sed
1243 1357 1428 1429 profunditas
1443 1360 1471 1412 et
1488 1355 1827 1430 magnitudo-sapientis

124 1438 234 1512 nullus,
247 1441 302 1497 nisi
319 1447 405 1501 antea
415 1445 541 1502 discussi
557 1448 674 1516 erroris,
687 1448 755 1503 oriri
767 1447 862 1503 valeat
877 1464 945 1503 cau·
1000 1445 1064 1515 ejus
1080 1445 1279 1518 disputatione
1295 1445 1376 1502 nulla
1398 1447 1439 1502 ita
1462 1445 1538 1502 valet
1562 1447 1773 1518 comprehendi
1795 1451 1829 1503 ut

123 1541 165 1596 aa,
177 1529 220 1586 vel
236 1531 388 1590 enucleare
414 1551 464 1607 per
490 1552 537 1592 me
565 1536 827 1608 possim-universa
856 1554 944 1593 sacre
1000 1533 1160 1606 quidquam
1195 1536 1323 1609 patiatur
1360 1535 1517 1591 exhauriri.
1554 1540 1623 1591 Ecce
1656 1535 1830 1606 credulitas,

122 1617 277 1691 scriptura
292 1621 378 1678 dicta.
395 1623 476 1680 Unde
492 1641 594 1697 precor
609 1625 730 1681 inscitia
746 1643 816 1682 meos
832 1625 944 1698 paulis·
999 1640 1087 1698 quam
1104 1625 1139 1679 de
1156 1626 1212 1681 Deo
1226 1642 1278 1697 per
1297 1625 1521 1682 similitudinem
1538 1623 1683 1697 prolatam
1707 1625 1827 1682 indubi-

120 1720 172 1779 per
185 1710 402 1767 condescendas
421 1717 458 1784 et,
474 1713 497 1770 si
515 1730 574 1786 qua
597 1714 772 1781 indiscussa,
788 1715 831 1771 rel
846 1715 945 1788 ignota
998 1715 1095 1769 tanter
1109 1714 1232 1771 retinere
1246 1732 1292 1770 me
1307 1715 1384 1771 scias
1396 1731 1402 1769 :
1416 1715 1494 1770 uude
1507 1731 1610 1786 precor
1623 1714 1695 1770 mihi
1713 1715 1829 1788 aliqua-

120 1798 295 1869 exquisiero‚
310 1817 438 1858 reserare
453 1803 583 1859 studeas.
999 1806 1085 1859 tenus
1100 1821 1134 1860 ea
1149 1821 1212 1876 quas
1229 1804 1365 1877 superius
1381 1803 1486 1877 expetii
1503 1804 1627 1876 operias,
1644 1804 1771 1876 qualiter
1785 1805 1829 1860 vi·

155 1886 185 1942 0.
203 1887 292 1944 Miror
306 1890 377 1960 quid
394 1892 429 1946 de
445 1891 491 1947 his
515 1909 578 1965 quae
593 1893 735 1950 duntaxat
756 1895 942 1951 discutienda
999 1892 1115 1960 delicet,
1127 1895 1211 1964 Juxta
1237 1893 1437 1960 psalmistam,
1454 1916 1468 1944 a
1486 1893 1686 1949 Misericordia
1710 1893 1828 1950 Domini

121 1979 150 2030 e't
165 1979 341 2048 requirenda
364 1980 431 2052 [rod.
449 1984 528 2038 druc.
545 1983 735 2058 exquirenda]
751 1988 820 2040 suut
842 1985 943 2057 exqui-
998 1981 1084 2054 plena
1099 1985 1137 2039 sit
1151 1987 1230 2039 terra
1246 2001 1279 2037 z»
1296 2000 1362 2039 cum
1379 1987 1461 2039 tanta
1482 1983 1675 2039 afflictionum
1692 1982 1828 2039 miseria-

119 2079 181 2120 rero
197 2067 309 2139 cupias,
320 2069 389 2141 quid
404 2087 462 2127 non
478 2071 654 2144 exquisitum
672 2077 758 2146 atque
773 2074 942 2131 discussum
998 2088 1134 2145 rumque,
1145 2089 1198 2128 uec
1210 2090 1268 2129 noa
1284 2073 1453 2146 fragilitatis
1465 2073 1601 2128 humana
1613 2071 1748 2129 molestia
1763 2090 1827 2130 onr-

121 2153 227 2229 alicubi
243 2158 369 2229 reperire
392 2160 509 2218 valeas?
524 2163 577 2220 Sed
591 2179 643 2220 cur
666 2163 790 2221 moraris
814 2164 943 2237 preferre
997 2163 1043 2219 nis
1057 2179 1131 2235 pene
1146 2163 1276 2219 mundus
1291 2162 1412 2219 laboret.

119 2244 189 2320 quid
206 2246 298 2304 velis?
1033 2253 1063 2309 0.
1080 2257 1118 2309 De
1133 2251 1370 2325 hacqaastione,
1381 2251 1449 2309 licet
1465 2252 1595 2324 primum
1610 2252 1823 2322 exhorruerim,

441 2361 557 2420 CAPUT
578 2366 611 2421 ΗΙ
991 2342 1054 2414 J‘am
1070 2341 1206 2398 delectari
1223 2341 1341 2414 incipio,
1358 2358 1425 2398 cum
1449 2346 1477 2398 te
1498 2346 1580 2397 tanta
1593 2343 1649 2397 frde
1664 2342 1826 2414 premuni-

117 2420 252 2518 ΝΜΟ
271 2451 461 2508 mimicorgia
482 2454 566 2524 prm
580 2455 690 2510 dm,
713 2464 796 2523 lma,
813 2471 877 2511 cum
901 2457 942 2510 ω,
993 2437 1057 2488 turn
1073 2431 1178 2488 sentio.
1195 2434 1247 2487 Sec
1262 2431 1339 2488 sicut
1362 2435 1404 2500 tu,
1421 2435 1454 2487 ut
1473 2431 1603 2504 apertius
1627 2430 1781 2487 intimares
1796 2435 1824 2487 te

324 2525 407 2580 maiia
421 2525 588 2597 affligantur
602 2526 733 2583 homines.
994 2521 1051 2577 flde
1066 2525 1167 2577 sauata
1182 2520 1341 2587 imbutum,
1358 2521 1546 2594 assumpsisti
1561 2519 1763 2577 similitudinis
1774 2538 1820 2577 ar·

151 2646 245 2702 Heiar.
262 2647 343 2712 Quod
368 2648 458 2721 igitur
484 2650 571 2722 paulo
599 2656 666 2708 ante
685 2652 783 2708 dixisti
809 2651 938 2707 divinam
984 2613 1179 2710 'gwntum’
1196 2611 1236 2666 im
1258 2628 1385 2684 q⁰⁰q¹¹02
1401 2611 1472 2683 (ΨΜ
1499 2615 1581 2666 tanta
1604 2609 1725 2682 (ΜΗΘ
1750 2627 1820 2679 ¹¹⁰⁰,

168 2733 189 2789 t.
258 2736 264 2748 .
379 2739 385 2751 .
517 2740 522 2752 .
612 2741 616 2753 .
697 2741 703 2754 .
770 2741 775 2752 .
902 2741 908 2753 .
994 2715 1050 2754 nisi
1065 2716 1116 2772 per
1131 2698 1351 2767 similitudines,
1364 2699 1468 2772 exponi
1483 2699 1569 2771 valet,
1582 2715 1627 2754 me
1643 2699 1745 2754 eadem
1762 2698 1823 2755 fac-

115 2748 167 2833 gra
181 2752 241 2791 ram
255 2753 286 2792 ru
306 2740 445 2796 omnibus
458 2742 635 2798 rudimentis
650 2743 827 2798 satisfecisse
842 2742 938 2810 nobas,
992 2791 1093 2845 turum
1151 2789 1170 2845 t.
1212 2792 1223 2844 t
1320 2790 1399 2845 (ΓΗ
1501 2789 1507 2799 ,
1572 2768 1604 2843 ‘h
1776 2789 1822 2844 l·

114 2827 155 2878 xta
170 2838 235 2880 esse
249 2825 350 2884 fateor.
364 2829 458 2885 Movet
471 2833 570 2886 autem
586 2847 633 2886 me
648 2828 936 2902 aliquantum‚quia,
1113 2806 1256 2861 pamm
1279 2807 1315 2845 ω
1340 2807 1358 2844 ¹¹
1401 2806 1431 2845 ⁸⁸
1461 2806 1540 2845 emm
1568 2805 1693 2844 ⁰⁵⁰⁰m
1719 2804 1804 2861 “pa

114 2927 182 2968 eum
207 2914 349 2986 scriptum
374 2917 436 2973 sit:
457 2917 641 2975 Misericordia
661 2920 771 2977 Domini
793 2920 875 2990 plena
898 2922 938 2974 est
993 2877 1555 2978 Μᾷᾶεἰῖῃῃίωῶῃθἱῃᾱῑβθῑώᾳῦἃζ
1612 2965 1618 2977 ,
1724 2966 1730 2978 .

1029 2968 1121 3039 Igitur
1136 2970 1230 3023 instar
1242 2966 1358 3033 scholas,
1376 2985 1406 3022 ιιι
1421 2983 1480 3039 qua
1495 2970 1638 3040 sapientia
1650 2968 1824 3023 omnimoda

113 3008 190 3058 terre
213 3003 299 3075 (Psai.
315 3006 414 3078 xxxxi),
430 3012 459 3062 et
474 3023 524 3079 par
547 3024 611 3064 eam
626 3008 720 3065 vivere
743 3011 772 3064 et
795 3024 860 3063 esse
884 3024 937 3063 nos
1125 3057 1130 3067 .

112 3090 278 3158 credamus,
291 3092 392 3150 multis
403 3099 500 3151 tamen
512 3094 654 3153 molestiis
664 3102 693 3153 et
703 3096 830 3153 miseriis
841 3095 870 3151 in
882 3095 938 3152 hoa
991 3061 1087 3157 eistat
1102 3057 1253 3156 d¹s⁰ef¹d⁸'
1265 3074 1393 3157 prmius
1406 3073 1560 3155 ⁸.⁸⁰p³m⁰
1573 3072 1749 3155 sufnm⁰qu⁰
1764 3056 1824 3112 ΜΨ

991 3149 1083 3215 gistro
1098 3149 1258 3200 constituta
1270 3152 1313 3202 est
1324 3150 1393 3201 vita.
1406 3147 1487 3202 Sicut
1497 3149 1595 3201 autem
1610 3161 1640 3199 ιιι
1655 3144 1755 3201 schola
1771 3161 1822 3201 ne·

112 3178 227 3326 {affl
240 3182 382 3327 {iduum
404 3200 498 3255 ΜΗΘ
511 3186 547 3241 ad
565 3186 654 3331 ⁶⁰2(ss
679 3190 753 3251 Μ’
764 3201 935 3331 gravam
952 3216 974 3283 C
993 3249 1074 3290 cassa
1089 3238 1134 3290 est
1148 3251 1212 3291 asse
1226 3235 1306 3291 varia
1321 3234 1483 3307 discipline
1503 3250 1621 3307 genera,
1633 3250 1691 3290 ¹¹⁰⁰
1714 3233 1751 3290 ⁰¹³
1767 3233 1823 3290 ¹¹⁰⁰

314 3288 370 3345 ‘³¹¹⁸
393 3290 457 3330 ⁰⁸⁸⁰
480 3292 537 3330 ⁰⁰¹¹
562 3292 609 3330 ⁸¹¹¹
633 3292 680 3347 ¹3⁰
704 3291 762 3347 ‘³⁰⁰
805 3291 936 3346 ωηο·
993 3329 1036 3388 ut,
1047 3323 1091 3379 vel
1107 3325 1263 3396 quisquam
1280 3340 1332 3396 per
1346 3324 1406 3380 haec
1421 3323 1548 3380 afflictus
1559 3316 1692 3392 intereat,
1701 3321 1745 3378 vel
1759 3338 1823 3379 om·

114 3358 182 3428 Sed,
195 3362 340 3433 quomodo
354 3379 457 3419 verum
473 3363 512 3420 sit
536 3365 612 3436 qnod
630 3365 660 3420 iu
675 3369 757 3420 tanta
772 3363 938 3420 diversitate
964 3428 974 3445 ι
994 3429 1046 3468 nes
1061 3414 1180 3485 pariter,
1197 3415 1247 3469 sed
1261 3418 1303 3481 ut,
1318 3417 1404 3486 prout
1419 3418 1490 3469 ms
1505 3416 1557 3468 aut
1573 3413 1709 3468 meritum
1726 3413 1826 3484 quus-

114 3453 259 3518 versatur,
270 3450 409 3524 ignoraus
433 3453 457 3510 si
478 3454 640 3526 quidquam
668 3454 771 3510 exinde
787 3458 890 3525 praeter
903 3453 937 3508 fi·
1293 3504 1299 3514 .
1435 3520 1441 3533 ⁶
1475 3502 1481 3513 .
1544 3501 1550 3515 .
1691 3500 1698 3513 .

116 3538 182 3594 dem
199 3540 365 3596 ratiocinari
384 3541 479 3607 liceat,
495 3541 626 3598 intimari
639 3558 726 3613 posco
754 3541 938 3598 Multaenim
994 3503 1206 3600 q⁰⁰p⁰⁵tu¹ffb
1235 3503 1450 3602 ³¹h¹b⁰⁸¹¹t¹ffrl
1473 3507 1514 3557 “a
1542 3519 1572 3558 ¹¹¹
1603 3501 1823 3603 immadi&

109 3622 182 3698 legi,
198 3628 249 3684 sed
266 3646 413 3702 nusquam
436 3630 607 3702 hujusmodi
622 3629 812 3702 (limationem
828 3630 938 3691 molu-
993 3591 1094 3648 schola
1110 3608 1239 3647 maxima
1262 3590 1558 3664 cst,plur1m1sopus
1582 3595 1637 3646 errt
1661 3591 1825 3662 disarphnsr

352 3704 356 3709 ·
993 3679 1212 3752 instrumentis,
1225 3680 1299 3737 nulli
1315 3682 1349 3738 ad
1366 3679 1527 3752 interitum,
1539 3680 1589 3735 sad
1606 3679 1641 3735 ad
1658 3679 1826 3750 profectum

115 3716 174 3771 tam
190 3733 319 3773 invenire
334 3722 426 3789 potui.
1194 3769 1258 3834 Qun
1282 3771 1317 3825 de
1337 3787 1368 3827 re
1384 3769 1445 3826 ΜΟ
1461 3773 1506 3825 932
1528 3769 1624 3842 prima
1647 3767 1766 3839 pietati,
1780 3769 1828 3824 di.

994 3858 1068 3914 uine
1083 3858 1266 3931 dispensatio
1282 3864 1324 3930 ut,
1338 3859 1408 3931 qula
1423 3859 1567 3932 fragilitas
1582 3858 1714 3913 humana
1729 3873 1780 3929 per
1795 3875 1826 3915 se

995 3947 1166 4004 nullatenus
1181 3948 1258 4004 valet
1273 3949 1444 4017 subsistere,
1461 3947 1577 4003 nutanti
1592 3945 1762 4002 omnimoda
1777 3962 1825 4001 oc-

994 4039 1103 4103 currat,
1115 4041 1166 4092 aut
1178 4035 1308 4104 lenitate,
1319 4036 1364 4093 vel
1375 4037 1546 4110 asperitate;
1562 4034 1654 4090 multo
1666 4034 1744 4090 enim
1762 4050 1824 4090 me-

994 4123 1051 4180 lius
1066 4124 1301 4199 clementiusque
1316 4129 1361 4182 est
1383 4126 1419 4181 ad
1431 4132 1432 4139 ’
1442 4124 1604 4198 praecipitia
1618 4126 1824 4198 properantem

117 4168 210 4232 neret,
227 4164 412 4237 loquebaris?
426 4163 543 4238 suscipe
560 4164 650 4238 igitur
666 4164 845 4238 interrogata
859 4181 940 4222 com·
995 4212 1094 4286 aliquo
1109 4215 1197 4271 modo
1214 4212 1356 4288 impedire
1371 4231 1460 4288 quam
1475 4213 1652 4273 consentire·

152 3806 182 3863 0.
199 3807 271 3863 Rem
286 3824 303 3864 a
319 3823 365 3863 me
383 3807 485 3880 exigis,
502 3824 591 3880 quam
615 3808 717 3882 lingua
731 3811 760 3864 et
775 3824 857 3864 meus
873 3824 940 3880 pro·
995 3768 1176 3842 mmmm·

115 3895 218 3952 testari
234 3895 336 3968 nequit
352 3895 422 3952 ulla.

153 3987 185 4041 ff.
201 3988 258 4041 Cur
285 3984 340 4042 hoc
364 3985 451 4042 niodo
475 3985 589 4057 objicis,
605 3986 656 4058 qui
680 3987 774 4059 prius,
789 3988 874 4060 quasi
898 3985 940 4042 nil

116 4074 255 4146 cuiquam
272 4074 351 4131 flrlali
365 4074 539 4147 questionis
553 4076 658 4131 amodo
680 4077 829 4133 movenda
845 4093 940 4133 rema·

115 4254 238 4327 patienti
253 4254 479 4328 animatque
491 4253 559 4311 hino
574 4254 694 4311 scienda
706 4271 808 4312 censes
823 4255 938 4312 edicito.

114 4341 215 4417 Neque
230 4343 309 4400 enim
323 4343 448 4417 gratiam
458 4342 597 4412 divinam,
610 4361 669 4416 qua
682 4348 761 4401 terra
775 4343 862 4417 plena
875 4359 940 4401 esse
1317 4339 1433 4396 CAPUT
1451 4340 1498 4395 llf.

115 4432 292 4491 describitur
306 4448 424 4505 quaque
438 4432 526 4489 etiam
552 4433 678 4490 ccelestis
698 4432 793 4506 patria
807 4439 940 4492 constare
993 4428 1067 4486 deur
1080 4430 1224 4502 singulari
1238 4429 1357 4513 quadarn
1380 4431 1483 4502 pietate
1494 4429 1622 4511 permisit
1634 4431 1677 4511 'at
1700 4427 1781 4484 fremo
1796 4424 1827 4483 iri

116 4522 255 4594 creditur,
280 4521 323 4579 ita
349 4521 635 4594 incircumscriptam
663 4538 727 4579 esse
752 4523 878 4580 arbitror
906 4528 940 4580 ut
1155 4502 1223 4558 b⁰¹²⁰
1238 4509 1264 4558 ⁶²
1278 4509 1369 4573 dfssltss
1388 4517 1444 4556 ἢθη
1459 4504 1527 4557 “⁵⁶²
1540 4500 1664 4556 “ablin-

119 4612 193 4673 uulli
208 4628 384 4686 sermonem,
399 4609 472 4670 nulli
487 4611 591 4669 saltam
606 4611 858 4668 ratiocinationem
873 4589 981 4669 hinoD
1032 4609 1128 4665 lleinr.
1144 4607 1202 4664 Gur
1216 4625 1285 4681 ergo
1302 4609 1388 4677 Deus,
1404 4623 1471 4664 cum
1497 4607 1537 4664 sit
1552 4605 1740 4679 omnipotens
1762 4621 1827 4662 om-

119 4703 229 4778 agitare
242 4702 338 4760 liceat.
997 4696 1163 4770 cinquant
1183 4697 1325 4771 scriptum
1350 4701 1406 4765 est,
1419 4713 1483 4770 quae
1508 4694 1600 4752 voluit
1623 4695 1724 4752 fecerit
1737 4695 1824 4768 (Psal.

156 4792 187 4849 0.
204 4792 282 4848 Licet
296 4792 407 4865 absque
421 4792 512 4850 dubio
532 4790 681 4863 omnihus,
698 4793 785 4863 prout
803 4790 942 4863 passibile
997 4787 1087 4860 exui),
1105 4803 1163 4844 aon
1188 4787 1260 4844 adea
1285 4785 1422 4843 stabilem
1447 4802 1481 4844 aa
1504 4786 1658 4842 robustum
1674 4784 1826 4841 hominem

118 4884 172 4950 est,
189 4880 301 4953 optima
315 4897 437 4955 qusque
460 4883 495 4938 de
510 4881 569 4938 Deo
592 4879 761 4937 ratiocinari
777 4883 806 4936 st
819 4879 942 4935 investi·
997 4877 1129 4934 condidit
1143 4880 1175 4933 at
1189 4876 1300 4949 absque
1314 4875 1380 4947 hat]
1397 4892 1485 4948 quam
1501 4874 1584 4942 dicis,
1602 4876 1767 4931 necessaria
1780 4872 1827 4929 di-

116 4986 197 5045 gare,
213 4971 368 5028 Psalmista
382 4987 417 5027 ex
430 4986 556 5044 persona
569 4968 682 5026 Domini
698 4971 877 5025 attestante:
896 4971 943 5027 Va·
996 4964 1126 5040 saiplina
1142 4965 1277 5023 molestia
1301 4969 1379 5022 stare
1394 4965 1515 5038 passet‘l
1535 4962 1651 5021 videtur
1665 4963 1744 5021 enim
1771 4961 1826 5020 ali·

116 5063 177 5119 cate
195 5069 224 5118 et
245 5060 334 5118 uidete
358 5062 488 5133 quereiam
514 5074 566 5133 epo
593 5075 654 5114 sam
680 5059 750 5115 Deus
763 5060 851 5130 (Psoi.
866 5059 940 5130 xcv).
997 5056 1075 5129 quod
1090 5055 1269 5127 impotentia
1284 5055 1341 5113 han
1355 5070 1420 5112 assa
1434 5052 1589 5110 indicium.

116 5149 192 5218 Quia
205 5148 433 5225 igiturcharitaa
443 5152 488 5206 est
499 5153 584 5220 Deus,
596 5148 691 5223 gratia
701 5153 801 5205 autem
812 5148 862 5205 Dei
873 5149 942 5207 cha·
1032 5146 1063 5203 0.
1080 5145 1143 5203 Non
1158 5144 1269 5212 omnia,
1284 5145 1326 5201 ita
1349 5146 1382 5200 ut
1406 5143 1554 5211 videntur,
1568 5145 1639 5200 suut
1660 5142 1825 5215 pensanda.

118 5239 208 5310 ritas,
223 5238 270 5298 Dei
282 5239 379 5314 gratia
393 5255 462 5313 ergo
477 5238 555 5297 Deus
574 5242 629 5296 est.
638 5239 731 5307 Quam
745 5238 782 5295 ab
798 5254 859 5295 rem
874 5252 943 5295 cnm
981 5239 1074 5312 ‚Deus
1085 5250 1224 5306 namque,
1236 5232 1313 5290 sicut
1323 5231 1521 5307 amnipotens,
1532 5231 1723 5303 itaetjustus
1733 5229 1828 5288 simul

119 5344 222 5387 uacare
236 5331 265 5386 et
278 5327 376 5386 videre
391 5327 595 5403 precipiamur
604 5328 684 5401 quad
693 5327 771 5386 Deus
785 5327 833 5398 sit,
844 5325 942 5401 iuqui-
997 5326 1026 5382 et
1039 5324 1201 5393 bonusest,
1212 5320 1720 5396 ideoque‚quouiamvoluntasejas
1732 5320 1826 5395 nulls,

120 5434 184 5476 rere
194 5417 323 5492 profecto
333 5416 520 5491 precipimur
530 5416 655 5490 gratiam
664 5415 942 5474 Dei.Verumtamen
997 5412 1054 5470 uisi
1064 5413 1148 5486 justa
1161 5414 1190 5469 at
1204 5412 1291 5486 hana,
1303 5411 1501 5487 amplectitur,
1516 5409 1621 5470 merito
1636 5410 1748 5480 amnia,
1759 5426 1825 5485 qun

121 5507 222 5567 omnia
235 5506 335 5564 divina
348 5506 390 5564 sic
403 5505 580 5581 inquirenda
593 5509 664 5563 sunt
678 5509 711 5562 ut
728 5505 816 5581 digne
829 5522 863 5563 ac
876 5520 943 5580 per·
996 5503 1074 5561 Deus
1101 5501 1173 5574 vult,
1188 5502 1282 5561 facere
1310 5503 1428 5562 dicitur.
1448 5501 1523 5559 aum
1549 5515 1619 5576 ergo
1644 5497 1759 5559 dictum
1783 5498 1826 5558 sit

120 5597 195 5656 fecte
208 5613 226 5655 a
239 5595 320 5653 nulla
335 5596 451 5654 diciaci
465 5594 575 5671 percipi
590 5610 677 5668 posse
691 5595 858 5651 credantur.
996 5593 1143 5667 quamodo
1158 5591 1268 5665 omnia,
1279 5608 1343 5667 que
1352 5597 1430 5661 Deus
1443 5589 1524 5660 velit,
1536 5589 1631 5651 facere
1644 5585 1740 5669 possit
1752 5604 1825 5651 aaa·

155 5689 189 5746 il.
204 5690 265 5746 Hac
279 5685 421 5746 nimirum
431 5686 488 5744 fide
498 5683 624 5744 arbitror
638 5698 685 5740 me
698 5682 772 5742 satis
781 5682 940 5742 imbutum.
996 5678 1187 5744 siderandum
1212 5687 1258 5744 eat
1279 5699 1344 5757 que
1372 5680 1403 5744 iu
1431 5680 1554 5744 fiamine
1578 5673 1715 5759 voluerit,
1728 5685 1824 5755 uque
