<?xml version="1.0" encoding="UTF-8"?>
<!DOCTYPE html PUBLIC "-//W3C//DTD XHTML 1.0 Transitional//EN"
    "http://www.w3.org/TR/xhtml1/DTD/xhtml1-transitional.dtd">
<html xmlns="http://www.w3.org/1999/xhtml" xml:lang="en" lang="en">
 <head>
  <title>
</title>
<meta http-equiv="Content-Type" content="text/html;charset=utf-8" />
  <meta name='ocr-system' content='tesseract 3.04.00' />
  <meta name='ocr-capabilities' content='ocr_page ocr_carea ocr_par ocr_line ocrx_word'/>
</head>
<body>
  <div class='ocr_page' id='page_1' title='image "./patrologiaecurs01unkngoog_0675.png"; bbox 0 0 3892 6096; ppageno 0'>
   <div class='ocr_carea' id='block_1_1' title="bbox 570 378 1688 448">
    <p class='ocr_par' dir='ltr' id='par_1_1' title="bbox 570 378 1688 448">
     <span class='ocr_line' id='line_1_1' title="bbox 570 378 1688 448; baseline 0 -4"><span class='ocrx_word' id='word_1_1' title='bbox 570 380 775 445; x_wconf 64' lang='lat' dir='ltr'><strong>llPl‘l&#39;l&#39;ObAE</strong></span> <span class='ocrx_word' id='word_1_2' title='bbox 794 381 847 445; x_wconf 77' lang='lat' dir='ltr'><strong>ut·</strong></span> <span class='ocrx_word' id='word_1_3' title='bbox 866 379 1108 448; x_wconf 73' lang='lat' dir='ltr'><strong>DlPLOMA&#39;l&#39;A.</strong></span> <span class='ocrx_word' id='word_1_4' title='bbox 1609 378 1688 446; x_wconf 62' lang='lat' dir='ltr'><strong>lii!</strong></span> 
     </span>
    </p>
   </div>
   <div class='ocr_carea' id='block_1_2' title="bbox 93 508 1686 854">
    <p class='ocr_par' dir='ltr' id='par_1_2' title="bbox 93 508 1686 678">
     <span class='ocr_line' id='line_1_2' title="bbox 93 508 1686 590; baseline 0.004 -24"><span class='ocrx_word' id='word_1_5' title='bbox 93 510 132 567; x_wconf 90' lang='lat' dir='ltr'><strong>nt.</strong></span> <span class='ocrx_word' id='word_1_6' title='bbox 147 508 176 567; x_wconf 88' lang='lat' dir='ltr'><strong>si</strong></span> <span class='ocrx_word' id='word_1_7' title='bbox 191 509 258 585; x_wconf 90' lang='lat' dir='ltr'><strong>quis</strong></span> <span class='ocrx_word' id='word_1_8' title='bbox 273 510 364 585; x_wconf 74' lang='lat' dir='ltr'><strong>igitur</strong></span> <span class='ocrx_word' id='word_1_9' title='bbox 377 513 531 571; x_wconf 87' lang='lat' dir='ltr'><strong>temerario</strong></span> <span class='ocrx_word' id='word_1_10' title='bbox 546 530 638 571; x_wconf 89' lang='lat' dir='ltr'><strong>ausus</strong></span> <span class='ocrx_word' id='word_1_11' title='bbox 649 514 741 588; x_wconf 89' lang='lat' dir='ltr'><strong>hujus</strong></span> <span class='ocrx_word' id='word_1_12' title='bbox 756 531 805 571; x_wconf 94' lang='lat' dir='ltr'><strong>no·</strong></span> <span class='ocrx_word' id='word_1_13' title='bbox 819 514 845 581; x_wconf 75' lang='grc' dir='ltr'>Α</span> <span class='ocrx_word' id='word_1_14' title='bbox 861 515 910 587; x_wconf 89' lang='lat' dir='ltr'><strong>pio</strong></span> <span class='ocrx_word' id='word_1_15' title='bbox 923 514 1031 573; x_wconf 90' lang='lat' dir='ltr'><strong>intuitu</strong></span> <span class='ocrx_word' id='word_1_16' title='bbox 1044 520 1144 575; x_wconf 89' lang='lat' dir='ltr'><strong>custos</strong></span> <span class='ocrx_word' id='word_1_17' title='bbox 1159 519 1188 574; x_wconf 88' lang='lat' dir='ltr'><strong>et</strong></span> <span class='ocrx_word' id='word_1_18' title='bbox 1202 516 1371 576; x_wconf 83' lang='lat' dir='ltr'><strong>observator</strong></span> <span class='ocrx_word' id='word_1_19' title='bbox 1389 511 1524 584; x_wconf 81' lang='lat' dir='ltr'><strong>extiterit,</strong></span> <span class='ocrx_word' id='word_1_20' title='bbox 1539 512 1686 590; x_wconf 86' lang='lat' dir='ltr'><strong>repleatur</strong></span> 
     </span>
     <span class='ocr_line' id='line_1_3' title="bbox 93 600 1441 678; baseline 0.004 -24"><span class='ocrx_word' id='word_1_21' title='bbox 93 600 224 657; x_wconf 81' lang='lat' dir='ltr'><strong>‚notionis</strong></span> <span class='ocrx_word' id='word_1_22' title='bbox 235 602 376 676; x_wconf 87' lang='lat' dir='ltr'><strong>scripturn</strong></span> <span class='ocrx_word' id='word_1_23' title='bbox 393 602 499 660; x_wconf 85' lang='lat' dir='ltr'><strong>violare</strong></span> <span class='ocrx_word' id='word_1_24' title='bbox 512 603 742 676; x_wconf 62' lang='lat' dir='ltr'><strong>praesumpserit,</strong></span> <span class='ocrx_word' id='word_1_25' title='bbox 757 620 807 660; x_wconf 90' lang='lat' dir='ltr'><strong>au·</strong></span> <span class='ocrx_word' id='word_1_26' title='bbox 861 603 1022 663; x_wconf 82' lang='lat' dir='ltr'><strong>abundatia</strong></span> <span class='ocrx_word' id='word_1_27' title='bbox 1035 606 1202 678; x_wconf 81' lang='lat' dir='ltr'><strong>apostolica</strong></span> <span class='ocrx_word' id='word_1_28' title='bbox 1217 604 1441 662; x_wconf 77' lang='lat' dir='ltr'><strong>benedictionis.</strong></span> 
     </span>
    </p>

    <p class='ocr_par' dir='ltr' id='par_1_3' title="bbox 93 690 1684 854">
     <span class='ocr_line' id='line_1_4' title="bbox 93 690 1684 768; baseline 0.005 -24"><span class='ocrx_word' id='word_1_29' title='bbox 93 692 116 744; x_wconf 88' lang='lat' dir='ltr'><strong>te</strong></span> <span class='ocrx_word' id='word_1_30' title='bbox 125 690 278 747; x_wconf 89' lang='lat' dir='ltr'><strong>beatorum</strong></span> <span class='ocrx_word' id='word_1_31' title='bbox 294 692 492 764; x_wconf 89' lang='lat' dir='ltr'><strong>apostolorum</strong></span> <span class='ocrx_word' id='word_1_32' title='bbox 508 692 582 749; x_wconf 90' lang='lat' dir='ltr'><strong>Petri</strong></span> <span class='ocrx_word' id='word_1_33' title='bbox 597 697 625 751; x_wconf 90' lang='lat' dir='ltr'><strong>at</strong></span> <span class='ocrx_word' id='word_1_34' title='bbox 636 691 718 749; x_wconf 91' lang='lat' dir='ltr'><strong>Pauli</strong></span> <span class='ocrx_word' id='word_1_35' title='bbox 733 691 807 749; x_wconf 90' lang='lat' dir='ltr'><strong>sciat</strong></span> <span class='ocrx_word' id='word_1_36' title='bbox 896 693 1003 751; x_wconf 89' lang='lat' dir='ltr'><strong>Datum</strong></span> <span class='ocrx_word' id='word_1_37' title='bbox 1018 695 1151 751; x_wconf 75' lang='lat' dir='ltr'><strong>Laterani</strong></span> <span class='ocrx_word' id='word_1_38' title='bbox 1166 712 1213 750; x_wconf 85' lang='lat' dir='ltr'><strong>xrv</strong></span> <span class='ocrx_word' id='word_1_39' title='bbox 1229 693 1290 751; x_wconf 85' lang='lat' dir='ltr'><strong>Kal.</strong></span> <span class='ocrx_word' id='word_1_40' title='bbox 1306 692 1414 767; x_wconf 79' lang='lat' dir='ltr'><strong>Aprilis</strong></span> <span class='ocrx_word' id='word_1_41' title='bbox 1424 710 1476 768; x_wconf 86' lang='lat' dir='ltr'><strong>per</strong></span> <span class='ocrx_word' id='word_1_42' title='bbox 1486 710 1592 750; x_wconf 82' lang='lat' dir='ltr'><strong>munus</strong></span> <span class='ocrx_word' id='word_1_43' title='bbox 1605 694 1684 752; x_wconf 90' lang='lat' dir='ltr'><strong>Petri</strong></span> 
     </span>
     <span class='ocr_line' id='line_1_5' title="bbox 94 777 1683 854; baseline 0.005 -22"><span class='ocrx_word' id='word_1_44' title='bbox 94 777 214 834; x_wconf 90' lang='lat' dir='ltr'><strong>odatum</strong></span> <span class='ocrx_word' id='word_1_45' title='bbox 237 779 353 837; x_wconf 87' lang='lat' dir='ltr'><strong>vinculo</strong></span> <span class='ocrx_word' id='word_1_46' title='bbox 377 781 670 853; x_wconf 80' lang='lat' dir='ltr'><strong>excommunationis,</strong></span> <span class='ocrx_word' id='word_1_47' title='bbox 697 797 805 854; x_wconf 85' lang='lat' dir='ltr'><strong>quous·</strong></span> <span class='ocrx_word' id='word_1_48' title='bbox 860 787 966 839; x_wconf 80' lang='lat' dir='ltr'><strong>sancta</strong></span> <span class='ocrx_word' id='word_1_49' title='bbox 981 783 1118 840; x_wconf 81' lang='lat' dir='ltr'><strong>Romana</strong></span> <span class='ocrx_word' id='word_1_50' title='bbox 1134 783 1269 841; x_wconf 79' lang='lat' dir='ltr'><strong>Ecclesia</strong></span> <span class='ocrx_word' id='word_1_51' title='bbox 1285 783 1458 840; x_wconf 80' lang='lat' dir='ltr'><strong>subdianoni</strong></span> <span class='ocrx_word' id='word_1_52' title='bbox 1479 798 1511 838; x_wconf 91' lang='lat' dir='ltr'><strong>ac</strong></span> <span class='ocrx_word' id='word_1_53' title='bbox 1525 780 1683 840; x_wconf 87' lang='lat' dir='ltr'><strong>bibliothe-</strong></span> 
     </span>
    </p>
   </div>
   <div class='ocr_carea' id='block_1_3' title="bbox 93 869 1681 945">
    <p class='ocr_par' dir='ltr' id='par_1_4' title="bbox 93 869 1681 945">
     <span class='ocr_line' id='line_1_6' title="bbox 93 869 1681 945; baseline 0.003 -22"><span class='ocrx_word' id='word_1_54' title='bbox 93 883 167 939; x_wconf 82' lang='lat' dir='ltr'><strong>gnos</strong></span> <span class='ocrx_word' id='word_1_55' title='bbox 182 870 359 942; x_wconf 75' lang='lat' dir='ltr'><strong>paenitentia</strong></span> <span class='ocrx_word' id='word_1_56' title='bbox 382 871 495 928; x_wconf 70' lang='lat' dir='ltr'><strong>nactus</strong></span> <span class='ocrx_word' id='word_1_57' title='bbox 516 875 623 927; x_wconf 78' lang='lat' dir='ltr'><strong>sancta</strong></span> <span class='ocrx_word' id='word_1_58' title='bbox 638 869 804 943; x_wconf 81' lang='lat' dir='ltr'><strong>apostolica</strong></span> <span class='ocrx_word' id='word_1_59' title='bbox 860 870 1681 945; x_wconf 81' lang='lat' dir='ltr'><strong>carii,annom1pontificatusdominiAlexandripapall.</strong></span> 
     </span>
    </p>
   </div>
   <div class='ocr_carea' id='block_1_4' title="bbox 92 958 1319 1089">
    <p class='ocr_par' dir='ltr' id='par_1_5' title="bbox 92 958 1319 1089">
     <span class='ocr_line' id='line_1_7' title="bbox 92 958 309 1029; baseline 0.014 -17"><span class='ocrx_word' id='word_1_60' title='bbox 92 958 309 1029; x_wconf 86' lang='lat' dir='ltr'><strong>prasentavcrit.</strong></span> 
     </span>
     <span class='ocr_line' id='line_1_8' title="bbox 1222 1031 1319 1089; baseline -0.021 0"><span class='ocrx_word' id='word_1_61' title='bbox 1222 1031 1319 1089; x_wconf 85' lang='lat' dir='ltr'><strong>bVlll.</strong></span> 
     </span>
    </p>
   </div>
   <div class='ocr_carea' id='block_1_5' title="bbox 326 1120 1683 1194">
    <p class='ocr_par' dir='ltr' id='par_1_6' title="bbox 326 1120 1683 1194">
     <span class='ocr_line' id='line_1_9' title="bbox 326 1120 1683 1194; baseline -0.001 -18"><span class='ocrx_word' id='word_1_62' title='bbox 326 1120 399 1177; x_wconf 85' lang='lat' dir='ltr'>LVII</span> <span class='ocrx_word' id='word_1_63' title='bbox 418 1122 459 1178; x_wconf 83' lang='lat' dir='ltr'><strong>bia</strong></span> <span class='ocrx_word' id='word_1_64' title='bbox 859 1120 1011 1179; x_wconf 67' lang='lat' dir='ltr'><strong>Abanndrl</strong></span> <span class='ocrx_word' id='word_1_65' title='bbox 1024 1124 1051 1181; x_wconf 85' lang='lat' dir='ltr'><strong>ll</strong></span> <span class='ocrx_word' id='word_1_66' title='bbox 1064 1136 1147 1194; x_wconf 78' lang='lat' dir='ltr'><strong>papae</strong></span> <span class='ocrx_word' id='word_1_67' title='bbox 1169 1122 1282 1194; x_wconf 73' lang='lat' dir='ltr'><strong>epistola</strong></span> <span class='ocrx_word' id='word_1_68' title='bbox 1303 1121 1341 1178; x_wconf 85' lang='lat' dir='ltr'><strong>ad</strong></span> <span class='ocrx_word' id='word_1_69' title='bbox 1365 1120 1488 1179; x_wconf 82' lang='lat' dir='ltr'><strong>ildooem</strong></span> <span class='ocrx_word' id='word_1_70' title='bbox 1509 1120 1683 1177; x_wconf 76' lang='lat' dir='ltr'><strong>Trevirorur&#39;s</strong></span> 
     </span>
    </p>
   </div>
   <div class='ocr_carea' id='block_1_6' title="bbox 93 1193 1457 1368">
    <p class='ocr_par' dir='ltr' id='par_1_7' title="bbox 93 1193 1457 1368">
     <span class='ocr_line' id='line_1_10' title="bbox 93 1193 1457 1291; baseline 0.003 -31"><span class='ocrx_word' id='word_1_71' title='bbox 93 1210 149 1291; x_wconf 77' lang='lat' dir='ltr'><strong>tam</strong></span> <span class='ocrx_word' id='word_1_72' title='bbox 164 1207 320 1266; x_wconf 65' lang='lat' dir='ltr'><strong>Alexandri</strong></span> <span class='ocrx_word' id='word_1_73' title='bbox 342 1225 425 1283; x_wconf 80' lang='lat' dir='ltr'><strong>papae</strong></span> <span class='ocrx_word' id='word_1_74' title='bbox 438 1211 465 1268; x_wconf 83' lang='lat' dir='ltr'><strong>ll</strong></span> <span class='ocrx_word' id='word_1_75' title='bbox 492 1211 527 1266; x_wconf 86' lang='lat' dir='ltr'><strong>ad</strong></span> <span class='ocrx_word' id='word_1_76' title='bbox 542 1216 655 1268; x_wconf 81' lang='lat' dir='ltr'><strong>Petrum</strong></span> <span class='ocrx_word' id='word_1_77' title='bbox 680 1211 806 1267; x_wconf 78' lang='lat' dir='ltr'><strong>abbatem</strong></span> <span class='ocrx_word' id='word_1_78' title='bbox 1084 1193 1209 1249; x_wconf 60' lang='lat'><strong>5002281&#39;2</strong></span> <span class='ocrx_word' id='word_1_79' title='bbox 1223 1193 1457 1265; x_wconf 57' lang='lat' dir='ltr'><strong>P‘PMCPWPPW</strong></span> 
     </span>
     <span class='ocr_line' id='line_1_11' title="bbox 93 1282 1374 1368; baseline -0.002 -35"><span class='ocrx_word' id='word_1_80' title='bbox 93 1294 144 1343; x_wconf 82' lang='lat' dir='ltr'><strong>nra,</strong></span> <span class='ocrx_word' id='word_1_81' title='bbox 160 1295 212 1351; x_wconf 79' lang='lat' dir='ltr'><strong>quo</strong></span> <span class='ocrx_word' id='word_1_82' title='bbox 240 1282 438 1337; x_wconf 63' lang='lat' dir='ltr'><strong>mammam</strong></span> <span class='ocrx_word' id='word_1_83' title='bbox 453 1282 621 1339; x_wconf 85' lang='lat' dir='ltr'><strong>Gallonicam</strong></span> <span class='ocrx_word' id='word_1_84' title='bbox 645 1284 695 1339; x_wconf 79' lang='lat' dir='ltr'><strong>aab</strong></span> <span class='ocrx_word' id='word_1_85' title='bbox 710 1282 804 1355; x_wconf 68' lang='lat' dir='ltr'><strong>dafen-</strong></span> <span class='ocrx_word' id='word_1_86' title='bbox 1166 1300 1260 1368; x_wconf 62' lang='lat' dir='ltr'>(Anno</span> <span class='ocrx_word' id='word_1_87' title='bbox 1281 1298 1374 1368; x_wconf 37' lang='lat'>1003.)</span> 
     </span>
    </p>
   </div>
   <div class='ocr_carea' id='block_1_7' title="bbox 104 1350 1668 1550">
    <p class='ocr_par' dir='ltr' id='par_1_8' title="bbox 104 1350 1668 1550">
     <span class='ocr_line' id='line_1_12' title="bbox 104 1350 1668 1480; baseline 0.027 -62"><span class='ocrx_word' id='word_1_88' title='bbox 104 1350 176 1406; x_wconf 58' lang='grc' dir='ltr'><strong>καὶὸ</strong></span> <span class='ocrx_word' id='word_1_89' title='bbox 189 1352 343 1423; x_wconf 47' lang='lat' dir='ltr'><strong>mimi&amp;</strong></span> <span class='ocrx_word' id='word_1_90' title='bbox 356 1354 481 1426; x_wconf 46' lang='lat' dir='ltr'><strong>mallii</strong></span> <span class='ocrx_word' id='word_1_91' title='bbox 869 1406 998 1478; x_wconf 65' lang='lat' dir='ltr'><strong>[dannan</strong></span> <span class='ocrx_word' id='word_1_92' title='bbox 1012 1406 1101 1464; x_wconf 72' lang='lat' dir='ltr'><strong>Zcidta</strong></span> <span class='ocrx_word' id='word_1_93' title='bbox 1115 1406 1207 1462; x_wconf 64' lang='lat' dir='ltr'><strong>Currat</strong></span> <span class='ocrx_word' id='word_1_94' title='bbox 1219 1404 1271 1480; x_wconf 81' lang='lat' dir='ltr'><strong>sar</strong></span> <span class='ocrx_word' id='word_1_95' title='bbox 1289 1404 1519 1474; x_wconf 81' lang='lat' dir='ltr'><strong>Vaterlandiccbe,</strong></span> <span class='ocrx_word' id='word_1_96' title='bbox 1536 1408 1608 1460; x_wconf 88' lang='lat' dir='ltr'><strong>tom.</strong></span> <span class='ocrx_word' id='word_1_97' title='bbox 1633 1404 1668 1475; x_wconf 77' lang='lat' dir='ltr'><strong>X,</strong></span> 
     </span>
     <span class='ocr_line' id='line_1_13' title="bbox 291 1459 1332 1550; baseline 0.038 -38"><span class='ocrx_word' id='word_1_98' title='bbox 291 1459 497 1529; x_wconf 68' lang='lat' dir='ltr'><strong>(renorma.)</strong></span> <span class='ocrx_word' id='word_1_99' title='bbox 1209 1493 1238 1550; x_wconf 83' lang='lat' dir='ltr'><strong>c·</strong></span> <span class='ocrx_word' id='word_1_100' title='bbox 1254 1474 1332 1550; x_wconf 83' lang='lat' dir='ltr'><strong>310·l</strong></span> 
     </span>
    </p>
   </div>
   <div class='ocr_carea' id='block_1_8' title="bbox 143 1562 1682 1693">
    <p class='ocr_par' dir='ltr' id='par_1_9' title="bbox 143 1562 1682 1693">
     <span class='ocr_line' id='line_1_14' title="bbox 143 1562 1682 1693; baseline 0.003 -25"><span class='ocrx_word' id='word_1_101' title='bbox 143 1562 225 1636; x_wconf 54' lang='grc' dir='ltr'><strong>[ω’</strong></span> <span class='ocrx_word' id='word_1_102' title='bbox 247 1563 346 1621; x_wconf 55' lang='lat' dir='ltr'><strong><em>Chmt&#39;</em></strong></span> <span class='ocrx_word' id='word_1_103' title='bbox 362 1568 433 1622; x_wconf 56' lang='grc' dir='ltr'><strong>Μ’</strong></span> <span class='ocrx_word' id='word_1_104' title='bbox 449 1566 498 1633; x_wconf 64' lang='lat' dir='ltr'><strong>vl&#39;</strong></span> <span class='ocrx_word' id='word_1_105' title='bbox 514 1564 542 1624; x_wconf 53' lang='grc' dir='ltr'><strong>δ’</strong></span> <span class='ocrx_word' id='word_1_106' title='bbox 558 1568 647 1640; x_wconf 60' lang='lat'>27⁴⁴]</span> <span class='ocrx_word' id='word_1_107' title='bbox 894 1625 1065 1677; x_wconf 73' lang='lat' dir='ltr'><strong>Acamansn</strong></span> <span class='ocrx_word' id='word_1_108' title='bbox 1079 1619 1244 1693; x_wconf 87' lang='lat' dir='ltr'><strong>episcopus,</strong></span> <span class='ocrx_word' id='word_1_109' title='bbox 1272 1636 1374 1677; x_wconf 81' lang='lat' dir='ltr'><strong>servus</strong></span> <span class='ocrx_word' id='word_1_110' title='bbox 1397 1634 1547 1676; x_wconf 87' lang='lat' dir='ltr'><strong>servorum</strong></span> <span class='ocrx_word' id='word_1_111' title='bbox 1563 1617 1622 1684; x_wconf 82' lang='lat' dir='ltr'><strong>Dei,</strong></span> <span class='ocrx_word' id='word_1_112' title='bbox 1637 1617 1682 1673; x_wconf 88' lang='lat' dir='ltr'><strong>di-</strong></span> 
     </span>
    </p>
   </div>
   <div class='ocr_carea' id='block_1_9' title="bbox 92 1707 1689 5682">
    <p class='ocr_par' dir='ltr' id='par_1_10' title="bbox 93 1707 1684 1870">
     <span class='ocr_line' id='line_1_15' title="bbox 93 1707 1684 1779; baseline 0 -18"><span class='ocrx_word' id='word_1_113' title='bbox 93 1720 182 1762; x_wconf 78' lang='lat' dir='ltr'><strong>aspen</strong></span> <span class='ocrx_word' id='word_1_114' title='bbox 197 1707 363 1779; x_wconf 88' lang='lat' dir='ltr'><strong>episcopus,</strong></span> <span class='ocrx_word' id='word_1_115' title='bbox 375 1724 637 1765; x_wconf 83' lang='lat' dir='ltr'><strong>servussarvornm</strong></span> <span class='ocrx_word' id='word_1_116' title='bbox 648 1708 711 1777; x_wconf 88' lang='lat' dir='ltr'><strong>Dei,</strong></span> <span class='ocrx_word' id='word_1_117' title='bbox 721 1724 806 1765; x_wconf 88' lang='lat' dir='ltr'><strong>vane-</strong></span> <span class='ocrx_word' id='word_1_118' title='bbox 859 1708 933 1765; x_wconf 89' lang='lat' dir='ltr'><strong>lacto</strong></span> <span class='ocrx_word' id='word_1_119' title='bbox 946 1708 1012 1765; x_wconf 88' lang='lat' dir='ltr'><strong>irati</strong></span> <span class='ocrx_word' id='word_1_120' title='bbox 1028 1713 1128 1764; x_wconf 89' lang='lat' dir='ltr'><strong>nostro</strong></span> <span class='ocrx_word' id='word_1_121' title='bbox 1143 1709 1236 1765; x_wconf 84' lang='lat' dir='ltr'><strong>Unonr</strong></span> <span class='ocrx_word' id='word_1_122' title='bbox 1256 1713 1363 1765; x_wconf 82' lang='lat' dir='ltr'><strong>sancta</strong></span> <span class='ocrx_word' id='word_1_123' title='bbox 1378 1707 1513 1764; x_wconf 79' lang='lat' dir='ltr'><strong>Ecclesia</strong></span> <span class='ocrx_word' id='word_1_124' title='bbox 1528 1707 1684 1762; x_wconf 83' lang='lat' dir='ltr'><strong>&#39;l&#39;revirsn-</strong></span> 
     </span>
     <span class='ocr_line' id='line_1_16' title="bbox 93 1793 1323 1870; baseline 0.005 -22"><span class='ocrx_word' id='word_1_125' title='bbox 93 1793 177 1849; x_wconf 88' lang='lat' dir='ltr'><strong>bbati</strong></span> <span class='ocrx_word' id='word_1_126' title='bbox 186 1795 357 1851; x_wconf 87' lang='lat' dir='ltr'><strong>monasterii</strong></span> <span class='ocrx_word' id='word_1_127' title='bbox 366 1796 465 1851; x_wconf 86' lang='lat' dir='ltr'><strong>Sancti</strong></span> <span class='ocrx_word' id='word_1_128' title='bbox 476 1796 647 1862; x_wconf 75' lang='lat' dir='ltr'><strong>salvatoris,</strong></span> <span class='ocrx_word' id='word_1_129' title='bbox 656 1797 686 1851; x_wconf 94' lang='lat' dir='ltr'><strong>in</strong></span> <span class='ocrx_word' id='word_1_130' title='bbox 696 1796 806 1868; x_wconf 89' lang='lat' dir='ltr'><strong>episco-</strong></span> <span class='ocrx_word' id='word_1_131' title='bbox 859 1796 900 1852; x_wconf 91' lang='lat' dir='ltr'><strong>sis</strong></span> <span class='ocrx_word' id='word_1_132' title='bbox 914 1797 1079 1853; x_wconf 89' lang='lat' dir='ltr'><strong>venerando</strong></span> <span class='ocrx_word' id='word_1_133' title='bbox 1094 1796 1323 1870; x_wconf 90' lang='lat' dir='ltr'><strong>archiepiscopo.</strong></span> 
     </span>
    </p>

    <p class='ocr_par' dir='ltr' id='par_1_11' title="bbox 92 1882 1689 5682">
     <span class='ocr_line' id='line_1_17' title="bbox 93 1882 1683 1958; baseline 0.003 -22"><span class='ocrx_word' id='word_1_134' title='bbox 93 1882 230 1948; x_wconf 87' lang='lat' dir='ltr'><strong>aterensi,</strong></span> <span class='ocrx_word' id='word_1_135' title='bbox 243 1882 395 1938; x_wconf 88' lang='lat' dir='ltr'><strong>constituti</strong></span> <span class='ocrx_word' id='word_1_136' title='bbox 405 1882 435 1939; x_wconf 93' lang='lat' dir='ltr'><strong>in</strong></span> <span class='ocrx_word' id='word_1_137' title='bbox 450 1882 512 1940; x_wconf 93' lang='lat' dir='ltr'><strong>loco</strong></span> <span class='ocrx_word' id='word_1_138' title='bbox 523 1886 574 1956; x_wconf 90' lang='lat' dir='ltr'><strong>qui</strong></span> <span class='ocrx_word' id='word_1_139' title='bbox 589 1884 697 1940; x_wconf 91' lang='lat' dir='ltr'><strong>dicitur</strong></span> <span class='ocrx_word' id='word_1_140' title='bbox 708 1883 806 1941; x_wconf 85' lang='lat' dir='ltr'><strong>Gallo·</strong></span> <span class='ocrx_word' id='word_1_141' title='bbox 821 1884 844 1949; x_wconf 87' lang='lat' dir='ltr'>B</span> <span class='ocrx_word' id='word_1_142' title='bbox 894 1886 1002 1943; x_wconf 85' lang='lat' dir='ltr'><strong>Diebus</strong></span> <span class='ocrx_word' id='word_1_143' title='bbox 1015 1886 1082 1942; x_wconf 80' lang='lat' dir='ltr'><strong>vitas</strong></span> <span class='ocrx_word' id='word_1_144' title='bbox 1096 1890 1163 1941; x_wconf 78' lang='lat' dir='ltr'><strong>tua.</strong></span> <span class='ocrx_word' id='word_1_145' title='bbox 1181 1885 1214 1942; x_wconf 83' lang='lat' dir='ltr'><strong>ut</strong></span> <span class='ocrx_word' id='word_1_146' title='bbox 1228 1885 1253 1942; x_wconf 93' lang='lat' dir='ltr'><strong>si</strong></span> <span class='ocrx_word' id='word_1_147' title='bbox 1268 1890 1400 1958; x_wconf 87' lang='lat' dir='ltr'><strong>pastores</strong></span> <span class='ocrx_word' id='word_1_148' title='bbox 1415 1885 1512 1941; x_wconf 71' lang='lat' dir='ltr'><strong>ndum</strong></span> <span class='ocrx_word' id='word_1_149' title='bbox 1528 1884 1620 1941; x_wconf 88' lang='lat' dir='ltr'><strong>solam</strong></span> <span class='ocrx_word' id='word_1_150' title='bbox 1634 1900 1683 1956; x_wconf 75' lang='lat' dir='ltr'><strong>ge·</strong></span> 
     </span>
     <span class='ocr_line' id='line_1_18' title="bbox 92 1970 1686 2048; baseline 0.002 -22"><span class='ocrx_word' id='word_1_151' title='bbox 92 1970 175 2043; x_wconf 86' lang='lat' dir='ltr'><strong>isque</strong></span> <span class='ocrx_word' id='word_1_152' title='bbox 191 1970 412 2029; x_wconf 85' lang='lat' dir='ltr'><strong>successoribus</strong></span> <span class='ocrx_word' id='word_1_153' title='bbox 427 1971 565 2030; x_wconf 89' lang='lat' dir='ltr'><strong>canonice</strong></span> <span class='ocrx_word' id='word_1_154' title='bbox 579 1973 805 2040; x_wconf 87' lang='lat' dir='ltr'><strong>substituendis,</strong></span> <span class='ocrx_word' id='word_1_155' title='bbox 860 1974 950 2047; x_wconf 88' lang='lat' dir='ltr'><strong>luqua</strong></span> <span class='ocrx_word' id='word_1_156' title='bbox 964 1990 1017 2047; x_wconf 90' lang='lat' dir='ltr'><strong>pru</strong></span> <span class='ocrx_word' id='word_1_157' title='bbox 1032 1974 1129 2048; x_wconf 78' lang='lat' dir='ltr'><strong>gregis</strong></span> <span class='ocrx_word' id='word_1_158' title='bbox 1139 1973 1186 2030; x_wconf 90' lang='lat' dir='ltr'><strong>sui</strong></span> <span class='ocrx_word' id='word_1_159' title='bbox 1200 1975 1334 2031; x_wconf 86' lang='lat' dir='ltr'><strong>custodia</strong></span> <span class='ocrx_word' id='word_1_160' title='bbox 1344 1974 1391 2029; x_wconf 91' lang='lat' dir='ltr'><strong>die</strong></span> <span class='ocrx_word' id='word_1_161' title='bbox 1401 1976 1548 2046; x_wconf 90' lang='lat' dir='ltr'><strong>noctuque</strong></span> <span class='ocrx_word' id='word_1_162' title='bbox 1558 1973 1686 2030; x_wconf 84' lang='lat' dir='ltr'><strong>ierrain·</strong></span> 
     </span>
     <span class='ocr_line' id='line_1_19' title="bbox 93 2059 1686 2135; baseline 0.001 -20"><span class='ocrx_word' id='word_1_163' title='bbox 93 2075 153 2116; x_wconf 83' lang='lat' dir='ltr'><strong>ram</strong></span> <span class='ocrx_word' id='word_1_164' title='bbox 168 2059 199 2115; x_wconf 94' lang='lat' dir='ltr'><strong>in</strong></span> <span class='ocrx_word' id='word_1_165' title='bbox 215 2059 335 2117; x_wconf 85' lang='lat' dir='ltr'><strong>Domino</strong></span> <span class='ocrx_word' id='word_1_166' title='bbox 348 2060 484 2119; x_wconf 83' lang='lat' dir='ltr'><strong>salutem.</strong></span> <span class='ocrx_word' id='word_1_167' title='bbox 860 2063 932 2120; x_wconf 89' lang='lat' dir='ltr'><strong>tenti</strong></span> <span class='ocrx_word' id='word_1_168' title='bbox 947 2067 1027 2132; x_wconf 85' lang='lat' dir='ltr'><strong>sunt,</strong></span> <span class='ocrx_word' id='word_1_169' title='bbox 1044 2069 1183 2135; x_wconf 89' lang='lat' dir='ltr'><strong>utneque</strong></span> <span class='ocrx_word' id='word_1_170' title='bbox 1196 2063 1284 2120; x_wconf 86' lang='lat' dir='ltr'><strong>exeis</strong></span> <span class='ocrx_word' id='word_1_171' title='bbox 1296 2067 1348 2119; x_wconf 93' lang='lat' dir='ltr'><strong>aut</strong></span> <span class='ocrx_word' id='word_1_172' title='bbox 1362 2063 1485 2120; x_wconf 88' lang='lat' dir='ltr'><strong>errando</strong></span> <span class='ocrx_word' id='word_1_173' title='bbox 1496 2066 1595 2135; x_wconf 83' lang='lat' dir='ltr'><strong>percat</strong></span> <span class='ocrx_word' id='word_1_174' title='bbox 1609 2065 1637 2118; x_wconf 84' lang='lat' dir='ltr'><strong>at</strong></span> <span class='ocrx_word' id='word_1_175' title='bbox 1647 2061 1686 2116; x_wconf 83' lang='lat' dir='ltr'><strong>ia·</strong></span> 
     </span>
     <span class='ocr_line' id='line_1_20' title="bbox 93 2146 1685 2222; baseline 0 -18"><span class='ocrx_word' id='word_1_176' title='bbox 93 2163 98 2204; x_wconf 83' lang='grc'><strong>;</strong></span> <span class='ocrx_word' id='word_1_177' title='bbox 114 2148 244 2220; x_wconf 80' lang='lat' dir='ltr'><strong>generali</strong></span> <span class='ocrx_word' id='word_1_178' title='bbox 255 2149 657 2208; x_wconf 90' lang='lat' dir='ltr'><strong>sollicitudinacircastatum</strong></span> <span class='ocrx_word' id='word_1_179' title='bbox 673 2149 806 2208; x_wconf 90' lang='lat' dir='ltr'><strong>omnium</strong></span> <span class='ocrx_word' id='word_1_180' title='bbox 862 2146 1685 2222; x_wconf 79' lang='lat' dir='ltr'><strong>riuislaniatamorsibusdetlciat,etoculiasempervirgi·</strong></span> 
     </span>
     <span class='ocr_line' id='line_1_21' title="bbox 93 2238 1685 2314; baseline -0.001 -21"><span class='ocrx_word' id='word_1_181' title='bbox 93 2254 176 2293; x_wconf 90' lang='lat' dir='ltr'><strong>arum</strong></span> <span class='ocrx_word' id='word_1_182' title='bbox 188 2238 341 2311; x_wconf 80' lang='lat' dir='ltr'><strong>invigilare</strong></span> <span class='ocrx_word' id='word_1_183' title='bbox 354 2239 525 2307; x_wconf 87' lang='lat' dir='ltr'><strong>debeamus,</strong></span> <span class='ocrx_word' id='word_1_184' title='bbox 541 2239 698 2313; x_wconf 86' lang='lat' dir='ltr'><strong>specialius</strong></span> <span class='ocrx_word' id='word_1_185' title='bbox 706 2244 806 2296; x_wconf 66' lang='lat' dir='ltr'><strong>umen</strong></span> <span class='ocrx_word' id='word_1_186' title='bbox 861 2241 990 2299; x_wconf 89' lang='lat' dir='ltr'><strong>lantibus</strong></span> <span class='ocrx_word' id='word_1_187' title='bbox 1017 2241 1281 2314; x_wconf 76' lang='lat' dir='ltr'><strong>circumspiciunt;</strong></span> <span class='ocrx_word' id='word_1_188' title='bbox 1310 2245 1419 2313; x_wconf 89' lang='lat' dir='ltr'><strong>quanto</strong></span> <span class='ocrx_word' id='word_1_189' title='bbox 1440 2239 1557 2309; x_wconf 86' lang='lat' dir='ltr'><strong>sudore,</strong></span> <span class='ocrx_word' id='word_1_190' title='bbox 1573 2242 1685 2311; x_wconf 89' lang='lat' dir='ltr'><strong>quanta</strong></span> 
     </span>
     <span class='ocr_line' id='line_1_22' title="bbox 98 2325 1685 2402; baseline -0.001 -20"><span class='ocrx_word' id='word_1_191' title='bbox 98 2325 274 2384; x_wconf 82' lang='lat' dir='ltr'><strong>utilitatibus</strong></span> <span class='ocrx_word' id='word_1_192' title='bbox 290 2344 344 2384; x_wconf 91' lang='lat' dir='ltr'><strong>nos</strong></span> <span class='ocrx_word' id='word_1_193' title='bbox 358 2328 494 2385; x_wconf 86' lang='lat' dir='ltr'><strong>convenit</strong></span> <span class='ocrx_word' id='word_1_194' title='bbox 516 2329 666 2401; x_wconf 81' lang='lat' dir='ltr'><strong>providere</strong></span> <span class='ocrx_word' id='word_1_195' title='bbox 681 2345 805 2401; x_wconf 90' lang='lat' dir='ltr'><strong>quorum</strong></span> <span class='ocrx_word' id='word_1_196' title='bbox 861 2329 1084 2386; x_wconf 89' lang='lat' dir='ltr'><strong>curadebsmus</strong></span> <span class='ocrx_word' id='word_1_197' title='bbox 1094 2346 1159 2386; x_wconf 89' lang='lat' dir='ltr'><strong>essa</strong></span> <span class='ocrx_word' id='word_1_198' title='bbox 1173 2329 1334 2402; x_wconf 81' lang='lat' dir='ltr'><strong>pervilsgas</strong></span> <span class='ocrx_word' id='word_1_199' title='bbox 1345 2344 1409 2396; x_wconf 91' lang='lat' dir='ltr'><strong>nos,</strong></span> <span class='ocrx_word' id='word_1_200' title='bbox 1421 2327 1471 2401; x_wconf 90' lang='lat' dir='ltr'><strong>qui</strong></span> <span class='ocrx_word' id='word_1_201' title='bbox 1482 2326 1685 2399; x_wconf 88' lang='lat' dir='ltr'><strong>pastorasani-</strong></span> 
     </span>
     <span class='ocr_line' id='line_1_23' title="bbox 95 2416 1685 2491; baseline -0.001 -19"><span class='ocrx_word' id='word_1_202' title='bbox 95 2416 360 2472; x_wconf 90' lang='lat' dir='ltr'><strong>tconversationem</strong></span> <span class='ocrx_word' id='word_1_203' title='bbox 370 2417 646 2474; x_wconf 82' lang='lat' dir='ltr'><strong>studiomonastica</strong></span> <span class='ocrx_word' id='word_1_204' title='bbox 657 2417 807 2491; x_wconf 81' lang='lat' dir='ltr'><strong>religionis</strong></span> <span class='ocrx_word' id='word_1_205' title='bbox 862 2434 977 2474; x_wconf 89' lang='lat' dir='ltr'><strong>marum</strong></span> <span class='ocrx_word' id='word_1_206' title='bbox 992 2434 1056 2475; x_wconf 90' lang='lat' dir='ltr'><strong>asse</strong></span> <span class='ocrx_word' id='word_1_207' title='bbox 1070 2417 1206 2474; x_wconf 89' lang='lat' dir='ltr'><strong>dicimur.</strong></span> <span class='ocrx_word' id='word_1_208' title='bbox 1230 2418 1424 2475; x_wconf 81' lang='lat' dir='ltr'><strong>Attendamus</strong></span> <span class='ocrx_word' id='word_1_209' title='bbox 1448 2417 1540 2490; x_wconf 83' lang='lat' dir='ltr'><strong>igitur</strong></span> <span class='ocrx_word' id='word_1_210' title='bbox 1552 2420 1585 2471; x_wconf 93' lang='lat' dir='ltr'><strong>ut</strong></span> <span class='ocrx_word' id='word_1_211' title='bbox 1596 2416 1622 2471; x_wconf 93' lang='lat' dir='ltr'><strong>si</strong></span> <span class='ocrx_word' id='word_1_212' title='bbox 1637 2431 1685 2472; x_wconf 88' lang='lat' dir='ltr'><strong>sa·</strong></span> 
     </span>
     <span class='ocr_line' id='line_1_24' title="bbox 93 2504 1687 2580; baseline -0.001 -19"><span class='ocrx_word' id='word_1_213' title='bbox 93 2504 289 2578; x_wconf 87' lang='lat' dir='ltr'><strong>·esplendsre;</strong></span> <span class='ocrx_word' id='word_1_214' title='bbox 305 2510 387 2562; x_wconf 91' lang='lat' dir='ltr'><strong>tauto</strong></span> <span class='ocrx_word' id='word_1_215' title='bbox 411 2507 489 2563; x_wconf 89' lang='lat' dir='ltr'><strong>enlm</strong></span> <span class='ocrx_word' id='word_1_216' title='bbox 513 2511 622 2563; x_wconf 79' lang='lat' dir='ltr'><strong>sancta</strong></span> <span class='ocrx_word' id='word_1_217' title='bbox 642 2506 807 2579; x_wconf 74' lang='lat' dir='ltr'><strong>apostolica</strong></span> <span class='ocrx_word' id='word_1_218' title='bbox 861 2524 943 2563; x_wconf 91' lang='lat' dir='ltr'><strong>crum</strong></span> <span class='ocrx_word' id='word_1_219' title='bbox 958 2506 1089 2563; x_wconf 80' lang='lat' dir='ltr'><strong>osticium</strong></span> <span class='ocrx_word' id='word_1_220' title='bbox 1104 2507 1241 2564; x_wconf 83' lang='lat' dir='ltr'><strong>exhibere</strong></span> <span class='ocrx_word' id='word_1_221' title='bbox 1255 2524 1324 2580; x_wconf 82' lang='lat' dir='ltr'><strong>arga</strong></span> <span class='ocrx_word' id='word_1_222' title='bbox 1337 2506 1502 2563; x_wconf 89' lang='lat' dir='ltr'><strong>custodiam</strong></span> <span class='ocrx_word' id='word_1_223' title='bbox 1517 2505 1687 2561; x_wconf 87' lang='lat' dir='ltr'><strong>commissa·</strong></span> 
     </span>
     <span class='ocr_line' id='line_1_25' title="bbox 93 2592 1685 2668; baseline 0.001 -21"><span class='ocrx_word' id='word_1_224' title='bbox 93 2592 148 2660; x_wconf 88' lang='lat' dir='ltr'><strong>cui,</strong></span> <span class='ocrx_word' id='word_1_225' title='bbox 164 2592 232 2649; x_wconf 90' lang='lat' dir='ltr'><strong>licat</strong></span> <span class='ocrx_word' id='word_1_226' title='bbox 245 2593 371 2667; x_wconf 83' lang='lat' dir='ltr'><strong>indigni,</strong></span> <span class='ocrx_word' id='word_1_227' title='bbox 387 2594 581 2663; x_wconf 84' lang='lat' dir='ltr'><strong>deservimus,</strong></span> <span class='ocrx_word' id='word_1_228' title='bbox 597 2595 806 2668; x_wconf 86' lang='lat' dir='ltr'><strong>protectionem</strong></span> <span class='ocrx_word' id='word_1_229' title='bbox 861 2610 927 2651; x_wconf 86' lang='lat' dir='ltr'><strong>rum</strong></span> <span class='ocrx_word' id='word_1_230' title='bbox 943 2594 1041 2651; x_wconf 85' lang='lat' dir='ltr'><strong>ovium</strong></span> <span class='ocrx_word' id='word_1_231' title='bbox 1057 2611 1114 2651; x_wconf 93' lang='lat' dir='ltr'><strong>non</strong></span> <span class='ocrx_word' id='word_1_232' title='bbox 1126 2612 1275 2663; x_wconf 87' lang='lat' dir='ltr'><strong>assumus,</strong></span> <span class='ocrx_word' id='word_1_233' title='bbox 1292 2612 1328 2650; x_wconf 89' lang='lat' dir='ltr'><strong>ne</strong></span> <span class='ocrx_word' id='word_1_234' title='bbox 1338 2593 1368 2650; x_wconf 94' lang='lat' dir='ltr'><strong>in</strong></span> <span class='ocrx_word' id='word_1_235' title='bbox 1385 2594 1431 2650; x_wconf 94' lang='lat' dir='ltr'><strong>die</strong></span> <span class='ocrx_word' id='word_1_236' title='bbox 1442 2593 1531 2649; x_wconf 83' lang='lat' dir='ltr'><strong>divini</strong></span> <span class='ocrx_word' id='word_1_237' title='bbox 1542 2593 1685 2650; x_wconf 75' lang='lat' dir='ltr'><strong>examinis</strong></span> 
     </span>
     <span class='ocr_line' id='line_1_26' title="bbox 93 2681 1684 2756; baseline 0.002 -22"><span class='ocrx_word' id='word_1_238' title='bbox 93 2697 142 2746; x_wconf 90' lang='lat' dir='ltr'><strong>ur,</strong></span> <span class='ocrx_word' id='word_1_239' title='bbox 164 2687 275 2754; x_wconf 89' lang='lat' dir='ltr'><strong>quanto</strong></span> <span class='ocrx_word' id='word_1_240' title='bbox 292 2683 413 2740; x_wconf 81' lang='lat' dir='ltr'><strong>interna</strong></span> <span class='ocrx_word' id='word_1_241' title='bbox 432 2683 689 2756; x_wconf 75' lang='lat' dir='ltr'><strong>contemplationis</strong></span> <span class='ocrx_word' id='word_1_242' title='bbox 704 2684 807 2740; x_wconf 77' lang='lat' dir='ltr'><strong>ardore</strong></span> <span class='ocrx_word' id='word_1_243' title='bbox 861 2700 913 2756; x_wconf 91' lang='lat' dir='ltr'><strong>pro</strong></span> <span class='ocrx_word' id='word_1_244' title='bbox 927 2682 1040 2740; x_wconf 90' lang='lat' dir='ltr'><strong>desidia</strong></span> <span class='ocrx_word' id='word_1_245' title='bbox 1056 2688 1155 2740; x_wconf 91' lang='lat' dir='ltr'><strong>nostra</strong></span> <span class='ocrx_word' id='word_1_246' title='bbox 1170 2688 1237 2740; x_wconf 90' lang='lat' dir='ltr'><strong>anta</strong></span> <span class='ocrx_word' id='word_1_247' title='bbox 1253 2700 1404 2742; x_wconf 91' lang='lat' dir='ltr'><strong>summum</strong></span> <span class='ocrx_word' id='word_1_248' title='bbox 1427 2683 1575 2739; x_wconf 87' lang='lat' dir='ltr'><strong>Pastorem</strong></span> <span class='ocrx_word' id='word_1_249' title='bbox 1593 2681 1684 2754; x_wconf 78' lang='lat' dir='ltr'><strong>negli-</strong></span> 
     </span>
     <span class='ocr_line' id='line_1_27' title="bbox 93 2770 1685 2844; baseline 0.003 -19"><span class='ocrx_word' id='word_1_250' title='bbox 93 2786 104 2826; x_wconf 75' lang='lat' dir='ltr'><strong>o</strong></span> <span class='ocrx_word' id='word_1_251' title='bbox 119 2776 218 2826; x_wconf 90' lang='lat' dir='ltr'><strong>nostro</strong></span> <span class='ocrx_word' id='word_1_252' title='bbox 231 2770 303 2827; x_wconf 87' lang='lat' dir='ltr'><strong>Jesu</strong></span> <span class='ocrx_word' id='word_1_253' title='bbox 314 2771 429 2828; x_wconf 86' lang='lat' dir='ltr'><strong>Christo</strong></span> <span class='ocrx_word' id='word_1_254' title='bbox 445 2772 568 2829; x_wconf 77' lang='lat' dir='ltr'><strong>vicinius</strong></span> <span class='ocrx_word' id='word_1_255' title='bbox 581 2771 728 2828; x_wconf 73' lang='lat' dir='ltr'><strong>adherere</strong></span> <span class='ocrx_word' id='word_1_256' title='bbox 744 2788 808 2843; x_wconf 94' lang='lat' dir='ltr'><strong>pro·</strong></span> <span class='ocrx_word' id='word_1_257' title='bbox 861 2772 966 2844; x_wconf 72' lang='lat' dir='ltr'><strong>gentica</strong></span> <span class='ocrx_word' id='word_1_258' title='bbox 980 2788 1035 2829; x_wconf 92' lang='lat' dir='ltr'><strong>nus</strong></span> <span class='ocrx_word' id='word_1_259' title='bbox 1049 2778 1148 2830; x_wconf 90' lang='lat' dir='ltr'><strong>reatus</strong></span> <span class='ocrx_word' id='word_1_260' title='bbox 1159 2773 1314 2841; x_wconf 86' lang='lat' dir='ltr'><strong>excruciet,</strong></span> <span class='ocrx_word' id='word_1_261' title='bbox 1325 2772 1499 2828; x_wconf 90' lang='lat' dir='ltr'><strong>undemodo</strong></span> <span class='ocrx_word' id='word_1_262' title='bbox 1509 2770 1628 2828; x_wconf 89' lang='lat' dir='ltr'><strong>honoris</strong></span> <span class='ocrx_word' id='word_1_263' title='bbox 1644 2788 1685 2829; x_wconf 91' lang='lat' dir='ltr'><strong>ro·</strong></span> 
     </span>
     <span class='ocr_line' id='line_1_28' title="bbox 93 2859 1683 2934; baseline 0 -19"><span class='ocrx_word' id='word_1_264' title='bbox 93 2900 98 2915; x_wconf 89' lang='lat'>.</span> <span class='ocrx_word' id='word_1_265' title='bbox 116 2859 239 2916; x_wconf 88' lang='lat' dir='ltr'><strong>Proinde</strong></span> <span class='ocrx_word' id='word_1_266' title='bbox 264 2860 335 2933; x_wconf 89' lang='lat' dir='ltr'><strong>quia</strong></span> <span class='ocrx_word' id='word_1_267' title='bbox 356 2861 471 2917; x_wconf 81' lang='lat' dir='ltr'><strong>devotio</strong></span> <span class='ocrx_word' id='word_1_268' title='bbox 494 2865 592 2917; x_wconf 83' lang='lat' dir='ltr'><strong>vestra</strong></span> <span class='ocrx_word' id='word_1_269' title='bbox 614 2859 806 2934; x_wconf 87' lang='lat' dir='ltr'><strong>postulavita</strong></span> <span class='ocrx_word' id='word_1_270' title='bbox 860 2860 990 2917; x_wconf 87' lang='lat' dir='ltr'><strong>verentia</strong></span> <span class='ocrx_word' id='word_1_271' title='bbox 1003 2861 1081 2917; x_wconf 91' lang='lat' dir='ltr'><strong>inter</strong></span> <span class='ocrx_word' id='word_1_272' title='bbox 1094 2867 1213 2918; x_wconf 82' lang='lat' dir='ltr'><strong>caeteros</strong></span> <span class='ocrx_word' id='word_1_273' title='bbox 1229 2861 1415 2918; x_wconf 87' lang='lat' dir='ltr'><strong>sublimiores</strong></span> <span class='ocrx_word' id='word_1_274' title='bbox 1426 2861 1606 2932; x_wconf 86' lang='lat' dir='ltr'><strong>judicamur.</strong></span> <span class='ocrx_word' id='word_1_275' title='bbox 1618 2859 1683 2916; x_wconf 88' lang='lat' dir='ltr'><strong>Pal-</strong></span> 
     </span>
     <span class='ocr_line' id='line_1_29' title="bbox 93 2945 1684 3006; baseline -0.001 -2"><span class='ocrx_word' id='word_1_276' title='bbox 93 2952 116 3004; x_wconf 84' lang='lat' dir='ltr'><strong>n</strong></span> <span class='ocrx_word' id='word_1_277' title='bbox 129 2949 342 3005; x_wconf 89' lang='lat' dir='ltr'><strong>monasterium</strong></span> <span class='ocrx_word' id='word_1_278' title='bbox 364 2955 493 3006; x_wconf 87' lang='lat' dir='ltr'><strong>vestrum</strong></span> <span class='ocrx_word' id='word_1_279' title='bbox 516 2949 686 3006; x_wconf 76' lang='lat' dir='ltr'><strong>defensione</strong></span> <span class='ocrx_word' id='word_1_280' title='bbox 700 2955 805 3005; x_wconf 77' lang='lat' dir='ltr'><strong>nostra</strong></span> <span class='ocrx_word' id='word_1_281' title='bbox 859 2945 933 3005; x_wconf 89' lang='lat' dir='ltr'><strong>lium</strong></span> <span class='ocrx_word' id='word_1_282' title='bbox 950 2953 1047 3006; x_wconf 86' lang='lat' dir='ltr'><strong>autem</strong></span> <span class='ocrx_word' id='word_1_283' title='bbox 1063 2950 1238 3006; x_wconf 74' lang='lat' dir='ltr'><strong>fraternitati</strong></span> <span class='ocrx_word' id='word_1_284' title='bbox 1253 2955 1311 3006; x_wconf 80' lang='lat' dir='ltr'><strong>tun</strong></span> <span class='ocrx_word' id='word_1_285' title='bbox 1324 2966 1360 3006; x_wconf 87' lang='lat' dir='ltr'><strong>ex</strong></span> <span class='ocrx_word' id='word_1_286' title='bbox 1374 2965 1454 3005; x_wconf 88' lang='lat' dir='ltr'><strong>mors</strong></span> <span class='ocrx_word' id='word_1_287' title='bbox 1475 2950 1511 3005; x_wconf 89' lang='lat' dir='ltr'><strong>ud</strong></span> <span class='ocrx_word' id='word_1_288' title='bbox 1524 2949 1684 3005; x_wconf 87' lang='lat' dir='ltr'><strong>missarum</strong></span> 
     </span>
     <span class='ocr_line' id='line_1_30' title="bbox 95 3034 1685 3110; baseline 0.001 -19"><span class='ocrx_word' id='word_1_289' title='bbox 95 3051 118 3091; x_wconf 80' lang='lat' dir='ltr'><strong>aa</strong></span> <span class='ocrx_word' id='word_1_290' title='bbox 133 3034 267 3092; x_wconf 74' lang='lat' dir='ltr'><strong>Ecclesia</strong></span> <span class='ocrx_word' id='word_1_291' title='bbox 291 3036 486 3105; x_wconf 91' lang='lat' dir='ltr'><strong>muniremus,</strong></span> <span class='ocrx_word' id='word_1_292' title='bbox 511 3036 644 3093; x_wconf 89' lang='lat' dir='ltr'><strong>inclinati</strong></span> <span class='ocrx_word' id='word_1_293' title='bbox 670 3037 806 3110; x_wconf 89' lang='lat' dir='ltr'><strong>precibus</strong></span> <span class='ocrx_word' id='word_1_294' title='bbox 860 3035 1004 3093; x_wconf 88' lang='lat' dir='ltr'><strong>solemnia</strong></span> <span class='ocrx_word' id='word_1_295' title='bbox 1018 3037 1193 3095; x_wconf 87' lang='lat' dir='ltr'><strong>celebranda</strong></span> <span class='ocrx_word' id='word_1_296' title='bbox 1207 3038 1284 3095; x_wconf 90' lang='lat' dir='ltr'><strong>sicut</strong></span> <span class='ocrx_word' id='word_1_297' title='bbox 1304 3054 1477 3096; x_wconf 87' lang='lat' dir='ltr'><strong>concessum</strong></span> <span class='ocrx_word' id='word_1_298' title='bbox 1493 3040 1538 3094; x_wconf 89' lang='lat' dir='ltr'><strong>est</strong></span> <span class='ocrx_word' id='word_1_299' title='bbox 1552 3042 1685 3094; x_wconf 83' lang='lat' dir='ltr'><strong>anteces-</strong></span> 
     </span>
     <span class='ocr_line' id='line_1_31' title="bbox 98 3124 1684 3197; baseline 0.002 -17"><span class='ocrx_word' id='word_1_300' title='bbox 98 3124 208 3180; x_wconf 89' lang='lat' dir='ltr'><strong>ibidem</strong></span> <span class='ocrx_word' id='word_1_301' title='bbox 216 3141 283 3180; x_wconf 94' lang='lat' dir='ltr'><strong>cum</strong></span> <span class='ocrx_word' id='word_1_302' title='bbox 292 3126 516 3195; x_wconf 79' lang='lat' dir='ltr'><strong>omnibusJusta</strong></span> <span class='ocrx_word' id='word_1_303' title='bbox 525 3125 580 3182; x_wconf 90' lang='lat' dir='ltr'><strong>sibi</strong></span> <span class='ocrx_word' id='word_1_304' title='bbox 592 3124 806 3197; x_wconf 85' lang='lat' dir='ltr'><strong>pcrtinentibus</strong></span> <span class='ocrx_word' id='word_1_305' title='bbox 860 3125 977 3182; x_wconf 90' lang='lat' dir='ltr'><strong>soribus</strong></span> <span class='ocrx_word' id='word_1_306' title='bbox 989 3127 1050 3182; x_wconf 90' lang='lat' dir='ltr'><strong>tuis</strong></span> <span class='ocrx_word' id='word_1_307' title='bbox 1065 3127 1264 3196; x_wconf 86' lang='lat' dir='ltr'><strong>concedimus,</strong></span> <span class='ocrx_word' id='word_1_308' title='bbox 1276 3126 1410 3183; x_wconf 85' lang='lat' dir='ltr'><strong>videlicet</strong></span> <span class='ocrx_word' id='word_1_309' title='bbox 1423 3127 1498 3183; x_wconf 91' lang='lat' dir='ltr'><strong>utin</strong></span> <span class='ocrx_word' id='word_1_310' title='bbox 1513 3125 1615 3183; x_wconf 85' lang='lat' dir='ltr'><strong>Natnle</strong></span> <span class='ocrx_word' id='word_1_311' title='bbox 1628 3125 1684 3183; x_wconf 90' lang='lat' dir='ltr'><strong>Do-</strong></span> 
     </span>
     <span class='ocr_line' id='line_1_32' title="bbox 93 3204 1686 3313; baseline 0.003 -47"><span class='ocrx_word' id='word_1_312' title='bbox 93 3212 142 3269; x_wconf 84' lang='lat' dir='ltr'><strong>ala</strong></span> <span class='ocrx_word' id='word_1_313' title='bbox 152 3219 181 3270; x_wconf 90' lang='lat' dir='ltr'><strong>et</strong></span> <span class='ocrx_word' id='word_1_314' title='bbox 191 3213 360 3270; x_wconf 82' lang='lat' dir='ltr'><strong>defensione</strong></span> <span class='ocrx_word' id='word_1_315' title='bbox 370 3214 537 3286; x_wconf 77' lang='lat' dir='ltr'><strong>apostolicas</strong></span> <span class='ocrx_word' id='word_1_316' title='bbox 547 3215 627 3270; x_wconf 89' lang='lat' dir='ltr'><strong>sedis</strong></span> <span class='ocrx_word' id='word_1_317' title='bbox 637 3213 804 3286; x_wconf 88' lang='lat' dir='ltr'><strong>recipimus,</strong></span> <span class='ocrx_word' id='word_1_318' title='bbox 820 3245 843 3313; x_wconf 66' lang='lat' dir='ltr'>C</span> <span class='ocrx_word' id='word_1_319' title='bbox 861 3204 1607 3288; x_wconf 71' lang='lat' dir='ltr'><strong>mini‚inllpipbunial)omini,inpurificationc&#39;ctin</strong></span> <span class='ocrx_word' id='word_1_320' title='bbox 1619 3213 1686 3271; x_wconf 88' lang='lat' dir='ltr'><strong>aliis</strong></span> 
     </span>
     <span class='ocr_line' id='line_1_33' title="bbox 95 3301 1685 3375; baseline -0.001 -18"><span class='ocrx_word' id='word_1_321' title='bbox 95 3303 156 3358; x_wconf 92' lang='lat' dir='ltr'><strong>mni</strong></span> <span class='ocrx_word' id='word_1_322' title='bbox 171 3303 337 3359; x_wconf 90' lang='lat' dir='ltr'><strong>conditione</strong></span> <span class='ocrx_word' id='word_1_323' title='bbox 351 3301 479 3359; x_wconf 91' lang='lat' dir='ltr'><strong>liberum</strong></span> <span class='ocrx_word' id='word_1_324' title='bbox 490 3308 520 3359; x_wconf 89' lang='lat' dir='ltr'><strong>et</strong></span> <span class='ocrx_word' id='word_1_325' title='bbox 534 3304 668 3375; x_wconf 89' lang='lat' dir='ltr'><strong>quietum</strong></span> <span class='ocrx_word' id='word_1_326' title='bbox 684 3318 749 3359; x_wconf 89' lang='lat' dir='ltr'><strong>csse</strong></span> <span class='ocrx_word' id='word_1_327' title='bbox 760 3303 807 3358; x_wconf 89' lang='lat' dir='ltr'><strong>dc·</strong></span> <span class='ocrx_word' id='word_1_328' title='bbox 862 3303 1069 3359; x_wconf 79' lang='lat' dir='ltr'><strong>festivitatibus</strong></span> <span class='ocrx_word' id='word_1_329' title='bbox 1080 3308 1187 3360; x_wconf 80' lang='lat' dir='ltr'><strong>sancta</strong></span> <span class='ocrx_word' id='word_1_330' title='bbox 1198 3303 1306 3371; x_wconf 82' lang='lat' dir='ltr'><strong>Maris,</strong></span> <span class='ocrx_word' id='word_1_331' title='bbox 1319 3304 1348 3358; x_wconf 93' lang='lat' dir='ltr'><strong>in</strong></span> <span class='ocrx_word' id='word_1_332' title='bbox 1361 3302 1480 3369; x_wconf 89' lang='lat' dir='ltr'><strong>Palmis,</strong></span> <span class='ocrx_word' id='word_1_333' title='bbox 1490 3303 1521 3359; x_wconf 92' lang='lat' dir='ltr'><strong>in</strong></span> <span class='ocrx_word' id='word_1_334' title='bbox 1532 3301 1619 3357; x_wconf 78' lang='lat' dir='ltr'><strong>Caena</strong></span> <span class='ocrx_word' id='word_1_335' title='bbox 1630 3305 1685 3356; x_wconf 83' lang='lat' dir='ltr'><strong>Do·</strong></span> 
     </span>
     <span class='ocr_line' id='line_1_34' title="bbox 93 3389 1685 3479; baseline -0.002 -32"><span class='ocrx_word' id='word_1_336' title='bbox 93 3390 808 3465; x_wconf 85' lang='lat' dir='ltr'><strong>us,itatamenut‚propriitantummodocpiscopi</strong></span> <span class='ocrx_word' id='word_1_337' title='bbox 833 3456 840 3479; x_wconf 54' lang='grc'>,</span> <span class='ocrx_word' id='word_1_338' title='bbox 862 3391 946 3460; x_wconf 92' lang='lat' dir='ltr'><strong>mini,</strong></span> <span class='ocrx_word' id='word_1_339' title='bbox 962 3391 992 3447; x_wconf 93' lang='lat' dir='ltr'><strong>in</strong></span> <span class='ocrx_word' id='word_1_340' title='bbox 1008 3391 1135 3449; x_wconf 87' lang='lat' dir='ltr'><strong>Sabbata</strong></span> <span class='ocrx_word' id='word_1_341' title='bbox 1151 3397 1264 3464; x_wconf 88' lang='lat' dir='ltr'><strong>sancto,</strong></span> <span class='ocrx_word' id='word_1_342' title='bbox 1280 3393 1309 3448; x_wconf 93' lang='lat' dir='ltr'><strong>in</strong></span> <span class='ocrx_word' id='word_1_343' title='bbox 1322 3391 1369 3448; x_wconf 89' lang='lat' dir='ltr'><strong>die</strong></span> <span class='ocrx_word' id='word_1_344' title='bbox 1384 3390 1536 3448; x_wconf 87' lang='lat' dir='ltr'><strong>Dominica</strong></span> <span class='ocrx_word' id='word_1_345' title='bbox 1546 3389 1685 3446; x_wconf 82' lang='lat' dir='ltr'><strong>Resurre-</strong></span> 
     </span>
     <span class='ocr_line' id='line_1_35' title="bbox 92 3477 1685 3552; baseline -0.001 -18"><span class='ocrx_word' id='word_1_346' title='bbox 92 3478 141 3535; x_wconf 72' lang='lat' dir='ltr'><strong>ctia</strong></span> <span class='ocrx_word' id='word_1_347' title='bbox 157 3484 281 3545; x_wconf 85' lang='lat' dir='ltr'><strong>servata,</strong></span> <span class='ocrx_word' id='word_1_348' title='bbox 298 3478 371 3535; x_wconf 90' lang='lat' dir='ltr'><strong>nulli</strong></span> <span class='ocrx_word' id='word_1_349' title='bbox 390 3479 452 3536; x_wconf 92' lang='lat' dir='ltr'><strong>loco</strong></span> <span class='ocrx_word' id='word_1_350' title='bbox 477 3480 639 3552; x_wconf 86' lang='lat' dir='ltr'><strong>subjaceat,</strong></span> <span class='ocrx_word' id='word_1_351' title='bbox 655 3479 713 3535; x_wconf 89' lang='lat' dir='ltr'><strong>nisi</strong></span> <span class='ocrx_word' id='word_1_352' title='bbox 738 3478 807 3536; x_wconf 90' lang='lat' dir='ltr'><strong>huic</strong></span> <span class='ocrx_word' id='word_1_353' title='bbox 862 3479 977 3546; x_wconf 91' lang='lat' dir='ltr'><strong>ctionis‚</strong></span> <span class='ocrx_word' id='word_1_354' title='bbox 988 3479 1018 3537; x_wconf 91' lang='lat' dir='ltr'><strong>in</strong></span> <span class='ocrx_word' id='word_1_355' title='bbox 1028 3484 1129 3538; x_wconf 86' lang='lat' dir='ltr'><strong>octava</strong></span> <span class='ocrx_word' id='word_1_356' title='bbox 1139 3480 1266 3552; x_wconf 80' lang='lat' dir='ltr'><strong>Pascha,</strong></span> <span class='ocrx_word' id='word_1_357' title='bbox 1283 3480 1313 3537; x_wconf 94' lang='lat' dir='ltr'><strong>in</strong></span> <span class='ocrx_word' id='word_1_358' title='bbox 1328 3480 1507 3538; x_wconf 73' lang='lat' dir='ltr'><strong>ascensione</strong></span> <span class='ocrx_word' id='word_1_359' title='bbox 1519 3477 1644 3550; x_wconf 85' lang='lat' dir='ltr'><strong>Domini,</strong></span> <span class='ocrx_word' id='word_1_360' title='bbox 1655 3477 1685 3534; x_wconf 92' lang='lat' dir='ltr'><strong>in</strong></span> 
     </span>
     <span class='ocr_line' id='line_1_36' title="bbox 102 3565 1686 3644; baseline -0.001 -20"><span class='ocrx_word' id='word_1_361' title='bbox 102 3568 239 3625; x_wconf 83' lang='lat' dir='ltr'><strong>Romanas</strong></span> <span class='ocrx_word' id='word_1_362' title='bbox 252 3569 385 3626; x_wconf 71' lang='lat' dir='ltr'><strong>Ecclesiae</strong></span> <span class='ocrx_word' id='word_1_363' title='bbox 397 3588 404 3638; x_wconf 90' lang='lat'>;</span> <span class='ocrx_word' id='word_1_364' title='bbox 417 3569 624 3644; x_wconf 80' lang='lat' dir='ltr'><strong>qui,cideticet</strong></span> <span class='ocrx_word' id='word_1_365' title='bbox 638 3569 806 3642; x_wconf 82' lang='lat' dir='ltr'><strong>episcopus,</strong></span> <span class='ocrx_word' id='word_1_366' title='bbox 862 3568 1040 3640; x_wconf 82' lang='lat' dir='ltr'><strong>Pentecoste,</strong></span> <span class='ocrx_word' id='word_1_367' title='bbox 1058 3568 1087 3624; x_wconf 94' lang='lat' dir='ltr'><strong>in</strong></span> <span class='ocrx_word' id='word_1_368' title='bbox 1110 3568 1201 3625; x_wconf 89' lang='lat' dir='ltr'><strong>natali</strong></span> <span class='ocrx_word' id='word_1_369' title='bbox 1227 3569 1321 3626; x_wconf 89' lang='lat' dir='ltr'><strong>sancti</strong></span> <span class='ocrx_word' id='word_1_370' title='bbox 1344 3567 1466 3625; x_wconf 75' lang='lat' dir='ltr'><strong>loannis</strong></span> <span class='ocrx_word' id='word_1_371' title='bbox 1489 3567 1636 3640; x_wconf 80' lang='lat' dir='ltr'><strong>baptista,</strong></span> <span class='ocrx_word' id='word_1_372' title='bbox 1655 3565 1686 3623; x_wconf 94' lang='lat' dir='ltr'><strong>in</strong></span> 
     </span>
     <span class='ocr_line' id='line_1_37' title="bbox 93 3655 1687 3732; baseline -0.001 -20"><span class='ocrx_word' id='word_1_373' title='bbox 93 3657 141 3714; x_wconf 93' lang='lat' dir='ltr'><strong>.in</strong></span> <span class='ocrx_word' id='word_1_374' title='bbox 157 3658 294 3731; x_wconf 75' lang='lat' dir='ltr'><strong>praedicto</strong></span> <span class='ocrx_word' id='word_1_375' title='bbox 307 3660 477 3716; x_wconf 88' lang='lat' dir='ltr'><strong>monasterii</strong></span> <span class='ocrx_word' id='word_1_376' title='bbox 496 3659 632 3715; x_wconf 90' lang='lat' dir='ltr'><strong>abbatem</strong></span> <span class='ocrx_word' id='word_1_377' title='bbox 648 3663 809 3732; x_wconf 77' lang='lat' dir='ltr'><strong>prasumat</strong></span> <span class='ocrx_word' id='word_1_378' title='bbox 863 3656 952 3713; x_wconf 89' lang='lat' dir='ltr'><strong>natali</strong></span> <span class='ocrx_word' id='word_1_379' title='bbox 968 3656 1101 3713; x_wconf 90' lang='lat' dir='ltr'><strong>omnium</strong></span> <span class='ocrx_word' id='word_1_380' title='bbox 1117 3657 1329 3731; x_wconf 88' lang='lat' dir='ltr'><strong>apostolorum,</strong></span> <span class='ocrx_word' id='word_1_381' title='bbox 1354 3658 1385 3713; x_wconf 92' lang='lat' dir='ltr'><strong>in</strong></span> <span class='ocrx_word' id='word_1_382' title='bbox 1401 3657 1474 3714; x_wconf 82' lang='lat' dir='ltr'><strong>sesto</strong></span> <span class='ocrx_word' id='word_1_383' title='bbox 1493 3656 1522 3713; x_wconf 88' lang='lat' dir='ltr'><strong>S.</strong></span> <span class='ocrx_word' id='word_1_384' title='bbox 1540 3655 1687 3711; x_wconf 88' lang='lat' dir='ltr'><strong>Laurentii</strong></span> 
     </span>
     <span class='ocr_line' id='line_1_38' title="bbox 93 3744 1688 3820; baseline -0.002 -18"><span class='ocrx_word' id='word_1_385' title='bbox 93 3763 125 3813; x_wconf 80' lang='lat' dir='ltr'><strong>e,</strong></span> <span class='ocrx_word' id='word_1_386' title='bbox 141 3746 198 3802; x_wconf 90' lang='lat' dir='ltr'><strong>nisi</strong></span> <span class='ocrx_word' id='word_1_387' title='bbox 214 3764 299 3820; x_wconf 88' lang='lat' dir='ltr'><strong>quarn</strong></span> <span class='ocrx_word' id='word_1_388' title='bbox 322 3747 457 3804; x_wconf 89' lang='lat' dir='ltr'><strong>monachi</strong></span> <span class='ocrx_word' id='word_1_389' title='bbox 473 3748 607 3817; x_wconf 87' lang='lat' dir='ltr'><strong>ejusdem</strong></span> <span class='ocrx_word' id='word_1_390' title='bbox 624 3746 807 3811; x_wconf 88' lang='lat' dir='ltr'><strong>monasterii,</strong></span> <span class='ocrx_word' id='word_1_391' title='bbox 862 3749 890 3802; x_wconf 88' lang='lat' dir='ltr'><strong>at</strong></span> <span class='ocrx_word' id='word_1_392' title='bbox 902 3745 933 3802; x_wconf 89' lang='lat' dir='ltr'><strong>S.</strong></span> <span class='ocrx_word' id='word_1_393' title='bbox 946 3744 1084 3813; x_wconf 83' lang='lat' dir='ltr'><strong>lisuritii,</strong></span> <span class='ocrx_word' id='word_1_394' title='bbox 1095 3745 1126 3801; x_wconf 91' lang='lat' dir='ltr'><strong>in</strong></span> <span class='ocrx_word' id='word_1_395' title='bbox 1138 3746 1211 3802; x_wconf 85' lang='lat' dir='ltr'><strong>testo</strong></span> <span class='ocrx_word' id='word_1_396' title='bbox 1222 3748 1253 3803; x_wconf 84' lang='lat' dir='ltr'><strong>S.</strong></span> <span class='ocrx_word' id='word_1_397' title='bbox 1267 3744 1457 3803; x_wconf 87' lang='lat' dir='ltr'><strong>Michaeliset</strong></span> <span class='ocrx_word' id='word_1_398' title='bbox 1469 3744 1607 3802; x_wconf 88' lang='lat' dir='ltr'><strong>Omnium</strong></span> <span class='ocrx_word' id='word_1_399' title='bbox 1617 3744 1688 3800; x_wconf 85' lang='lat' dir='ltr'><strong>San-</strong></span> 
     </span>
     <span class='ocr_line' id='line_1_39' title="bbox 93 3833 1689 3909; baseline -0.001 -19"><span class='ocrx_word' id='word_1_400' title='bbox 93 3834 235 3904; x_wconf 86' lang='lat' dir='ltr'><strong>timentes,</strong></span> <span class='ocrx_word' id='word_1_401' title='bbox 246 3836 330 3908; x_wconf 83' lang='lat' dir='ltr'><strong>juxta</strong></span> <span class='ocrx_word' id='word_1_402' title='bbox 344 3835 451 3909; x_wconf 80' lang='lat' dir='ltr'><strong>regula</strong></span> <span class='ocrx_word' id='word_1_403' title='bbox 468 3836 544 3892; x_wconf 88' lang='lat' dir='ltr'><strong>beati</strong></span> <span class='ocrx_word' id='word_1_404' title='bbox 559 3834 708 3893; x_wconf 88' lang='lat' dir='ltr'><strong>Benedicti</strong></span> <span class='ocrx_word' id='word_1_405' title='bbox 723 3838 808 3890; x_wconf 92' lang='lat' dir='ltr'><strong>teno·</strong></span> <span class='ocrx_word' id='word_1_406' title='bbox 862 3837 988 3904; x_wconf 88' lang='lat' dir='ltr'><strong>ctorum,</strong></span> <span class='ocrx_word' id='word_1_407' title='bbox 1002 3838 1032 3890; x_wconf 91' lang='lat' dir='ltr'><strong>et</strong></span> <span class='ocrx_word' id='word_1_408' title='bbox 1045 3833 1074 3892; x_wconf 87' lang='lat' dir='ltr'><strong>S.</strong></span> <span class='ocrx_word' id='word_1_409' title='bbox 1091 3833 1210 3891; x_wconf 88' lang='lat' dir='ltr'><strong>Martini</strong></span> <span class='ocrx_word' id='word_1_410' title='bbox 1231 3840 1259 3891; x_wconf 88' lang='lat' dir='ltr'><strong>et</strong></span> <span class='ocrx_word' id='word_1_411' title='bbox 1274 3840 1443 3891; x_wconf 92' lang='lat' dir='ltr'><strong>sanctorum</strong></span> <span class='ocrx_word' id='word_1_412' title='bbox 1456 3835 1597 3899; x_wconf 87' lang='lat' dir='ltr'><strong>virorum,</strong></span> <span class='ocrx_word' id='word_1_413' title='bbox 1613 3848 1689 3904; x_wconf 91' lang='lat' dir='ltr'><strong>quo·</strong></span> 
     </span>
     <span class='ocr_line' id='line_1_40' title="bbox 93 3920 1688 3998; baseline -0.002 -18"><span class='ocrx_word' id='word_1_414' title='bbox 93 3924 219 3998; x_wconf 28' lang='lat' dir='ltr'><strong>tegerint,</strong></span> <span class='ocrx_word' id='word_1_415' title='bbox 233 3925 329 3997; x_wconf 85' lang='lat' dir='ltr'><strong>ipsum</strong></span> <span class='ocrx_word' id='word_1_416' title='bbox 341 3942 408 3981; x_wconf 87' lang='lat' dir='ltr'><strong>vero</strong></span> <span class='ocrx_word' id='word_1_417' title='bbox 419 3924 483 3981; x_wconf 90' lang='lat' dir='ltr'><strong>sine</strong></span> <span class='ocrx_word' id='word_1_418' title='bbox 495 3925 573 3981; x_wconf 92' lang='lat' dir='ltr'><strong>omni</strong></span> <span class='ocrx_word' id='word_1_419' title='bbox 587 3925 688 3980; x_wconf 77' lang='lat' dir='ltr'><strong>fraude</strong></span> <span class='ocrx_word' id='word_1_420' title='bbox 701 3928 730 3980; x_wconf 87' lang='lat' dir='ltr'><strong>et</strong></span> <span class='ocrx_word' id='word_1_421' title='bbox 741 3939 809 3980; x_wconf 93' lang='lat' dir='ltr'><strong>con·</strong></span> <span class='ocrx_word' id='word_1_422' title='bbox 862 3938 927 3979; x_wconf 89' lang='lat' dir='ltr'><strong>rum</strong></span> <span class='ocrx_word' id='word_1_423' title='bbox 943 3938 1064 3995; x_wconf 89' lang='lat' dir='ltr'><strong>corpora</strong></span> <span class='ocrx_word' id='word_1_424' title='bbox 1077 3923 1154 3994; x_wconf 88' lang='lat' dir='ltr'><strong>apud</strong></span> <span class='ocrx_word' id='word_1_425' title='bbox 1165 3939 1216 3979; x_wconf 90' lang='lat' dir='ltr'><strong>vos</strong></span> <span class='ocrx_word' id='word_1_426' title='bbox 1231 3922 1388 3990; x_wconf 87' lang='lat' dir='ltr'><strong>habentur,</strong></span> <span class='ocrx_word' id='word_1_427' title='bbox 1400 3922 1430 3978; x_wconf 93' lang='lat' dir='ltr'><strong>in</strong></span> <span class='ocrx_word' id='word_1_428' title='bbox 1442 3921 1628 3979; x_wconf 89' lang='lat' dir='ltr'><strong>Dedicstiona</strong></span> <span class='ocrx_word' id='word_1_429' title='bbox 1637 3920 1688 3977; x_wconf 85' lang='lat' dir='ltr'><strong>lla·</strong></span> 
     </span>
     <span class='ocr_line' id='line_1_41' title="bbox 93 4010 1689 4087; baseline 0 -21"><span class='ocrx_word' id='word_1_430' title='bbox 93 4028 153 4069; x_wconf 35' lang='lat' dir='ltr'><strong>,one</strong></span> <span class='ocrx_word' id='word_1_431' title='bbox 176 4013 347 4082; x_wconf 86' lang='lat' dir='ltr'><strong>benedicat;</strong></span> <span class='ocrx_word' id='word_1_432' title='bbox 374 4031 391 4069; x_wconf 92' lang='lat' dir='ltr'><strong>a</strong></span> <span class='ocrx_word' id='word_1_433' title='bbox 414 4030 472 4087; x_wconf 86' lang='lat' dir='ltr'><strong>quo</strong></span> <span class='ocrx_word' id='word_1_434' title='bbox 498 4015 639 4069; x_wconf 88' lang='lat' dir='ltr'><strong>nimirum</strong></span> <span class='ocrx_word' id='word_1_435' title='bbox 659 4012 807 4086; x_wconf 89' lang='lat' dir='ltr'><strong>episcopo,</strong></span> <span class='ocrx_word' id='word_1_436' title='bbox 862 4010 968 4078; x_wconf 81' lang='lat' dir='ltr'><strong>clesiae,</strong></span> <span class='ocrx_word' id='word_1_437' title='bbox 983 4019 1011 4067; x_wconf 85' lang='lat' dir='ltr'><strong>et</strong></span> <span class='ocrx_word' id='word_1_438' title='bbox 1025 4010 1056 4066; x_wconf 90' lang='lat' dir='ltr'><strong>in</strong></span> <span class='ocrx_word' id='word_1_439' title='bbox 1071 4011 1270 4068; x_wconf 85' lang='lat' dir='ltr'><strong>anniversario</strong></span> <span class='ocrx_word' id='word_1_440' title='bbox 1282 4015 1332 4067; x_wconf 93' lang='lat' dir='ltr'><strong>tuo</strong></span> <span class='ocrx_word' id='word_1_441' title='bbox 1349 4010 1633 4083; x_wconf 89' lang='lat' dir='ltr'><strong>etquandoordines</strong></span> <span class='ocrx_word' id='word_1_442' title='bbox 1647 4014 1689 4066; x_wconf 87' lang='lat' dir='ltr'><strong>ta-</strong></span> 
     </span>
     <span class='ocr_line' id='line_1_42' title="bbox 93 4099 1688 4174; baseline -0.001 -19"><span class='ocrx_word' id='word_1_443' title='bbox 93 4118 112 4157; x_wconf 80' lang='lat' dir='ltr'><strong>s</strong></span> <span class='ocrx_word' id='word_1_444' title='bbox 127 4101 170 4157; x_wconf 87' lang='lat' dir='ltr'><strong>vat</strong></span> <span class='ocrx_word' id='word_1_445' title='bbox 187 4100 323 4157; x_wconf 89' lang='lat' dir='ltr'><strong>monachi</strong></span> <span class='ocrx_word' id='word_1_446' title='bbox 340 4100 435 4174; x_wconf 89' lang='lat' dir='ltr'><strong>ipsius</strong></span> <span class='ocrx_word' id='word_1_447' title='bbox 462 4101 630 4158; x_wconf 88' lang='lat' dir='ltr'><strong>monasterii</strong></span> <span class='ocrx_word' id='word_1_448' title='bbox 654 4117 685 4157; x_wconf 90' lang='lat' dir='ltr'><strong>se</strong></span> <span class='ocrx_word' id='word_1_449' title='bbox 699 4101 808 4172; x_wconf 88' lang='lat' dir='ltr'><strong>injuste</strong></span> <span class='ocrx_word' id='word_1_450' title='bbox 862 4100 915 4156; x_wconf 91' lang='lat' dir='ltr'><strong>cis.</strong></span> <span class='ocrx_word' id='word_1_451' title='bbox 932 4102 1090 4156; x_wconf 82' lang='lat' dir='ltr'><strong>Hortamur</strong></span> <span class='ocrx_word' id='word_1_452' title='bbox 1114 4099 1214 4173; x_wconf 90' lang='lat' dir='ltr'><strong>itaque</strong></span> <span class='ocrx_word' id='word_1_453' title='bbox 1237 4099 1412 4157; x_wconf 86' lang='lat' dir='ltr'><strong>charitatem</strong></span> <span class='ocrx_word' id='word_1_454' title='bbox 1437 4105 1519 4156; x_wconf 90' lang='lat' dir='ltr'><strong>tuam</strong></span> <span class='ocrx_word' id='word_1_455' title='bbox 1545 4102 1688 4155; x_wconf 90' lang='lat' dir='ltr'><strong>utmorcs</strong></span> 
     </span>
     <span class='ocr_line' id='line_1_43' title="bbox 93 4185 1689 4262; baseline -0.002 -18"><span class='ocrx_word' id='word_1_456' title='bbox 93 4189 152 4244; x_wconf 85' lang='lat' dir='ltr'><strong>vari</strong></span> <span class='ocrx_word' id='word_1_457' title='bbox 164 4191 360 4262; x_wconf 83' lang='lat' dir='ltr'><strong>cognoverint,</strong></span> <span class='ocrx_word' id='word_1_458' title='bbox 377 4189 413 4245; x_wconf 91' lang='lat' dir='ltr'><strong>ad</strong></span> <span class='ocrx_word' id='word_1_459' title='bbox 429 4190 641 4246; x_wconf 78' lang='lat' dir='ltr'><strong>defendendam</strong></span> <span class='ocrx_word' id='word_1_460' title='bbox 658 4189 807 4262; x_wconf 89' lang='lat' dir='ltr'><strong>propriam</strong></span> <span class='ocrx_word' id='word_1_461' title='bbox 862 4189 926 4243; x_wconf 81' lang='lat' dir='ltr'><strong>vitra</strong></span> <span class='ocrx_word' id='word_1_462' title='bbox 938 4193 996 4244; x_wconf 79' lang='lat' dir='ltr'><strong>tuas</strong></span> <span class='ocrx_word' id='word_1_463' title='bbox 1010 4191 1091 4244; x_wconf 89' lang='lat' dir='ltr'><strong>tanto</strong></span> <span class='ocrx_word' id='word_1_464' title='bbox 1105 4187 1226 4245; x_wconf 87' lang='lat' dir='ltr'><strong>bonoria</strong></span> <span class='ocrx_word' id='word_1_465' title='bbox 1241 4195 1413 4245; x_wconf 88' lang='lat' dir='ltr'><strong>ornamento</strong></span> <span class='ocrx_word' id='word_1_466' title='bbox 1428 4187 1614 4256; x_wconf 84' lang='lat' dir='ltr'><strong>conveniant,</strong></span> <span class='ocrx_word' id='word_1_467' title='bbox 1626 4185 1689 4258; x_wconf 90' lang='lat' dir='ltr'><strong>qui·</strong></span> 
     </span>
     <span class='ocr_line' id='line_1_44' title="bbox 93 4273 1689 4350; baseline -0.002 -17"><span class='ocrx_word' id='word_1_468' title='bbox 93 4279 179 4334; x_wconf 80' lang='lat' dir='ltr'><strong>stiam</strong></span> <span class='ocrx_word' id='word_1_469' title='bbox 189 4284 218 4334; x_wconf 88' lang='lat' dir='ltr'><strong>et</strong></span> <span class='ocrx_word' id='word_1_470' title='bbox 232 4278 362 4350; x_wconf 85' lang='lat' dir='ltr'><strong>episcopi</strong></span> <span class='ocrx_word' id='word_1_471' title='bbox 372 4278 590 4336; x_wconf 79' lang='lat' dir='ltr'><strong>infestationem</strong></span> <span class='ocrx_word' id='word_1_472' title='bbox 604 4277 808 4350; x_wconf 82' lang='lat' dir='ltr'><strong>corrigendam</strong></span> <span class='ocrx_word' id='word_1_473' title='bbox 862 4276 918 4332; x_wconf 90' lang='lat' dir='ltr'><strong>bus</strong></span> <span class='ocrx_word' id='word_1_474' title='bbox 932 4279 1050 4332; x_wconf 90' lang='lat' dir='ltr'><strong>auctora</strong></span> <span class='ocrx_word' id='word_1_475' title='bbox 1066 4279 1123 4332; x_wconf 84' lang='lat' dir='ltr'><strong>Deo</strong></span> <span class='ocrx_word' id='word_1_476' title='bbox 1138 4275 1264 4349; x_wconf 83' lang='lat' dir='ltr'><strong>exempli</strong></span> <span class='ocrx_word' id='word_1_477' title='bbox 1277 4277 1367 4334; x_wconf 83' lang='lat' dir='ltr'><strong>verbo</strong></span> <span class='ocrx_word' id='word_1_478' title='bbox 1382 4277 1480 4349; x_wconf 90' lang='lat' dir='ltr'><strong>possis</strong></span> <span class='ocrx_word' id='word_1_479' title='bbox 1494 4292 1559 4333; x_wconf 85' lang='lat' dir='ltr'><strong>asse</strong></span> <span class='ocrx_word' id='word_1_480' title='bbox 1571 4273 1689 4348; x_wconf 86' lang='lat' dir='ltr'><strong>conspi-</strong></span> 
     </span>
     <span class='ocr_line' id='line_1_45' title="bbox 93 4362 1689 4440; baseline -0.001 -19"><span class='ocrx_word' id='word_1_481' title='bbox 93 4383 162 4423; x_wconf 84' lang='lat' dir='ltr'><strong>uauc</strong></span> <span class='ocrx_word' id='word_1_482' title='bbox 175 4367 276 4424; x_wconf 85' lang='lat' dir='ltr'><strong>sedem</strong></span> <span class='ocrx_word' id='word_1_483' title='bbox 292 4365 450 4440; x_wconf 87' lang='lat' dir='ltr'><strong>appellent.</strong></span> <span class='ocrx_word' id='word_1_484' title='bbox 862 4380 946 4420; x_wconf 86' lang='lat' dir='ltr'><strong>cuus.</strong></span> <span class='ocrx_word' id='word_1_485' title='bbox 960 4362 1027 4419; x_wconf 83' lang='lat' dir='ltr'><strong>Vita</strong></span> <span class='ocrx_word' id='word_1_486' title='bbox 1040 4363 1130 4436; x_wconf 82' lang='lat' dir='ltr'><strong>igitur</strong></span> <span class='ocrx_word' id='word_1_487' title='bbox 1144 4369 1196 4420; x_wconf 86' lang='lat' dir='ltr'><strong>tua</strong></span> <span class='ocrx_word' id='word_1_488' title='bbox 1210 4365 1249 4420; x_wconf 90' lang='lat' dir='ltr'><strong>sit</strong></span> <span class='ocrx_word' id='word_1_489' title='bbox 1263 4363 1333 4421; x_wconf 90' lang='lat' dir='ltr'><strong>filiis</strong></span> <span class='ocrx_word' id='word_1_490' title='bbox 1347 4364 1407 4421; x_wconf 87' lang='lat' dir='ltr'><strong>tuis</strong></span> <span class='ocrx_word' id='word_1_491' title='bbox 1422 4363 1533 4438; x_wconf 80' lang='lat' dir='ltr'><strong>regula,</strong></span> <span class='ocrx_word' id='word_1_492' title='bbox 1545 4368 1577 4420; x_wconf 91' lang='lat' dir='ltr'><strong>ut</strong></span> <span class='ocrx_word' id='word_1_493' title='bbox 1588 4363 1612 4420; x_wconf 90' lang='lat' dir='ltr'><strong>si</strong></span> <span class='ocrx_word' id='word_1_494' title='bbox 1628 4379 1689 4435; x_wconf 90' lang='lat' dir='ltr'><strong>qua</strong></span> 
     </span>
     <span class='ocr_line' id='line_1_46' title="bbox 93 4450 1688 4528; baseline -0.002 -19"><span class='ocrx_word' id='word_1_495' title='bbox 93 4457 233 4511; x_wconf 87' lang='lat' dir='ltr'><strong>irmamus</strong></span> <span class='ocrx_word' id='word_1_496' title='bbox 245 4456 335 4512; x_wconf 90' lang='lat' dir='ltr'><strong>etiam</strong></span> <span class='ocrx_word' id='word_1_497' title='bbox 346 4460 465 4528; x_wconf 81' lang='lat' dir='ltr'><strong>pretato</strong></span> <span class='ocrx_word' id='word_1_498' title='bbox 476 4454 653 4512; x_wconf 88' lang='lat' dir='ltr'><strong>monasterio</strong></span> <span class='ocrx_word' id='word_1_499' title='bbox 664 4452 808 4526; x_wconf 86' lang='lat' dir='ltr'><strong>quidquid</strong></span> <span class='ocrx_word' id='word_1_500' title='bbox 868 4451 1017 4509; x_wconf 86' lang='lat' dir='ltr'><strong>corritudo</strong></span> <span class='ocrx_word' id='word_1_501' title='bbox 1027 4453 1073 4523; x_wconf 85' lang='lat' dir='ltr'><strong>(su</strong></span> <span class='ocrx_word' id='word_1_502' title='bbox 1083 4451 1162 4508; x_wconf 90' lang='lat' dir='ltr'><strong>steht</strong></span> <span class='ocrx_word' id='word_1_503' title='bbox 1175 4450 1329 4525; x_wconf 88' lang='lat' dir='ltr'><strong>deutlicbt)</strong></span> <span class='ocrx_word' id='word_1_504' title='bbox 1340 4453 1370 4509; x_wconf 92' lang='lat' dir='ltr'><strong>in</strong></span> <span class='ocrx_word' id='word_1_505' title='bbox 1380 4452 1440 4509; x_wconf 87' lang='lat' dir='ltr'><strong>illis</strong></span> <span class='ocrx_word' id='word_1_506' title='bbox 1449 4452 1688 4526; x_wconf 88' lang='lat' dir='ltr'><strong>deprehenditur,</strong></span> 
     </span>
     <span class='ocr_line' id='line_1_47' title="bbox 93 4540 1686 4617; baseline -0.003 -19"><span class='ocrx_word' id='word_1_507' title='bbox 93 4547 153 4599; x_wconf 88' lang='lat' dir='ltr'><strong>uste</strong></span> <span class='ocrx_word' id='word_1_508' title='bbox 168 4548 257 4611; x_wconf 87' lang='lat' dir='ltr'><strong>tenet,</strong></span> <span class='ocrx_word' id='word_1_509' title='bbox 273 4542 317 4599; x_wconf 90' lang='lat' dir='ltr'><strong>vel</strong></span> <span class='ocrx_word' id='word_1_510' title='bbox 328 4542 465 4617; x_wconf 88' lang='lat' dir='ltr'><strong>deinceps</strong></span> <span class='ocrx_word' id='word_1_511' title='bbox 480 4548 577 4600; x_wconf 88' lang='lat' dir='ltr'><strong>tenere</strong></span> <span class='ocrx_word' id='word_1_512' title='bbox 592 4543 687 4613; x_wconf 89' lang='lat' dir='ltr'><strong>dabat,</strong></span> <span class='ocrx_word' id='word_1_513' title='bbox 702 4547 763 4597; x_wconf 89' lang='lat' dir='ltr'><strong>tam</strong></span> <span class='ocrx_word' id='word_1_514' title='bbox 778 4540 807 4598; x_wconf 93' lang='lat' dir='ltr'><strong>in</strong></span> <span class='ocrx_word' id='word_1_515' title='bbox 864 4541 892 4596; x_wconf 91' lang='lat' dir='ltr'><strong>in</strong></span> <span class='ocrx_word' id='word_1_516' title='bbox 907 4557 941 4596; x_wconf 93' lang='lat' dir='ltr'><strong>ea</strong></span> <span class='ocrx_word' id='word_1_517' title='bbox 955 4540 1109 4613; x_wconf 81' lang='lat' dir='ltr'><strong>dirigatur.</strong></span> <span class='ocrx_word' id='word_1_518' title='bbox 1123 4540 1179 4597; x_wconf 89' lang='lat' dir='ltr'><strong>Cor</strong></span> <span class='ocrx_word' id='word_1_519' title='bbox 1191 4557 1260 4614; x_wconf 78' lang='lat' dir='ltr'><strong>ergo</strong></span> <span class='ocrx_word' id='word_1_520' title='bbox 1270 4544 1354 4597; x_wconf 91' lang='lat' dir='ltr'><strong>tuum</strong></span> <span class='ocrx_word' id='word_1_521' title='bbox 1367 4557 1462 4613; x_wconf 84' lang='lat' dir='ltr'><strong>neque</strong></span> <span class='ocrx_word' id='word_1_522' title='bbox 1473 4556 1686 4613; x_wconf 80' lang='lat' dir='ltr'><strong>prosperaque</strong></span> 
     </span>
     <span class='ocr_line' id='line_1_48' title="bbox 93 4613 1688 4705; baseline -0.003 -17"><span class='ocrx_word' id='word_1_523' title='bbox 93 4631 230 4700; x_wconf 83' lang='lat' dir='ltr'><strong>ecclesiis,</strong></span> <span class='ocrx_word' id='word_1_524' title='bbox 247 4631 376 4689; x_wconf 88' lang='lat' dir='ltr'><strong>castellis</strong></span> <span class='ocrx_word' id='word_1_525' title='bbox 387 4632 474 4702; x_wconf 84' lang='lat' dir='ltr'><strong>villis,</strong></span> <span class='ocrx_word' id='word_1_526' title='bbox 486 4632 602 4705; x_wconf 75' lang='lat' dir='ltr'><strong>prediis</strong></span> <span class='ocrx_word' id='word_1_527' title='bbox 614 4647 703 4704; x_wconf 91' lang='lat' dir='ltr'><strong>quam</strong></span> <span class='ocrx_word' id='word_1_528' title='bbox 719 4629 808 4687; x_wconf 90' lang='lat' dir='ltr'><strong>etiam</strong></span> <span class='ocrx_word' id='word_1_529' title='bbox 822 4613 847 4679; x_wconf 82' lang='lat' dir='ltr'>D</span> <span class='ocrx_word' id='word_1_530' title='bbox 861 4627 1062 4702; x_wconf 88' lang='lat' dir='ltr'><strong>temporaliter</strong></span> <span class='ocrx_word' id='word_1_531' title='bbox 1076 4627 1282 4697; x_wconf 86' lang='lat' dir='ltr'><strong>blandiuntur,</strong></span> <span class='ocrx_word' id='word_1_532' title='bbox 1299 4628 1439 4685; x_wconf 86' lang='lat' dir='ltr'><strong>extollant</strong></span> <span class='ocrx_word' id='word_1_533' title='bbox 1454 4644 1549 4701; x_wconf 90' lang='lat' dir='ltr'><strong>neque</strong></span> <span class='ocrx_word' id='word_1_534' title='bbox 1567 4628 1688 4684; x_wconf 87' lang='lat' dir='ltr'><strong>adversa</strong></span> 
     </span>
     <span class='ocr_line' id='line_1_49' title="bbox 93 4715 1687 4790; baseline -0.004 -14"><span class='ocrx_word' id='word_1_535' title='bbox 93 4720 135 4778; x_wconf 85' lang='lat' dir='ltr'><strong>ris</strong></span> <span class='ocrx_word' id='word_1_536' title='bbox 144 4721 235 4778; x_wconf 89' lang='lat' dir='ltr'><strong>rebus</strong></span> <span class='ocrx_word' id='word_1_537' title='bbox 244 4721 403 4778; x_wconf 86' lang='lat' dir='ltr'><strong>mobilibus</strong></span> <span class='ocrx_word' id='word_1_538' title='bbox 412 4721 583 4778; x_wconf 87' lang='lat' dir='ltr'><strong>videlicetat</strong></span> <span class='ocrx_word' id='word_1_539' title='bbox 593 4719 806 4790; x_wconf 88' lang='lat' dir='ltr'><strong>immobilibus,</strong></span> <span class='ocrx_word' id='word_1_540' title='bbox 861 4717 1009 4790; x_wconf 90' lang='lat' dir='ltr'><strong>dejiciant,</strong></span> <span class='ocrx_word' id='word_1_541' title='bbox 1021 4717 1073 4774; x_wconf 86' lang='lat' dir='ltr'><strong>sed</strong></span> <span class='ocrx_word' id='word_1_542' title='bbox 1083 4715 1227 4790; x_wconf 86' lang='lat' dir='ltr'><strong>quidquid</strong></span> <span class='ocrx_word' id='word_1_543' title='bbox 1236 4715 1308 4772; x_wconf 91' lang='lat' dir='ltr'><strong>illud</strong></span> <span class='ocrx_word' id='word_1_544' title='bbox 1321 4715 1418 4784; x_wconf 81' lang='lat' dir='ltr'><strong>suerit,</strong></span> <span class='ocrx_word' id='word_1_545' title='bbox 1427 4715 1687 4788; x_wconf 79' lang='lat' dir='ltr'><strong>virtutepationtiae</strong></span> 
     </span>
     <span class='ocr_line' id='line_1_50' title="bbox 93 4801 1686 4884; baseline -0.002 -20"><span class='ocrx_word' id='word_1_546' title='bbox 93 4813 201 4877; x_wconf 86' lang='lat' dir='ltr'><strong>nentes,</strong></span> <span class='ocrx_word' id='word_1_547' title='bbox 218 4826 270 4884; x_wconf 90' lang='lat' dir='ltr'><strong>per</strong></span> <span class='ocrx_word' id='word_1_548' title='bbox 285 4809 375 4882; x_wconf 76' lang='lat' dir='ltr'><strong>buJus</strong></span> <span class='ocrx_word' id='word_1_549' title='bbox 390 4809 483 4867; x_wconf 88' lang='lat' dir='ltr'><strong>nostri</strong></span> <span class='ocrx_word' id='word_1_550' title='bbox 497 4807 640 4883; x_wconf 83' lang='lat' dir='ltr'><strong>privilegii</strong></span> <span class='ocrx_word' id='word_1_551' title='bbox 652 4807 807 4864; x_wconf 89' lang='lat' dir='ltr'><strong>auctorita·</strong></span> <span class='ocrx_word' id='word_1_552' title='bbox 860 4806 1052 4864; x_wconf 80' lang='lat' dir='ltr'><strong>devinciatur.</strong></span> <span class='ocrx_word' id='word_1_553' title='bbox 1068 4803 1189 4862; x_wconf 88' lang='lat' dir='ltr'><strong>Nullum</strong></span> <span class='ocrx_word' id='word_1_554' title='bbox 1212 4806 1291 4877; x_wconf 90' lang='lat' dir='ltr'><strong>apud</strong></span> <span class='ocrx_word' id='word_1_555' title='bbox 1312 4810 1340 4860; x_wconf 92' lang='lat' dir='ltr'><strong>tc</strong></span> <span class='ocrx_word' id='word_1_556' title='bbox 1364 4805 1461 4863; x_wconf 91' lang='lat' dir='ltr'><strong>locum</strong></span> <span class='ocrx_word' id='word_1_557' title='bbox 1477 4805 1554 4877; x_wconf 91' lang='lat' dir='ltr'><strong>odia,</strong></span> <span class='ocrx_word' id='word_1_558' title='bbox 1570 4801 1686 4862; x_wconf 90' lang='lat' dir='ltr'><strong>nullum</strong></span> 
     </span>
     <span class='ocr_line' id='line_1_51' title="bbox 93 4892 1687 4970; baseline -0.001 -20"><span class='ocrx_word' id='word_1_559' title='bbox 93 4897 186 4953; x_wconf 80' lang='lat' dir='ltr'><strong>¹nulla</strong></span> <span class='ocrx_word' id='word_1_560' title='bbox 197 4897 372 4970; x_wconf 85' lang='lat' dir='ltr'><strong>spiritualis,</strong></span> <span class='ocrx_word' id='word_1_561' title='bbox 383 4915 435 4957; x_wconf 90' lang='lat' dir='ltr'><strong>seu</strong></span> <span class='ocrx_word' id='word_1_562' title='bbox 447 4897 596 4956; x_wconf 77' lang='lat' dir='ltr'><strong>secularis</strong></span> <span class='ocrx_word' id='word_1_563' title='bbox 605 4912 808 4970; x_wconf 84' lang='lat' dir='ltr'><strong>parsonaprss-</strong></span> <span class='ocrx_word' id='word_1_564' title='bbox 860 4896 941 4953; x_wconf 87' lang='lat' dir='ltr'><strong>lavor</strong></span> <span class='ocrx_word' id='word_1_565' title='bbox 953 4893 1278 4952; x_wconf 85' lang='lat' dir='ltr'><strong>indiscretusinvaniat.</strong></span> <span class='ocrx_word' id='word_1_566' title='bbox 1295 4894 1374 4967; x_wconf 85' lang='lat' dir='ltr'><strong>(Hiar</strong></span> <span class='ocrx_word' id='word_1_567' title='bbox 1384 4894 1450 4951; x_wconf 90' lang='lat' dir='ltr'><strong>eine</strong></span> <span class='ocrx_word' id='word_1_568' title='bbox 1459 4895 1547 4951; x_wconf 79' lang='lat' dir='ltr'><strong>Lucte</strong></span> <span class='ocrx_word' id='word_1_569' title='bbox 1557 4893 1598 4949; x_wconf 90' lang='lat' dir='ltr'><strong>im</strong></span> <span class='ocrx_word' id='word_1_570' title='bbox 1609 4892 1687 4967; x_wconf 84' lang='lat' dir='ltr'><strong>Lari)</strong></span> 
     </span>
     <span class='ocr_line' id='line_1_52' title="bbox 92 4981 1687 5060; baseline -0.003 -18"><span class='ocrx_word' id='word_1_571' title='bbox 92 4986 182 5060; x_wconf 78' lang='lat' dir='ltr'><strong>hujus</strong></span> <span class='ocrx_word' id='word_1_572' title='bbox 198 4993 304 5044; x_wconf 77' lang='lat' dir='ltr'><strong>nostra</strong></span> <span class='ocrx_word' id='word_1_573' title='bbox 320 4988 482 5045; x_wconf 89' lang='lat' dir='ltr'><strong>sanctionis</strong></span> <span class='ocrx_word' id='word_1_574' title='bbox 495 4987 639 5060; x_wconf 83' lang='lat' dir='ltr'><strong>scriptum</strong></span> <span class='ocrx_word' id='word_1_575' title='bbox 654 4985 683 5041; x_wconf 89' lang='lat' dir='ltr'><strong>in</strong></span> <span class='ocrx_word' id='word_1_576' title='bbox 699 4988 805 5058; x_wconf 87' lang='lat' dir='ltr'><strong>totum,</strong></span> <span class='ocrx_word' id='word_1_577' title='bbox 861 4983 1071 5041; x_wconf 87' lang='lat' dir='ltr'><strong>benedictionis</strong></span> <span class='ocrx_word' id='word_1_578' title='bbox 1086 4981 1398 5056; x_wconf 80' lang='lat' dir='ltr'><strong>tusjustiquejudicii</strong></span> <span class='ocrx_word' id='word_1_579' title='bbox 1407 4999 1481 5056; x_wconf 90' lang='lat' dir='ltr'><strong>opus</strong></span> <span class='ocrx_word' id='word_1_580' title='bbox 1492 4982 1614 5052; x_wconf 89' lang='lat' dir='ltr'><strong>(wieder</strong></span> <span class='ocrx_word' id='word_1_581' title='bbox 1622 4981 1687 5039; x_wconf 89' lang='lat' dir='ltr'><strong>aine</strong></span> 
     </span>
     <span class='ocr_line' id='line_1_53' title="bbox 97 5069 1687 5149; baseline -0.001 -20"><span class='ocrx_word' id='word_1_582' title='bbox 97 5074 807 5149; x_wconf 79' lang='lat' dir='ltr'><strong>veinfringera.quatenusabomnibumunapar·</strong></span> <span class='ocrx_word' id='word_1_583' title='bbox 861 5073 961 5146; x_wconf 84' lang='lat' dir='ltr'><strong>bttcte)</strong></span> <span class='ocrx_word' id='word_1_584' title='bbox 975 5071 1044 5129; x_wconf 79' lang='lat' dir='ltr'><strong>vitio</strong></span> <span class='ocrx_word' id='word_1_585' title='bbox 1069 5071 1275 5129; x_wconf 85' lang='lat' dir='ltr'><strong>commaculet.</strong></span> <span class='ocrx_word' id='word_1_586' title='bbox 1292 5072 1336 5129; x_wconf 86' lang='lat' dir='ltr'><strong>Sit</strong></span> <span class='ocrx_word' id='word_1_587' title='bbox 1360 5071 1391 5128; x_wconf 93' lang='lat' dir='ltr'><strong>in</strong></span> <span class='ocrx_word' id='word_1_588' title='bbox 1415 5077 1443 5129; x_wconf 88' lang='lat' dir='ltr'><strong>te</strong></span> <span class='ocrx_word' id='word_1_589' title='bbox 1458 5077 1487 5129; x_wconf 89' lang='lat' dir='ltr'><strong>et</strong></span> <span class='ocrx_word' id='word_1_590' title='bbox 1513 5069 1687 5145; x_wconf 90' lang='lat' dir='ltr'><strong>bonipatris</strong></span> 
     </span>
     <span class='ocr_line' id='line_1_54' title="bbox 93 5157 1687 5237; baseline -0.003 -17"><span class='ocrx_word' id='word_1_591' title='bbox 93 5179 146 5220; x_wconf 89' lang='lat' dir='ltr'><strong>ono</strong></span> <span class='ocrx_word' id='word_1_592' title='bbox 161 5165 255 5220; x_wconf 89' lang='lat' dir='ltr'><strong>securi</strong></span> <span class='ocrx_word' id='word_1_593' title='bbox 271 5168 359 5236; x_wconf 85' lang='lat' dir='ltr'><strong>atque</strong></span> <span class='ocrx_word' id='word_1_594' title='bbox 374 5164 464 5237; x_wconf 89' lang='lat' dir='ltr'><strong>quieti</strong></span> <span class='ocrx_word' id='word_1_595' title='bbox 479 5163 675 5236; x_wconf 89' lang='lat' dir='ltr'><strong>omnipotenti</strong></span> <span class='ocrx_word' id='word_1_596' title='bbox 686 5163 806 5219; x_wconf 76' lang='lat' dir='ltr'><strong>Deoua·</strong></span> <span class='ocrx_word' id='word_1_597' title='bbox 859 5162 982 5218; x_wconf 89' lang='lat' dir='ltr'><strong>dulcedo</strong></span> <span class='ocrx_word' id='word_1_598' title='bbox 993 5165 1024 5217; x_wconf 87' lang='lat' dir='ltr'><strong>at</strong></span> <span class='ocrx_word' id='word_1_599' title='bbox 1033 5160 1144 5233; x_wconf 70' lang='lat' dir='ltr'><strong>iudicis</strong></span> <span class='ocrx_word' id='word_1_600' title='bbox 1160 5176 1234 5233; x_wconf 88' lang='lat' dir='ltr'><strong>pura</strong></span> <span class='ocrx_word' id='word_1_601' title='bbox 1245 5158 1391 5228; x_wconf 88' lang='lat' dir='ltr'><strong>discretio,</strong></span> <span class='ocrx_word' id='word_1_602' title='bbox 1405 5175 1498 5217; x_wconf 92' lang='lat' dir='ltr'><strong>unum</strong></span> <span class='ocrx_word' id='word_1_603' title='bbox 1511 5159 1589 5232; x_wconf 90' lang='lat' dir='ltr'><strong>quod</strong></span> <span class='ocrx_word' id='word_1_604' title='bbox 1604 5157 1687 5215; x_wconf 93' lang='lat' dir='ltr'><strong>inno·</strong></span> 
     </span>
     <span class='ocr_line' id='line_1_55' title="bbox 93 5248 1686 5325; baseline -0.002 -18"><span class='ocrx_word' id='word_1_605' title='bbox 93 5250 208 5308; x_wconf 77' lang='lat' dir='ltr'><strong>tibtara.</strong></span> <span class='ocrx_word' id='word_1_606' title='bbox 223 5253 254 5308; x_wconf 90' lang='lat' dir='ltr'><strong>Si</strong></span> <span class='ocrx_word' id='word_1_607' title='bbox 270 5253 337 5325; x_wconf 93' lang='lat' dir='ltr'><strong>quis</strong></span> <span class='ocrx_word' id='word_1_608' title='bbox 363 5252 454 5325; x_wconf 81' lang='lat' dir='ltr'><strong>igitur</strong></span> <span class='ocrx_word' id='word_1_609' title='bbox 468 5269 544 5309; x_wconf 83' lang='lat' dir='ltr'><strong>ausu</strong></span> <span class='ocrx_word' id='word_1_610' title='bbox 559 5251 715 5308; x_wconf 87' lang='lat' dir='ltr'><strong>temerario</strong></span> <span class='ocrx_word' id='word_1_611' title='bbox 729 5251 804 5308; x_wconf 90' lang='lat' dir='ltr'><strong>banc</strong></span> <span class='ocrx_word' id='word_1_612' title='bbox 858 5255 959 5308; x_wconf 90' lang='lat' dir='ltr'><strong>center</strong></span> <span class='ocrx_word' id='word_1_613' title='bbox 971 5250 1101 5308; x_wconf 89' lang='lat' dir='ltr'><strong>viventes</strong></span> <span class='ocrx_word' id='word_1_614' title='bbox 1115 5249 1219 5318; x_wconf 79' lang='lat' dir='ltr'><strong>foveat,</strong></span> <span class='ocrx_word' id='word_1_615' title='bbox 1247 5248 1326 5306; x_wconf 90' lang='lat' dir='ltr'><strong>aliud</strong></span> <span class='ocrx_word' id='word_1_616' title='bbox 1343 5248 1490 5323; x_wconf 88' lang='lat' dir='ltr'><strong>inquietos</strong></span> <span class='ocrx_word' id='word_1_617' title='bbox 1511 5265 1527 5304; x_wconf 91' lang='lat' dir='ltr'><strong>a</strong></span> <span class='ocrx_word' id='word_1_618' title='bbox 1543 5248 1686 5320; x_wconf 87' lang='lat' dir='ltr'><strong>pravitate</strong></span> 
     </span>
     <span class='ocr_line' id='line_1_56' title="bbox 93 5335 1685 5413; baseline -0.003 -17"><span class='ocrx_word' id='word_1_619' title='bbox 93 5357 112 5396; x_wconf 92' lang='lat' dir='ltr'><strong>n</strong></span> <span class='ocrx_word' id='word_1_620' title='bbox 127 5341 365 5399; x_wconf 87' lang='lat' dir='ltr'><strong>constitutionem</strong></span> <span class='ocrx_word' id='word_1_621' title='bbox 381 5340 489 5397; x_wconf 82' lang='lat' dir='ltr'><strong>violare</strong></span> <span class='ocrx_word' id='word_1_622' title='bbox 499 5341 727 5413; x_wconf 73' lang='lat' dir='ltr'><strong>praesumpserit,</strong></span> <span class='ocrx_word' id='word_1_623' title='bbox 739 5340 803 5395; x_wconf 87' lang='lat' dir='ltr'><strong>bea·</strong></span> <span class='ocrx_word' id='word_1_624' title='bbox 858 5342 1034 5412; x_wconf 88' lang='lat' dir='ltr'><strong>compescat.</strong></span> <span class='ocrx_word' id='word_1_625' title='bbox 1058 5335 1276 5394; x_wconf 81' lang='lat' dir='ltr'><strong>Misericordcm</strong></span> <span class='ocrx_word' id='word_1_626' title='bbox 1298 5342 1327 5394; x_wconf 89' lang='lat' dir='ltr'><strong>tc</strong></span> <span class='ocrx_word' id='word_1_627' title='bbox 1352 5340 1437 5408; x_wconf 89' lang='lat' dir='ltr'><strong>prout</strong></span> <span class='ocrx_word' id='word_1_628' title='bbox 1460 5335 1552 5394; x_wconf 85' lang='lat' dir='ltr'><strong>virtus</strong></span> <span class='ocrx_word' id='word_1_629' title='bbox 1573 5335 1685 5411; x_wconf 89' lang='lat' dir='ltr'><strong>patitur</strong></span> 
     </span>
     <span class='ocr_line' id='line_1_57' title="bbox 93 5424 1683 5502; baseline -0.003 -17"><span class='ocrx_word' id='word_1_630' title='bbox 93 5428 513 5501; x_wconf 86' lang='lat' dir='ltr'><strong>apostolorumPetrietPauli</strong></span> <span class='ocrx_word' id='word_1_631' title='bbox 529 5428 646 5485; x_wconf 85' lang='lat' dir='ltr'><strong>aciatse</strong></span> <span class='ocrx_word' id='word_1_632' title='bbox 662 5427 804 5500; x_wconf 87' lang='lat' dir='ltr'><strong>usquead</strong></span> <span class='ocrx_word' id='word_1_633' title='bbox 859 5426 1038 5502; x_wconf 88' lang='lat' dir='ltr'><strong>pauperibus</strong></span> <span class='ocrx_word' id='word_1_634' title='bbox 1061 5425 1174 5482; x_wconf 81' lang='lat' dir='ltr'><strong>exhibe.</strong></span> <span class='ocrx_word' id='word_1_635' title='bbox 1200 5424 1318 5498; x_wconf 87' lang='lat' dir='ltr'><strong>Opressi</strong></span> <span class='ocrx_word' id='word_1_636' title='bbox 1344 5424 1473 5482; x_wconf 77' lang='lat' dir='ltr'><strong>defensio</strong></span> <span class='ocrx_word' id='word_1_637' title='bbox 1499 5430 1551 5482; x_wconf 89' lang='lat' dir='ltr'><strong>tua</strong></span> <span class='ocrx_word' id='word_1_638' title='bbox 1578 5425 1683 5482; x_wconf 85' lang='lat' dir='ltr'><strong>subvo-</strong></span> 
     </span>
     <span class='ocr_line' id='line_1_58' title="bbox 93 5513 1685 5589; baseline -0.002 -16"><span class='ocrx_word' id='word_1_639' title='bbox 93 5515 806 5575; x_wconf 80' lang='lat' dir='ltr'><strong>iemandationemauctoritntaexcommunicatio</strong></span> <span class='ocrx_word' id='word_1_640' title='bbox 859 5517 932 5584; x_wconf 86' lang='lat' dir='ltr'><strong>nint,</strong></span> <span class='ocrx_word' id='word_1_641' title='bbox 942 5514 1176 5589; x_wconf 89' lang='lat' dir='ltr'><strong>opprimentibus</strong></span> <span class='ocrx_word' id='word_1_642' title='bbox 1188 5513 1320 5571; x_wconf 88' lang='lat' dir='ltr'><strong>modesta</strong></span> <span class='ocrx_word' id='word_1_643' title='bbox 1331 5515 1405 5572; x_wconf 88' lang='lat' dir='ltr'><strong>ratio</strong></span> <span class='ocrx_word' id='word_1_644' title='bbox 1415 5514 1685 5572; x_wconf 80' lang='lat' dir='ltr'><strong>contradicatllul·</strong></span> 
     </span>
     <span class='ocr_line' id='line_1_59' title="bbox 93 5599 1683 5682; baseline -0.005 -17"><span class='ocrx_word' id='word_1_645' title='bbox 93 5608 156 5666; x_wconf 89' lang='lat' dir='ltr'><strong>culo</strong></span> <span class='ocrx_word' id='word_1_646' title='bbox 172 5608 358 5676; x_wconf 89' lang='lat' dir='ltr'><strong>innodatum,</strong></span> <span class='ocrx_word' id='word_1_647' title='bbox 374 5614 403 5666; x_wconf 90' lang='lat' dir='ltr'><strong>st</strong></span> <span class='ocrx_word' id='word_1_648' title='bbox 417 5624 485 5665; x_wconf 91' lang='lat' dir='ltr'><strong>aum</strong></span> <span class='ocrx_word' id='word_1_649' title='bbox 499 5607 599 5682; x_wconf 91' lang='lat' dir='ltr'><strong>impiis</strong></span> <span class='ocrx_word' id='word_1_650' title='bbox 614 5609 643 5664; x_wconf 89' lang='lat' dir='ltr'><strong>at</strong></span> <span class='ocrx_word' id='word_1_651' title='bbox 656 5603 806 5680; x_wconf 77' lang='lat' dir='ltr'><strong>murilegis</strong></span> <span class='ocrx_word' id='word_1_652' title='bbox 859 5605 917 5662; x_wconf 88' lang='lat' dir='ltr'><strong>lius</strong></span> <span class='ocrx_word' id='word_1_653' title='bbox 932 5605 1035 5661; x_wconf 88' lang='lat' dir='ltr'><strong>iaciarn</strong></span> <span class='ocrx_word' id='word_1_654' title='bbox 1047 5606 1149 5660; x_wconf 87' lang='lat' dir='ltr'><strong>contra</strong></span> <span class='ocrx_word' id='word_1_655' title='bbox 1158 5599 1306 5675; x_wconf 80' lang='lat' dir='ltr'><strong>justitiam</strong></span> <span class='ocrx_word' id='word_1_656' title='bbox 1320 5601 1458 5677; x_wconf 88' lang='lat' dir='ltr'><strong>accipias,</strong></span> <span class='ocrx_word' id='word_1_657' title='bbox 1470 5601 1585 5660; x_wconf 89' lang='lat' dir='ltr'><strong>nullum</strong></span> <span class='ocrx_word' id='word_1_658' title='bbox 1605 5620 1683 5677; x_wconf 84' lang='lat' dir='ltr'><strong>qun-</strong></span> 
     </span>
    </p>
   </div>
   <div class='ocr_carea' id='block_1_10' title="bbox 106 5689 1801 5771">
    <p class='ocr_par' dir='ltr' id='par_1_12' title="bbox 106 5689 1801 5771">
     <span class='ocr_line' id='line_1_60' title="bbox 106 5689 1801 5771; baseline -0.006 -16"><span class='ocrx_word' id='word_1_659' title='bbox 106 5697 245 5755; x_wconf 80' lang='lat' dir='ltr'><strong>Jehennae</strong></span> <span class='ocrx_word' id='word_1_660' title='bbox 260 5696 404 5754; x_wconf 87' lang='lat' dir='ltr'><strong>incendiis</strong></span> <span class='ocrx_word' id='word_1_661' title='bbox 420 5699 603 5771; x_wconf 86' lang='lat' dir='ltr'><strong>deputatum.</strong></span> <span class='ocrx_word' id='word_1_662' title='bbox 626 5697 738 5752; x_wconf 74' lang='lat' dir='ltr'><strong>atvero</strong></span> <span class='ocrx_word' id='word_1_663' title='bbox 753 5694 805 5768; x_wconf 86' lang='lat' dir='ltr'><strong>qui</strong></span> <span class='ocrx_word' id='word_1_664' title='bbox 859 5699 970 5751; x_wconf 68' lang='lat' dir='ltr'><strong>renwm</strong></span> <span class='ocrx_word' id='word_1_665' title='bbox 981 5693 1063 5767; x_wconf 81' lang='lat' dir='ltr'><strong>justa</strong></span> <span class='ocrx_word' id='word_1_666' title='bbox 1076 5689 1230 5765; x_wconf 89' lang='lat' dir='ltr'><strong>despicias.</strong></span> <span class='ocrx_word' id='word_1_667' title='bbox 1247 5690 1384 5749; x_wconf 85' lang='lat' dir='ltr'><strong>Custodia</strong></span> <span class='ocrx_word' id='word_1_668' title='bbox 1397 5692 1461 5749; x_wconf 82' lang='lat' dir='ltr'><strong>vita</strong></span> <span class='ocrx_word' id='word_1_669' title='bbox 1476 5693 1506 5749; x_wconf 92' lang='lat' dir='ltr'><strong>in</strong></span> <span class='ocrx_word' id='word_1_670' title='bbox 1520 5697 1549 5751; x_wconf 87' lang='lat' dir='ltr'><strong>te</strong></span> <span class='ocrx_word' id='word_1_671' title='bbox 1563 5690 1682 5764; x_wconf 82' lang='lat' dir='ltr'><strong>aquita-</strong></span> <span class='ocrx_word' id='word_1_672' title='bbox 1796 5728 1801 5735; x_wconf 92' lang='lat'>-</span> 
     </span>
    </p>
   </div>
   <div class='ocr_carea' id='block_1_11' title="bbox 0 0 1950 6096">
    <p class='ocr_par' dir='ltr' id='par_1_13' title="bbox 0 0 1950 6096">
     <span class='ocr_line' id='line_1_61' title="bbox 0 0 1950 6096; baseline 0 0"><span class='ocrx_word' id='word_1_673' title='bbox 0 0 1950 6096; x_wconf 95' lang='lat' dir='ltr'><strong> </strong></span> 
     </span>
    </p>
   </div>
  </div>
 </body>
</html>
