3892 6096
116 232 193 292 rere
761 214 986 279 lnnxnnnnl
1009 215 1035 277 li
1056 215 1171 279 PanAE
1759 213 1828 275 138)

116 365 226 421 cientes
241 360 342 417 eadem
362 352 521 428 apostolica
540 351 712 407 auctoritate
726 349 839 406 illibata
853 353 881 405 et
895 348 940 404 in·
954 348 982 416 Α
997 347 1156 405 calliditate
1175 348 1341 406 disturbare
1365 347 1510 404 nituntur.
1528 346 1595 402 Nus
1609 360 1698 411 vero,
1714 346 1772 403 Deo
1783 365 1827 405 an·

115 456 258 510 temerata
282 460 464 521 permanere,
487 441 713 498 succedentibus
737 439 792 495 sibi
816 439 939 495 invicem
995 443 1113 505 nuente,
1129 438 1204 494 hanc
1218 436 1410 510 quaestionem
1432 438 1588 493 discutere
1603 435 1789 507 curavimus,
1802 440 1826 495 iu

116 557 203 599 omne
213 555 265 610 per
275 551 367 591 evum
379 531 562 604 temporibus
574 528 733 586 cunctissi
741 529 807 600 quis
815 545 882 584 vero
893 544 941 583 cu·
995 528 1106 596 synodo
1115 527 1214 583 habita
1224 527 1253 583 in
1263 527 1450 583 Lateranensi
1462 526 1826 593 consistori0,courooa⁴is

112 631 281 703 juscunque
291 622 470 680 conditionis
483 624 534 677 aut
549 618 702 692 potestatis
712 618 800 674 homo
810 617 878 673 huic
890 633 940 672 no·
995 616 1030 671 ad
1042 615 1181 689 hocopus
1192 615 1336 688 episcopis
1350 621 1378 671 et
1388 614 1513 684 clericis,
1521 618 1621 684 atque
1634 613 1826 683 iudicibusdi·

117 725 184 775 stra
201 713 367 788 apostolice
381 709 562 767 auctoritatis
579 707 730 781 privilegio
746 706 942 763 contradictor
993 722 1142 762 versurum
1159 705 1383 777 provinciarum.
1396 703 1542 777 Denique,
1556 703 1613 759 diu
1630 703 1779 760 ventilatis
1790 705 1824 761 le·

116 804 291 863 temerarius
316 801 439 857 voluerit
467 799 599 864 existere,
616 796 789 853 auctoritate
813 796 940 868 prolecto
995 795 1082 866 gibus
1096 800 1125 850 et
1139 795 1231 850 sacris
1248 794 1421 862 canonibus,
1436 793 1587 849 distincte
1601 793 1822 860 invenimusrb

116 897 253 953 bumana
267 897 296 948 et
310 890 467 945 individua
477 886 629 943 Trinitatis
645 891 673 942 st
687 885 764 941 beati
780 885 855 940 Petri
871 901 941 956 apo·
995 883 1081 939 aliern
1097 899 1216 939 causam
1232 883 1353 940 alteram
1379 883 1477 956 legum
1493 883 1577 947 lieri,
1592 882 1728 938 alteram
1751 900 1821 940 cane·

116 984 259 1042 stolorum
284 979 436 1053 principis,
453 982 553 1033 nostru
572 992 698 1048 quoque,
715 974 765 1045 qui
784 973 848 1044 ejus
864 973 940 1029 vices
995 989 1066 1028 num
1082 972 1340 1045 computationem.
1353 973 1385 1027 ln
1399 972 1519 1046 legibus
1536 971 1702 1044 siquidem
1716 973 1754 1028 ob
1765 974 1822 1030 nibil

117 1071 303 1145 exsequendo
323 1067 467 1123 cathedre
496 1065 591 1137 ipsius
614 1064 749 1119 videmur
776 1062 940 1134 presidere,
994 1061 1373 1135 aliudipsorumgraduum
1384 1061 1822 1134 mentiofactaest,nisiutbe

118 1161 231 1220 noverit
245 1175 276 1215 se
295 1153 493 1213 indissolubili
515 1152 679 1208 feriendum
702 1150 886 1206 anathemate
912 1154 941 1206 et
994 1152 1113 1223 reditas,
1124 1151 1169 1207 vel
1185 1152 1342 1223 successio,
1354 1153 1390 1208 ab
1405 1152 1513 1209 unaed
1533 1149 1674 1207 alteram
1686 1168 1822 1224 personam

117 1267 185 1308 cum
201 1247 314 1304 Dathan
330 1249 359 1301 et
372 1243 491 1314 Abiron,
505 1241 536 1297 in
551 1245 711 1297 tartareum
726 1239 815 1295 chaos
826 1239 940 1295 demer-
994 1242 1071 1298 inter
1080 1240 1312 1315 consangulneoe
1322 1241 1478 1297 deteratur.
1488 1242 1525 1298 In
1538 1241 1721 1298 canonibus
1729 1244 1821 1300 veroot

118 1339 246 1414 gendum
267 1338 333 1407 post
357 1348 492 1389 occasum
517 1330 638 1399 vite,in
668 1327 795 1385 flammis
824 1345 940 1401 quoque
994 1330 1049 1386 boo
1065 1329 1220 1403 progenies
1244 1334 1442 1403 computetur,
1458 1334 1491 1385 ut
1518 1334 1631 1403 aperte
1659 1337 1822 1390 monstretur

116 1427 256 1502 gehenne
268 1440 299 1480 ae
309 1421 516 1496 perpetualiter
529 1419 776 1476 concremandum
787 1434 854 1474 oum
865 1418 941 1474 tuda
995 1419 1133 1492 usquead
1144 1422 1263 1491 quotam
1276 1419 1495 1493 generationem
1505 1437 1525 1476 a
1536 1421 1820 1494 consanguineorum

115 1522 185 1574 lesu
200 1512 315 1570 Domini
332 1511 488 1585 proditore.
995 1509 1033 1564 sit
1044 1507 1156 1581 nuptiis
1166 1507 1434 1565 abstinendum.lbi
1445 1508 1669 1581 prescribitur
1679 1514 1714 1566 ut
1723 1510 1820 1568 heredi·

153 1611 168 1672 †
184 1604 244 1677 Ego
259 1602 292 1658 G.
304 1600 355 1656 Dei
369 1600 464 1673 gratia
478 1598 620 1655 Ostiensis
630 1597 785 1671 episcopus
800 1601 829 1654 et
841 1597 870 1653 S.
888 1596 942 1652 Ro-
993 1600 1038 1653 tas
1052 1597 1224 1670 propinquis
1241 1597 1326 1654 modo
1340 1595 1471 1669 legitimo
1483 1599 1688 1665 conteratur3
1704 1599 1818 1671 bicrero,

116 1711 210 1751 mane
226 1690 360 1748 Ecclesia
382 1688 507 1761 legatus,
521 1691 622 1760 rogatu
639 1687 740 1743 domni
755 1685 871 1743 docleni
887 1687 938 1741 Ca·
954 1721 979 1787 B
994 1691 1027 1742 ut
1041 1687 1095 1742 rite
1110 1689 1139 1743 et
1152 1686 1290 1742 canonice
1304 1685 1489 1743 interlideles
1506 1687 1631 1760 nuptias
1643 1686 1818 1747 celebrentur.

114 1781 277 1839 bilonensis
292 1777 422 1852 episcopi
437 1775 493 1849 legi
510 1775 623 1831 laudaui
639 1779 668 1830 et
682 1773 853 1847 subscripsi.
993 1775 1025 1832 In
1042 1775 1155 1847 legibus
1171 1774 1302 1832 districte
1326 1791 1385 1830 non
1408 1781 1623 1833 numerantur
1643 1778 1818 1850 graduarii

153 1876 242 1942 †l‹2go
257 1867 437 1922 flambertus
461 1863 650 1936 archipresul
671 1862 873 1935 Lugdunensis
887 1862 939 1918 Ec·
994 1882 1087 1937 usque
1103 1865 1138 1920 ad
1154 1867 1281 1930 sextam;
1306 1861 1336 1918 in
1361 1863 1529 1921 canonibus
1556 1869 1670 1923 autem
1696 1869 1818 1941 usquead

116 1957 209 2014 clesioe
226 1955 398 2026 subscripsi.
993 1953 1148 2026 septimam
1164 1952 1387 2026 distinguuntur
1409 1953 1659 2025 generationem.
1679 1955 1738 2014 ttae
1750 1958 1820 2032 igitur

153 2051 167 2111 †
185 2046 242 2118 ligo
265 2044 432 2099 Ermannus
455 2041 525 2113 (teuc
541 2041 740 2112 varmundus)
764 2038 939 2096 Viennensis
994 2045 1029 2098 de
1043 2041 1413 2114 causa,quiahaereditates
1428 2050 1593 2115 nequeunt
1604 2045 1721 2102 deterri
1735 2046 1821 2105 nisids

116 2133 355 2207 archiepiscopus
369 2129 542 2202 subscripsi.
994 2149 1052 2188 una
1062 2132 1098 2188 ad
1109 2131 1230 2188 altorem
1244 2146 1411 2204 personam,
1420 2130 1534 2188 ideirco
1548 2134 1679 2190 curavit
1691 2135 1821 2193 emulum

152 2229 166 2289 †
192 2223 251 2295 Ego
284 2219 345 2293 Ugo
380 2218 567 2275 bituricensis
600 2217 836 2291 archiepiscopus
869 2218 937 2274 sub·
992 2221 1152 2294 imperator
1167 2221 1197 2276 in
1212 2220 1338 2294 singulis
1361 2221 1496 2293 personis
1522 2222 1675 2296 singulos
1692 2226 1822 2299 prefigere

115 2311 230 2384 scripsi.
993 2311 1112 2382 gradus.
1129 2309 1201 2376 Quia
1216 2327 1283 2365 vero
1305 2310 1413 2382 nuptiae
1438 2310 1504 2366 sine
1519 2311 1654 2370 duabus
1670 2331 1730 2371 non
1742 2314 1822 2372 rusa

152 2406 166 2466 †
182 2400 242 2472 Ego
256 2401 376 2471 Agnano
392 2396 534 2452 Eduensis
550 2395 706 2468 episcopus
721 2395 820 2471 relegi.
993 2400 1055 2456 lieri
1072 2399 1216 2472 personis,
1227 2399 1291 2455 ideo
1303 2397 1377 2454 sacri
1388 2415 1519 2456 canones
1530 2401 1617 2459 duas
1627 2402 1662 2460 in
1674 2421 1734 2461 uno
1746 2406 1822 2478 gradu

152 2495 166 2556 †
184 2491 243 2561 Ego
258 2487 426 2542 (tuntardus
449 2484 667 2542 Valentinensis
689 2485 843 2557 episcopus
867 2484 938 2541 sub·
993 2489 1169 2545 constituere
1184 2486 1503 2561 personasUlramque
1514 2493 1629 2548 tamen
1643 2496 1822 2566 computatis

114 2576 231 2648 scripsi.
993 2596 1071 2649 nem,
1083 2579 1108 2634 si
1123 2582 1232 2633 attente
1248 2593 1280 2632 ac
1296 2575 1442 2633 subtiliter
1456 2585 1626 2651 perspecta
1642 2582 1744 2650 fuerit,
1757 2583 1820 2640 iden

152 2671 166 2733 †
183 2667 242 2738 Ego
258 2664 465 2721 Ermenlredus
489 2662 668 2719 Sedunensis
692 2662 847 2735 episcopus
867 2663 937 2718 sub·
992 2668 1120 2724 sensisse
1135 2671 1163 2722 et
1177 2666 1308 2721 eamdem
1319 2682 1382 2721 esse
1393 2666 1422 2721 in
1436 2666 1478 2722 eis
1489 2670 1686 2728 sententiam
1703 2675 1819 2745 atqueatl

115 2754 232 2826 scripsi.
992 2755 1818 2820 eumdemterminumconveniremanifestissimumerit.

151 2842 375 2909 †Raimbuldus
405 2840 569 2913 apostolice
594 2841 672 2896 sedis
701 2839 936 2912 regalistis.
990 2845 1176 2903 ,lastinianus
1195 2859 1431 2916 namqueusque
1449 2845 1604 2919 adquam
1621 2852 1753 2922 gradum
1764 2869 1820 2909 oon·

81 2959 86 2966 ·
114 2932 144 2989 S.
161 2931 211 3005 (5).
992 2934 1176 3008 sanguinitas
1191 2932 1256 3005 ipsa
1270 2932 1407 3003 perduret
1420 2934 1449 2988 in
1465 2935 1530 2991 suis
1546 2935 1676 3012 legibus
1693 2941 1818 2998 naudel-

486 3037 568 3093 xcn,
993 3024 1073 3080 nivii.
1084 3023 1216 3078 (lenones
1230 3038 1296 3077 vero
1311 3021 1388 3077 ultra
1403 3023 1580 3094 septimam,
1599 3027 1720 3086 nullam
1736 3047 1821 3086 nume

115 3126 268 3182 Alexandri
282 3128 308 3183 ll
320 3127 435 3197 epistota
453 3126 488 3181 od
507 3125 656 3197 episcopos,
670 3126 784 3181 clericos
796 3130 821 3181 et
831 3126 938 3197 judices
953 3089 974 3155 c
993 3130 1091 3170 revere
1106 3112 1332 3186 generaliessem·
1344 3112 1429 3166 Sexte
1446 3112 1560 3186 quippe
1576 3118 1680 3188 gradu
1697 3120 1819 3176 determi-

150 3199 251 3254 ltutiae.
277 3229 310 3239 -
334 3197 475 3268 ραοιηοάο
498 3197 679 3270 computandi
697 3198 800 3268 predas
823 3213 938 3252 consan-
994 3210 1071 3270 nato,
1087 3202 1115 3256 in
1132 3200 1205 3273 ipsis
1219 3200 1334 3272 legibus
1349 3200 1508 3257 subintulit
1521 3202 1709 3276 imperamr,
1721 3210 1821 3277 (flam.

150 3271 305 3340 Wf‘a‘ss·
994 3309 1051 3348 nus
1066 3290 1229 3347 ostendisse
1245 3289 1372 3345 sufficiat
1382 3292 1647 3361 quemadmodum
1663 3299 1822 3371 graduseu·

310 3358 572 3518 [MANgissggffii
580 3359 654 3502 81ζῖ
666 3446 743 3517 766]
994 3379 1141 3453 guadonis
1166 3381 1365 3433 numerentur.
1377 3378 1510 3450 Namque
1536 3398 1576 3438 ex
1602 3383 1653 3440 bis
1680 3386 1776 3458 palam
1789 3391 1823 3443 est

148 3555 190 3609 Ad
207 3555 305 3610 sedem
318 3553 507 3626 apostolicam
519 3553 631 3626 perlata
641 3559 686 3609 est
697 3552 818 3625 quaetio
830 3553 941 3608 noviter

114 3646 213 3699 exorta
223 3645 258 3699 de
268 3643 409 3715 gradibus
422 3643 701 3715 consanguinitatis;
717 3659 805 3715 quam
820 3642 940 3714 quidam

114 3730 213 3805 legum
223 3736 252 3787 et
262 3749 408 3788 canonum
424 3731 553 3804 imperiti
566 3731 860 3799 excitantes,eosdem
875 3748 940 3803 pro·

113 3820 289 3892 pinquitatis
304 3822 413 3894 gradus
429 3826 532 3877 contra
546 3838 645 3877 sacros
665 3838 791 3877 canones
807 3826 836 3876 et
850 3819 940 3877 eccle-

114 3909 266 3966 siasticum
285 3927 395 3966 merem
409 3927 563 3966 numerare
578 3911 724 3977 nituntur,
735 3927 808 3966 novo
819 3915 848 3967 et
862 3910 942 3965 inau-

113 3997 174 4053 dito
189 4016 286 4055 errore
302 4000 483 4055 affirmantes
495 3999 571 4071 quod
583 4000 716 4072 germani
728 4000 833 4056 iratres
842 3998 887 4054 vel
898 4015 942 4054 so·

113 4100 194 4141 rores
209 4085 286 4142 inter
300 4103 331 4143 se
344 4087 405 4141 sint
420 4088 450 4141 in
462 4087 592 4142 secunda
606 4087 807 4159 generatione;
825 4086 877 4141 filii
893 4103 941 4142 eo-

994 3469 1156 3543 intelligere
1163 3468 1412 3543 quemadmodum
1421 3468 1582 3529 ulteriores
1594 3465 1824 3552 quoquegredns

995 3558 1825 3636 numeraredebeamus.Generntaquippepersonasem·

995 3649 1186 3722 pergendum
1211 3646 1322 3719 adjicit,
1339 3647 1410 3703 Ecce
1437 3648 1466 3703 in
1492 3648 1543 3705 his
1571 3651 1722 3712 brevibus
1744 3655 1825 3712 verbis

996 3741 1094 3810 aperte
1109 3737 1273 3793 ostenditur
1287 3736 1359 3792 tales
1375 3738 1494 3809 gradus,
1510 3739 1622 3811 quales
1645 3743 1699 3800 isti
1716 3762 1824 3817 compu-

996 3830 1069 3892 tant,
1085 3843 1141 3881 non
1159 3829 1274 3882 tantum
1294 3842 1387 3898 usque
1402 3826 1437 3881 ad
1462 3832 1596 3898 sextum,
1614 3848 1725 3889 verum
1750 3834 1824 3890 etism

996 3915 1073 3971 ultra
1083 3913 1231 3970 numerari
1242 3914 1471 3987 debere,quippe
1483 3931 1554 3971 cum
1567 3917 1653 3976 ultra
1666 3920 1824 3978 sextumul·

995 4005 1116 4060 teniores
1144 4003 1253 4076 gradus
1281 4003 1479 4059 numerandos
1508 4020 1579 4062 esse
1610 4009 1767 4069 decernat.
1782 4009 1824 4067 t'bi

996 4093 1074 4149 enim
1088 4091 1241 4147 ulteriores
1252 4091 1385 4146 nominat
1395 4091 1515 4164 gradus,
1528 4101 1639 4167 aperte
1651 4098 1767 4157 indicat
1778 4115 1824 4156 nou

113 4188 180 4226 rum
193 4172 237 4227 vel
254 4173 331 4239 filiae,
344 4174 373 4228 in
390 4179 509 4245 quarta;
526 4180 645 4246 nepotes
659 4175 703 4230 vel
719 4181 819 4247 neptes
828 4193 940 4247 eorum,
996 4201 1047 4239 sex
1060 4181 1264 4238 tantummodo
1277 4197 1341 4236 esse
1355 4181 1474 4253 gradus,
1486 4183 1540 4237 sed
1553 4200 1608 4241 sex
1621 4186 1734 4255 finitis,
1745 4189 1825 4246 adbuc

113 4259 142 4312 in
159 4264 250 4314 sexta.
267 4260 391 4332 'latique
406 4263 493 4317 modo
509 4262 676 4335 progeniem
693 4268 897 4336 computantes
914 4271 941 4322 et
996 4272 1069 4328 alios
1084 4270 1290 4327 numerandos.
1302 4270 1360 4325 Neo
1375 4270 1495 4341 mirum,
1504 4287 1580 4330 cum
1597 4276 1628 4331 iu
1647 4277 1825 4350 praecedenti·

113 4345 286 4416 hujusmodi
309 4355 389 4405 sexto
412 4366 476 4406 eam
498 4352 591 4423 gradu
616 4353 807 4410 terminantes
830 4353 940 4426 dicunt,
997 4363 1052 4417 bus
1067 4361 1129 4433 ipse
1150 4358 1483 4431 firmaverit'imperator
1497 4360 1731 4424 decimoetiam
1746 4367 1825 4442 gradu

113 4435 251 4508 deinceps
265 4436 342 4493 viros
358 4456 391 4494 ac
405 4438 544 4495 mulieres
560 4441 636 4495 inter
651 4458 682 4497 se
695 4457 781 4514 posse
796 4441 939 4515 nuptialia
953 4454 978 4521 Β
993 4448 1227 4522 consanguineos
1243 4447 1392 4518 sibiinter
1412 4464 1444 4504 se
1464 4464 1556 4520 posse
1573 4456 1752 4514 succedere.
1766 4460 1825 4512 cnm

109 4524 366 4595 jurecontrabere.
375 4528 409 4582 Et
418 4528 453 4582 ad
466 4528 635 4599 hujusmodi
646 4531 801 4602 protanam
811 4547 938 4587 errorem
994 4541 1072 4596 enim
1089 4537 1236 4593 decimum
1251 4536 1393 4608 nominat,
1406 4553 1464 4592 non
1476 4553 1544 4594 esse
1557 4545 1774 4603 tantummodo
1785 4560 1826 4601 sex

113 4614 775 4688 confirmandum,inargumentumassumunt
786 4619 939 4676 seculares
994 4629 1058 4684 lace
1075 4627 1182 4683 clarius
1197 4626 1362 4683 confitetur.

112 4701 191 4774 leges
207 4720 281 4776 quas
306 4705 322 4760 J
327 4706 493 4762 ustinianus
509 4708 668 4779 imperator
692 4708 889 4781 promulgavit
903 4710 939 4765 de
1029 4717 1063 4773 Hi
1079 4733 1147 4789 ergo
1158 4715 1306 4788 evigilent,
1317 4715 1447 4772 etaciem
1459 4718 1587 4789 mentis,
1601 4721 1628 4779 si
1645 4730 1780 4797 possunt,
1791 4725 1825 4780 jn.

112 4791 349 4849 successionibus
374 4796 669 4867 consanguineorum.
695 4798 807 4862 Quibus
835 4798 937 4853 conlisi
994 4808 1117 4863 tendant
1132 4823 1206 4879 quos
1229 4805 1370 4860 haetenus
1387 4804 1561 4864 istiusmodi
1590 4815 1720 4883 pertulit
1744 4831 1824 4872 emt,

113 4883 264 4937 ostendere
281 4880 445 4938 moliuntur
459 4886 562 4940 iratres
578 4886 608 4939 in
624 4887 751 4941 secundo
767 4886 858 4958 gradu
875 4904 939 4943 esse
994 4896 1148 4952 Enimvero
1165 4895 1224 4963 ubi,
1241 4895 1404 4950 secundum
1429 4894 1519 4967 leges,
1539 4897 1624 4956 inter
1639 4910 1775 4977 agnatos,
1789 4901 1825 4959 vet

114 4970 294 5041 numeratos)
306 4970 380 5027 filios
392 4988 492 5027 eorum
505 4974 534 5027 in
548 4979 661 5044 quante,
675 4981 794 5047 nenetee
805 4977 834 5031 in
846 4980 935 5032 sexte·
993 4989 1133 5057 cognatos
1144 4984 1274 5058 defertur
1284 4983 1768 5062 successio‚consanguineosesse
1777 5008 1825 5048 non

114 5058 161 5113 Sic
176 5059 282 5114 seriem
297 5059 471 5132 genealogie
487 5061 689 5134 terminantes,
704 5064 936 5121 numerationem
993 5074 1117 5130 dubium
1133 5073 1296 5144 est.Neque
1306 5073 1382 5127 enim
1395 5072 1449 5127 sibi
1462 5079 1680 5150 succederent,
1693 5083 1749 5140 nisi
1764 5085 1826 5138 inter

114 5152 282 5244 sanctorum
293 5148 411 5204 Petrum
429 5154 457 5205 et
472 5151 623 5222 antiquam
635 5152 769 5208 Eeeleeie
785 5160 936 5226 enmpnte·
994 5180 1025 5219 se
1041 5162 1194 5235 parentelae
1210 5162 1324 5218 vinculo
1339 5165 1520 5219 tenerentur.
1535 5167 1719 5229 Succedunt
1740 5178 1826 5230 autem

111 5236 233 5303 tionem,
244 5237 280 5293 ad
296 5254 350 5294 nos
365 5255 458 5311 usque
469 5240 652 5311 perductam,
663 5258 798 5313 perversa
809 5245 936 5316 quadam
992 5251 1069 5307 inter
1085 5268 1126 5322 se,
1141 5255 1215 5309 teste
1237 5251 1414 5321 tustinisno,
1431 5252 1461 5308 in
1485 5254 1611 5316 decimo
1636 5263 1749 5335 gradu;
1764 5277 1822 5318 con·

148 5449 186 5530 (5)
202 5450 276 5505 Nota
290 5456 366 5535 quod
384 5455 560 5547 subscriptio
576 5458 753 5531 Rnimbaldi,
769 5462 846 5519 sedis
866 5481 935 5536 apo·
991 5486 1049 5545 quo
1064 5469 1127 5527 alis
1142 5470 1383 5543 subscriptiones,
1401 5470 1527 5528 undeet
1543 5473 1658 5534 ultime
1675 5480 1797 5553 ponitur.

111 5519 220 5588 stellae
233 5519 333 5595 legen,
348 5543 406 5586 uun
421 5527 536 5591 edetur
557 5531 659 5590 eodem
673 5537 804 5609 tempore
818 5542 936 5595 exarata
