3892 6096
114 311 192 369 lusu
744 310 939 374 sudantis.
956 345 994 356 -
1009 314 1073 372 AN.
1099 315 1186 373 1076.
1737 321 1817 381 tuac

113 443 187 498 lacto
203 447 375 515 opusasset,
388 460 447 516 qua
459 443 754 517 rationepcriclilanti
766 449 862 517 etjam
873 447 935 516 jam
951 448 979 514 Α
994 463 1111 501 summa
1134 446 1266 501 oninium
1291 463 1392 503 eorum
1415 447 1577 521 ignominia
1601 448 1735 506 amittere
1758 468 1817 509 uon
1887 457 1888 460 ’

112 531 300 604 naufragium
315 532 463 589 minitanti
479 535 519 589 rei
535 533 658 605 publicae
668 535 879 591 consulendum
894 535 936 590 io·
993 539 1100 604 posset,
1112 551 1165 589 ncc
1177 536 1394 609 sinerentregni
1404 537 1555 593 Teutonici
1565 538 1609 573 ¹⁸⁸⁸
1620 538 1817 610 splendorem,

111 625 164 676 ret.
182 621 402 693 perquirebant.
419 621 610 694 Replicabant
619 624 656 679 ab
668 607 777 694 tenero,
794 628 827 678 ut
842 624 935 688 aiunt,
992 623 1816 702 omnibusretroseculisintactumincontaminatumque,

111 725 210 782 ungue
222 709 296 781 (447)
306 727 423 767 omnem
432 711 496 766 vita
506 711 816 779 regisiustitutioaem,
827 712 936 784 quibua
992 728 1046 767 aua
1061 715 1144 767 astate
1156 715 1217 767 tarn
1230 713 1325 785 turpis
1349 714 1473 785 exempli
1499 715 1615 771 macula
1629 717 1796 774 sordescere
1808 742 1816 786 3

111 798 239 870 probris,
255 799 365 870 quibus
385 799 505 872 flagitiis
525 801 769 859 existimationem
785 818 869 859 susm
885 801 934 855 dc·
992 800 1070 872 quod
1083 800 1108 855 si
1118 802 1205 857 verba
1219 816 1274 857 sua
1284 800 1434 858 difficilius
1443 802 1641 875 admitterent,
1653 805 1817 879 magnificis
1921 797 1924 805 '

112 903 224 960 casque
238 887 353 959 imperii
377 889 495 945 virdrun
512 889 613 946 adulta
638 896 723 947 astarte
737 891 934 959 maculasset;
992 889 1239 960 promissionibus
1249 890 1356 946 totiens
1378 890 1463 961 elusi,
1487 894 1622 964 paratum
1646 910 1686 962 se,
1708 894 1817 966 quibus

112 993 186 1049 quas
201 977 325 1048 injurias
338 977 474 1051 singulis,
487 995 561 1050 quas
576 979 773 1037 incommune
787 979 935 1046 omnibus,
991 979 1184 1035 sacramentis
1194 979 1303 1051 quibus
1313 978 1419 1035 vellent
1430 980 1593 1047 obsidibus,
1608 981 1697 1038 tldem
1713 982 1817 1054 lacere,

112 1065 308 1138 ubiprimum
333 1067 496 1140 pubertatis
520 1084 613 1124 annos
637 1069 743 1143 attigit,
758 1070 935 1142 irrogasset;
991 1068 1068 1138 quod
1093 1066 1175 1124 nulla
1204 1085 1335 1140 unquam
1364 1068 1437 1138 dies,
1467 1068 1549 1126 nulla
1578 1086 1676 1127 rerum
1694 1088 1817 1129 casuum

113 1154 936 1241 quodremotisafamiliaritatpsuapriucipibus‚inllmos
992 1155 1173 1213 mutabilitas
1187 1156 1263 1212 hanc
1287 1173 1373 1213 suam
1388 1157 1418 1233 in
1442 1173 1492 1216 eos
1514 1157 1740 1216 benivolentiam
1756 1176 1818 1217 cor·

111 1243 246 1301 homines
261 1249 291 1301 et
304 1243 394 1301 nullis
409 1246 572 1316 majoribus
582 1251 661 1304 ortos
676 1248 802 1305 summis
817 1247 936 1303 bonori-
990 1247 1115 1317 ruptura
1129 1246 1213 1301 foret.
1230 1246 1274 1302 sd
1301 1245 1363 1302 hnc
1386 1245 1431 1302 illi
1457 1248 1517 1303 ⁵⁸⁶⁷:
1547 1248 1641 1317 Nuttu,
1669 1248 1819 1321 inquiunt,

110 1334 168 1390 bus
183 1331 345 1402 extulisset,
361 1333 387 1390 ei
402 1349 470 1390 cam
483 1335 525 1391 eis
540 1340 639 1393 noctes
649 1337 770 1408 perinde
785 1353 818 1393 ac
834 1335 935 1392 diesin
985 1334 1053 1405 jam
1077 1341 1224 1406 supersunt
1244 1340 1418 1404 aracaeum,
1444 1338 1544 1409 quibus
1565 1339 1668 1394 totiens
1680 1339 1822 1408 recopnitu

111 1421 372 1479 deliberationibus
384 1422 549 1489 insumens,
565 1423 715 1493 ultimum,
731 1424 756 1482 si
772 1425 875 1498 possit,
887 1441 937 1481 no·
991 1427 1205 1495 atquespectata
1232 1424 1299 1494 fides
1328 1426 1386 1497 ejus
1413 1425 1528 1497 probari
1554 1427 1630 1483 ultra
1644 1427 1687 1483 vet
1701 1427 1822 1496 obligari

111 1509 218 1566 bilitati
233 1509 438 1566 exterminium
454 1513 694 1580 machinaretur,
710 1515 786 1586 quod
804 1514 937 1570 barbaris
992 1511 1093 1579 vatem,
1108 1529 1172 1568 cnm
1200 1515 1302 1570 tociens
1329 1530 1437 1570 morum
1464 1522 1577 1572 suorum
1604 1515 1821 1572 emendationem

110 1598 250 1668 gentibus
264 1599 415 1655 vacatione
434 1600 512 1669 data,
537 1601 567 1657 in
583 1601 716 1659 subditos
742 1602 798 1659 sibi
813 1599 937 1675 populos
991 1614 1088 1656 coram
1102 1601 1188 1656 oculis
1213 1605 1310 1658 omnic
1332 1606 1469 1660 cernentis
1483 1605 1533 1661 liei
1560 1621 1642 1676 quam
1656 1613 1748 1662 sancte
1760 1604 1820 1677 pot·

110 1686 211 1742 dedita
224 1703 313 1759 opera
327 1687 438 1744 serrum
452 1688 651 1747 distrinxisset
665 1695 693 1747 ct
704 1691 734 1747 in
750 1707 851 1747 eorum
868 1706 937 1747 nece
994 1686 1097 1756 licitus,
1135 1691 1229 1745 munia
1265 1691 1363 1762 quibus
1399 1693 1586 1750 obstrinxerat
1622 1695 1743 1762 vincula,
1771 1693 1822 1749 ubi

110 1773 213 1830 hostili
229 1774 273 1810 ¹⁸⁶¹
290 1774 461 1832 crudelitate
471 1781 673 1847 grassantum
689 1778 937 1852 regnum,quoda
989 1777 1112 1848 primum
1126 1779 1273 1834 catamitus
1288 1795 1350 1851 quae
1369 1780 1542 1853 adpraesens
1556 1782 1671 1851 urpebat
1686 1783 1731 1819 ¹⁸⁸⁸
1746 1797 1821 1855 prae·

111 1863 936 1936 parentibussuispacatissimumetbonisomnibusllo·
991 1867 1076 1937 tertii,
1101 1869 1233 1938 tanquam
1261 1885 1429 1925 aranearum
1457 1871 1526 1926 telas
1554 1874 1660 1943 ruperit
1688 1869 1773 1942 (tte),
1794 1875 1823 1927 et

111 1952 314 2009 cautissimum
329 1954 451 2026 accepit,
466 1970 555 2026 quam
571 1955 692 2022 loedum,
705 1972 793 2028 quam
809 1956 939 2028 despice·

111 2039 273 2113 bile,quam
289 2041 437 2098 intestinis
464 2041 599 2101 cladibus
613 2044 752 2101 infertum
768 2051 937 2103 cruentum·

111 2145 170 2203 que
185 2130 379 2199 reddidisset;
396 2130 534 2188 ecclesias
544 2136 572 2188 et
587 2134 765 2191 monasteria
780 2135 938 2204 destructa,

109 2218 249 2276 eiatuelia
263 2236 414 2276 servorum
425 2219 475 2277 Del
487 2236 572 2277 versa
581 2238 645 2279 esse
660 2222 690 2278 in
705 2223 938 2296 stipendiumili·

110 2313 188 2378 tum,
204 2307 334 2365 studium
351 2308 502 2381 religionis
515 2314 545 2366 et
560 2326 657 2367 rorum
674 2311 937 2369 ecclesiasticarum

110 2396 255 2454 transisse
270 2397 307 2453 ad
331 2413 414 2453 arma
433 2396 572 2455 militaria
596 2398 621 2455 ei
637 2400 672 2455 ad
698 2400 876 2458 munitiones
890 2416 938 2457 ex·

110 2485 265 2551 truendes,
278 2501 336 2540 non
361 2485 470 2557 quibus
493 2487 537 2543 vis
552 2492 581 2544 et
602 2487 731 2559 impetus
747 2489 936 2546 barbarorum

112 2578 257 2641 arceatur,
283 2576 334 2631 aed
361 2575 470 2647 quibus
494 2575 593 2650 patriae
618 2577 818 2651 tranquillitas
833 2578 937 2650 eripia-

110 2667 163 2719 tur
172 2662 218 2700 ¹⁸⁸¹
227 2667 256 2720 et
265 2662 366 2720 liberis
377 2663 422 2699 ¹⁸⁸³
438 2664 598 2722 cervicibus
613 2666 778 2723 durissime
789 2666 939 2723 servitutis

107 2753 218 2826 jugum
233 2751 420 2824 imponatur;
444 2741 564 2810 nullum
575 2771 699 2827 usquam
713 2772 778 2812 esse
800 2756 896 2811 viduis
910 2759 939 2811 et

111 2840 533 2913 orphanissolatium,nullum
543 2845 692 2915 oppressis
703 2850 731 2901 et
739 2843 938 2917 calumpniam

112 2929 332 2986 sustinentibus
345 2930 503 3003 retugium,
519 2947 576 2986 non
597 2931 712 3004 legibus
736 2933 936 3002 reverentiam,

111 3033 173 3076 non
187 3018 319 3075 moribus
344 3019 543 3090 disciplinam,
555 3036 613 3076 non
638 3021 765 3077 ecclesia
780 3021 938 3079 auctorita·

110 3111 173 3164 tem
184 3123 279 3175 suam,
287 3122 345 3163 non
353 3108 393 3164 rei
405 3106 526 3179 publice
534 3110 937 3180 maneredignitatsmsuam;

992 1970 1099 2026 semper
1121 1971 1149 2011 se
1172 1958 1232 2024 ipso
1255 1956 1384 2029 deterior,
1413 1975 1526 2015 cursum
1539 1959 1610 2016 mali
1636 1962 1823 2034 superinstant

992 2059 1077 2115 equus
1091 2047 1196 2116 impetu
1209 2045 1311 2101 vadens
1334 2048 1364 2102 in
1382 2048 1522 2118 prelium,
1547 2050 1683 2121 ettrermta
1696 2048 1823 2106 libertate

993 2133 1164 2204 repetiverit.
1192 2133 1283 2204 Neque
1306 2149 1356 2190 aas
1377 2137 1519 2207 praecipiti
1542 2137 1694 2192 temeritate
1717 2136 1752 2192 ad
1765 2136 1825 2198 bec.

992 2225 1121 2277 extrema
1155 2222 1324 2294 experienda
1358 2226 1524 2295 porupimus
1552 2224 1608 2279 ¹⁸⁶⁰.
1638 2225 1736 2280 Omnes
1763 2227 1822 2281 vias
1923 2279 1927 2287 ,

993 2312 1088 2365 omnia
1098 2311 1178 2382 prius
1192 2311 1312 2367 consilia
1325 2315 1582 2385 pertemptavimus,
1605 2314 1630 2368 si
1645 2329 1699 2384 qva
1712 2315 1822 2370 ratione

993 2398 1117 2466 ripidum
1140 2398 1359 2470 obstinatumque
1388 2401 1419 2455 in
1441 2401 1523 2456 matis
1546 2400 1684 2473 desperati
1701 2400 1822 2458 bominis

992 2488 1137 2556 ingenium
1164 2488 1288 2543 emolliri
1312 2490 1407 2560 possit.
1434 2488 1488 2546 Sed
1516 2491 1684 2546 inveteratus
1709 2491 1822 2548 morbus

993 2578 1075 2645 atque
1088 2577 1152 2630 iniis
1166 2575 1276 2647 penitus
1285 2577 1349 2647 iam
1359 2575 1482 2633 insidens
1494 2577 1652 2650 visceribus,
1667 2579 1741 2634 nibil
1750 2581 1820 2651 spei,

991 2664 1065 2720 nibit
1079 2663 1202 2720 admittit
1221 2665 1347 2732 remedii,
1377 2681 1485 2722 omnem
1499 2675 1596 2736 mum,
1621 2683 1728 2724 omnem
1743 2668 1820 2725 ovin-

992 2768 1054 2808 cens
1069 2752 1237 2810 industriam
1259 2753 1479 2819 mdicantiunu
1500 2756 1566 2827 quin
1592 2757 1687 2826 immo,
1701 2756 1767 2813 dum
1782 2757 1821 2814 ie-

991 2843 1072 2898 nitati
1099 2843 1159 2914 ejus
1186 2844 1337 2914 impensius
1367 2859 1472 2900 nrorem
1505 2860 1599 2914 perere
1622 2845 1769 2916 studemus,
1796 2850 1822 2902 et

992 2932 1194 3003 cunctisque
1218 2947 1363 3002 perperam
1392 2933 1517 3001 motitur,
1546 2933 1688 3005 religionis
1710 2933 1824 2991 obtentu

992 3021 1156 3076 muliebrem
1171 3020 1325 3092 prebemus
1345 3023 1523 3093 patientiam,
1546 3026 1632 3078 status
1647 3023 1691 3078 rei
1700 3022 1822 3094 publicae

993 3124 1103 3166 eversu
1126 3112 1184 3174 est,
1199 3110 1390 3180 tranquillitas
1414 3111 1591 3166 ecclesiarum
1613 3111 1735 3177 turbata,
1759 3127 1821 3167 nia·

111 3195 155 3252 itu
169 3196 258 3252 unius
274 3195 403 3252 bominis
418 3197 583 3252 temeritate
604 3214 687 3253 sacra
701 3202 729 3254 et
744 3199 874 3271 protana,
891 3199 938 3254 di·
953 3178 974 3247 c
988 3199 1075 3270 y'estas
1087 3198 1199 3269 imperii
1213 3197 1318 3267 ablata,
1336 3199 1489 3255 auctorims
1504 3199 1665 3270 principum
1679 3205 1821 3263 mutuata,

108 3285 366 3352 vinaetbumana,
378 3285 630 3358 lasqucneiasque
641 3288 938 3345 contusaesseetim-
991 3302 1080 3343 mores
1094 3287 1209 3353 inversi,
1234 3285 1441 3355 tepescimus,
1463 3289 1491 3341 et
1512 3285 1664 3341 meandum
1676 3285 1820 3357 propbetae

110 3373 214 3447 plicita
220 3373 563 3445 ¹⁸⁶⁴3proindetantarum
571 3374 939 3433 calamitatumunicumaa
993 3376 1113 3445 etapium
1127 3373 1304 3430 maledictum
1323 3379 1350 3430 et
1364 3373 1539 3429 mendacium
1562 3381 1587 3429 et
1599 3373 1779 3429 homicidium
1792 3382 1820 3430 et

111 3461 261 3535 singulare
273 3463 605 3534 superessercmedinm
614 3469 646 3519 ut
657 3465 832 3536 quantocius
842 3471 939 3522 amoto
992 3465 1099 3535 turtum
1113 3468 1138 3519 et
1152 3462 1320 3519 adulterium
1330 3461 1568 3518 inundaveruntet
1581 3464 1695 3534 sanquis
1704 3463 1819 3531 sanqui-

112 3567 160 3620 eo,
176 3550 251 3607 alius
266 3566 316 3607 rex
331 3555 487 3619 crearetur,
512 3551 562 3624 qni
577 3553 691 3609 tamdiu
714 3554 854 3610 terminos
869 3571 940 3610 suos
992 3567 1055 3607 nem
1070 3552 1158 3622 tetipit
1172 3552 1259 3623 (Osee,
1276 3569 1313 3618 xv,
1338 3552 1387 3624 2),·
1408 3555 1544 3623 postremo
1565 3552 1654 3608 omnis
1676 3551 1721 3588 ¹⁸³⁰
1731 3552 1817 3623 justi·

111 3640 247 3714 evaganti
261 3639 385 3697 lieentia
398 3639 481 3696 irena
494 3640 627 3716 injiceret
636 3641 682 3687 ¹⁸⁸⁵
691 3643 781 3711 (tir)
794 3645 822 3698 et
836 3643 939 3699 mundi
993 3642 1046 3698 eise
1057 3644 1083 3695 et
1090 3641 1212 3712 pietatis,
1223 3639 1372 3712 religionis
1382 3644 1409 3696 et
1420 3641 1567 3697 honestatis
1577 3639 1752 3712 disciplinam
1761 3642 1819 3695 situ

107 3727 278 3786 vacillantis
293 3728 410 3784 ruinam
427 3729 568 3800 subjectis
583 3729 715 3788 humeris
733 3736 920 3788 sustentaret.
993 3740 1074 3801 atque
1099 3729 1207 3784 incultu
1229 3729 1367 3795 obsolevit,
1397 3731 1461 3787 llaec
1476 3729 1521 3765 ¹⁸⁷¹
1547 3729 1666 3802 quidem,
1681 3729 1747 3785 dum
1760 3728 1820 3784 sola

149 3817 599 3884 ltexllcinricus,contractisin
614 3822 939 3894 nnumsuaepartisas·
963 3843 966 3847 ·
993 3820 1054 3876 vitae
1088 3818 1246 3890 temperatis
1274 3817 1447 3884 detrimenta,
1475 3817 1542 3873 dum
1568 3818 1656 3874 solam
1680 3819 1765 3889 {cmx
1792 3823 1821 3872 et

111 3906 287 3973 senioribus,
300 3906 331 3961 in
341 3906 482 3977 villaque
492 3906 599 3964 dicitur
609 3907 789 3982 Oppenbeim
806 3928 836 3967 se
848 3910 940 3967 conti·
993 3908 1210 3965 existimationis
1225 3906 1319 3962 labem
1340 3909 1550 3975 minitarentur,
1565 3908 1674 3962 tametsi
1687 3907 1758 3962 viris
1773 3905 1821 3941 ¹⁸⁷²

111 3996 213 4066 nebat,
226 3995 406 4052 Renolluvio
430 4000 554 4069 utraque
582 4002 678 4054 castra
700 3999 865 4071 dirimente,
882 4001 940 4056 tre·
993 3996 1107 4069 terenda
1128 4013 1183 4053 nan
1205 4000 1292 4052 essent
1314 3997 1430 4051 tulimus
1453 3999 1554 4067 tamen,
1569 4010 1604 4054 ne
1626 3995 1822 4067 contrajusju-
1924 4034 1927 4039 .

112 4091 297 4161 quantasque
307 4085 343 4141 ad
354 4085 445 4141 cosin
455 4085 518 4141 dies
529 4085 640 4157 legatos
651 4087 941 4161 mittebat,pollicens
994 4085 1123 4155 randum,
1148 4101 1200 4158 qua
1221 4085 1393 4151 tenebamur,
1413 4086 1622 4157 precipitanter
1635 4083 1822 4156 impudenter·

113 4173 250 4232 omnium
266 4190 329 4246 qun
344 4190 394 4231 eos
405 4174 586 4231 offenderant
600 4174 630 4231 in
645 4175 791 4249 reliquum
802 4178 941 4234 emenda·
995 4191 1048 4246 que
1063 4175 1155 4230 venire
1164 4174 1331 4240 videremur,
1342 4178 1369 4230 et
1383 4173 1449 4230 dum
1458 4173 1556 4246 ptarioe
1568 4179 1670 4230 nostre
1682 4171 1824 4228 consulere

113 4263 944 4337 tionem;seveteruminJuriarummemoriamsequenti·
996 4280 1168 4330 conaremur,
1198 4265 1306 4320 anime
1340 4264 1523 4334 naufragium
1549 4269 1715 4334 pateremur.
1745 4261 1825 4316 Nunc

112 4351 175 4409 bus
199 4350 359 4419 beneflciis,
387 4352 412 4407 si
436 4352 495 4408 vita
517 4368 615 4408 comes
644 4352 726 4419 lorot,
751 4353 942 4427 abolitarum,
997 4368 1135 4408 verorum
1161 4352 1198 4408 ab
1228 4352 1349 4408 ecclesie
1375 4366 1488 4422 corpore
1514 4358 1625 4423 propter
1651 4349 1825 4419 desiimus

114 4428 253 4512 nihilque
268 4439 405 4512 deinceps
421 4440 496 4496 circa
510 4440 804 4512 rerumpublicarum
818 4441 943 4498 admini·
997 4440 1141 4513 apostolici
1169 4441 1354 4496 anatbematis
1380 4454 1510 4494 mucrone
1538 4440 1670 4506 precisus
1695 4438 1740 4504 sit,
1762 4449 1825 4489 cum

116 4529 292 4587 strationem
317 4529 429 4601 absque
454 4529 604 4585 communi
628 4529 760 4585 consulto
789 4536 943 4600 acturum,
959 4548 984 4614 D
998 4531 1025 4586 ei
1060 4529 1263 4585 comminuicvre
1300 4529 1361 4582 sine
1394 4526 1597 4582 communionis
1633 4524 1826 4593 secusiasticae

118 4617 947 4692 postremoultrosejuresuocederceisquegubcrnandi
1000 4619 1117 4690 dampno
1144 4621 1170 4672 et
1189 4615 1253 4686 fidei
1274 4617 1383 4688 jactura
1411 4630 1467 4669 raon
1493 4614 1637 4685 possimus,
1662 4628 1725 4667 aum
1745 4609 1827 4682 fidem

119 4706 358 4779 disponendique
372 4724 423 4778 pro
450 4723 503 4763 suo
528 4707 669 4762 arbitratu
695 4707 787 4764 tocius
803 4708 883 4779 regni
895 4709 946 4779 jus
1000 4711 1135 4774 nostram,
1150 4705 1246 4761 multis
1271 4703 1344 4777 apud
1366 4719 1430 4759 eum
1452 4703 1634 4758 remanentis
1649 4701 1825 4773 implicitam,

119 4798 358 4869 potestatemque
368 4795 471 4860 tacere,
482 4795 642 4850 dummodo
653 4811 736 4866 aequo
748 4796 846 4851 animo
871 4802 948 4869 pate·
1003 4797 1139 4852 Romanus
1152 4793 1276 4865 pontisera
1289 4791 1440 4864 apostatica
1461 4792 1626 4847 auctariute
1638 4789 1804 4861 explicaverit
1817 4808 1825 4848 :

118 4889 236 4950 matur,
252 4885 315 4940 sola
328 4884 401 4956 regii
417 4884 544 4939 nominis
560 4882 690 4956 regiique
700 4884 799 4941 cultus
814 4889 877 4941 rata
891 4885 949 4941 sibi
1001 4893 1134 4941 extreme
1147 4883 1267 4955 protecto
1288 4880 1431 4937 demendae
1449 4888 1518 4936 esset
1533 4877 1590 4950 ¹⁸⁷³,
1605 4877 1738 4933 divinitus
1752 4878 1828 4935 obla·

121 4989 244 5031 manere
258 4971 397 5046 insignia,
413 4989 477 5045 qua
493 4972 582 5029 semel
598 4973 726 5046 legitime
741 4979 869 5047 accepta,
885 4975 948 5032 sine
1003 4979 1064 5031 tam
1091 4973 1190 5028 salutis
1219 4972 1385 5026 occasionem
1408 4985 1465 5026 nvn
1493 4968 1589 5035 obviis,
1619 4970 1651 5022 ut
1672 4968 1730 5024 dici
1750 4966 1828 5034 solet,

806 5116 926 5173 VARIAE
948 5114 1156 5173 unctiones.

162 5222 207 5257 ¹⁸⁸¹
224 5222 305 5279 crud.
336 5222 412 5278 bost.
442 5224 468 5278 l.
508 5222 552 5258 ¹⁸⁶²
581 5221 715 5348 expliatur
741 5223 767 5276 3.
784 5222 881 5279 liberes
908 5221 1004 5296 gentis
1031 5221 1192 5278 cervicibus
1216 5221 1241 5275 l.
1282 5217 1328 5255 ¹⁸⁸⁸
1355 5215 1505 5289 implicata
1525 5217 1552 5271 5.
1592 5215 1638 5254 ¹⁸⁶⁸
1653 5214 1827 5272 vinceretl.

125 5293 174 5330 ¹⁸⁶⁸
188 5293 281 5349 theut.
304 5293 331 5359 b,
357 5295 378 5350 t·
407 5310 510 5350 ornnes.
549 5294 594 5329 ¹⁸⁶⁷

122 5380 191 5422 oms
205 5367 233 5420 2.
274 5365 320 5401 ¹³¹¹
336 5365 394 5423 Nec
410 5367 437 5421 3.
477 5365 611 5437 ¹³⁷²juris
626 5366 653 5422 3.
693 5364 882 5422 “tantun

917 5461 1035 5521 NOTAE.

1045 5551 1118 5628 (ll8)
1133 5549 1177 5608 ct.
1190 5566 1281 5624 snpra
1292 5552 1353 5607 not.
1367 5547 1430 5609 360.

164 5552 241 5679 (lq)
257 5552 368 5622 soar..
384 5555 426 5612 oa
441 5553 487 5623 ιιι,
502 5555 529 5622 a,
544 5552 590 5608 aa.

169 5623 217 5702 (u
236 5625 259 5699 ·)
276 5626 318 5684 cr.
334 5626 446 5697 sorau,
460 5627 513 5683 ou.
531 5623 680 5695 1v,15,e.

643 5293 780 5349 acnutla
808 5293 850 5348 illi
873 5295 903 5349 5.
941 5294 986 5332 ¹⁸⁸⁸
1007 5295 1152 5367 urguebat
1180 5292 1206 5346 3.
1246 5291 1291 5326 ¹⁸⁶⁰
1306 5286 1527 5363 prorumpimus
1554 5288 1581 5343 3.
1621 5287 1830 5348 ¹⁸¹⁰0mnesl.
1914 5347 1918 5362 ‚
