3892 6096
123 259 182 321 995
626 249 797 314 cunnos!
819 248 1052 314 nouacula.
1076 247 1319 313 uuuuualslss

960 385 990 452 Α
1055 383 1150 449 Quam
1164 381 1243 456 megi
1259 381 1392 455 quidam,
1408 379 1524 438 Oriente
1537 378 1643 453 visam

1056 472 1152 544 Usque
1169 471 1296 544 regalem
1311 469 1490 527 comitantur
1503 468 1607 527 urbem

1176 561 1209 617 ln
1224 559 1417 617 Hierusalem.

1050 651 1086 708 llt
1095 649 1279 725 requirentes
1294 648 1367 707 inibi
1381 651 1544 716 manentes,

1051 741 1191 813 lnqniunt
1206 729 1264 796 illis
1280 756 1287 795 ε
1304 739 1440 796 Reserate
1452 738 1538 795 nobis

1049 829 1111 894 Quo
1127 830 1166 887 sit
1177 828 1225 884 hic
1240 828 1288 884 hic
1303 832 1401 897 natus,
1413 828 1500 885 modo
1515 831 1577 884 tam
1587 826 1743 900 probatus,

1174 919 1234 974 Rex
1248 916 1461 974 Hebraeorum?

1048 1007 1182 1065 Vidimus
1198 1022 1303 1080 nempe
1318 1021 1406 1078 super
1420 1005 1475 1062 hoc
1489 1008 1608 1079 potente

1048 1096 1161 1153 Sideris
1175 1095 1241 1152 miri
1257 1095 1354 1152 radios
1369 1095 1449 1152 oriri.

1048 1189 1132 1242 Hunc
1148 1190 1181 1242 ut
1195 1202 1313 1243 oremus
1328 1183 1392 1240 ideo
1406 1183 1542 1242 venimus

1173 1274 1309 1331 Partibus
1318 1273 1394 1331 istis.

1047 1363 1137 1420 Audit
1151 1363 1212 1419 hec
1227 1369 1350 1420 moestus
1365 1362 1491 1420 nimium
1504 1362 1666 1435 scelestus3

1047 1453 1140 1524 Atque
1156 1469 1222 1508 cum
1238 1453 1308 1509 totis
1323 1451 1554 1525 Hierosolymitis

122 389 283 448 Contestim
296 385 409 445 vasiam
424 383 569 458 proferres
582 382 651 439 inde
666 382 826 456 querelem.

123 481 164 536 Ac
178 494 280 536 curam
296 474 401 533 medici
416 477 530 547 peteres
544 489 633 546 quam
649 473 775 530 maxime
790 473 899 546 quari:

121 570 189 638 Cur,
206 583 286 641 rogo,
301 581 360 622 non
374 564 479 621 anime
494 561 583 619 simul
598 562 727 620 intendis
741 561 902 632 medicine,

121 655 276 730 Cum'plus
290 671 325 711 ex
338 653 439 710 anima
453 668 541 726 quam
557 668 676 725 corpore
691 652 730 708 sit
743 655 795 708 tua
809 652 894 708 vitat

119 745 191 802 Ecce
207 745 314 800 tamem
329 739 449 815 pateris,
462 756 551 812 quam
563 743 668 812 sponte
682 739 742 811 pati
758 736 920 812 perhiberis

119 835 194 892 Dum
209 832 263 889 tibi
278 828 456 904 dispositum
470 829 609 902 reprobas
623 827 775 900 exquirere
788 827 908 882 victum.

120 922 203 980 Certe
218 919 361 994 quidquid
373 934 467 986 amas,
482 917 547 989 ejus
562 916 668 989 qnaeris
683 915 855 972 medicinas.

119 1011 177 1069 Sed
193 1010 263 1084 quid
278 1024 378 1066 amare
390 1006 469 1064 vales
483 1005 560 1062 ritus
573 1004 676 1062 mundi
691 1021 743 1078 per
756 1004 870 1070 inanes,

120 1100 241 1168 Quando
255 1099 348 1156 Deum
361 1095 425 1153 coeli
439 1110 627 1168 nequaquam
642 1093 685 1150 vis
700 1093 832 1150 venerari
846 1092 860 1146 ‘l

120 1187 260 1253 Quamvis
273 1188 379 1261 plenus
393 1199 482 1259 opum
497 1200 549 1241 seu
564 1183 603 1240 sit
618 1181 730 1256 collega
744 1186 896 1256 potentum

121 1277 260 1352 appellas
274 1277 383 1332 frustra
396 1277 542 1332 terrarum
557 1272 681 1329 numina
695 1274 810 1340 cuncta,

120 1366 155 1423 Nl
169 1366 252 1440 prins
267 1365 401 1422 advertas
415 1363 463 1436 qui
478 1361 517 1418 sit
532 1376 621 1435 super
635 1360 735 1418 omnia
748 1361 871 1435 primas,

118 1455 346 1528 subjectumque
361 1452 418 1510 sibi
432 1452 523 1509 iacias
537 1456 566 1508 te
580 1454 696 1524 pectore
707 1451 773 1506 niti.

118 1544 232 1601 Cedunt
241 1547 328 1599 cunta
342 1539 407 1609 tibi,
419 1540 444 1596 si
460 1544 488 1596 te
502 1530 676 1596 submiseris
688 1536 745 1595 illi.
1047 1543 1159 1598 Anxius
1173 1557 1245 1599 cura
1259 1540 1374 1614 capitur
1388 1541 1490 1599 dolosa

117 1633 256 1706 Quisquis
271 1630 369 1689 etheo
383 1628 494 1700 renuis,
513 1626 659 1686 contraria
673 1643 789 1700 semper
806 1625 938 1684 habebis.
1171 1630 1272 1687 Hostis
1285 1631 1424 1688 Heredes.

118 1723 212 1789 Quam
226 1720 325 1778 fluvit
339 1719 418 1786 ⁰5⁸⁰,
435 1733 487 1774 ¹¹0⁰
498 1733 556 1773 ¹¹⁰ss
571 1714 708 1788 Oltssbffifl
723 1732 807 1784 ⁰⁵⁰³,
1046 1720 1081 1776 llt
1094 1735 1202 1778 vocans
1216 1722 1338 1777 cunctos
1351 1719 1452 1793 populi
1468 1719 1626 1793 magistros

116 1814 190 1867 voto
205 1807 356 1866 communi
371 1805 396 1862 si
411 1809 525 1862 trntum
540 1804 697 1861 subdimur
715 1804 786 1860 unit
953 1760 978 1826 B
1045 1809 1256 1866 sciscitabatur
1269 1808 1340 1881 quid
1356 1809 1393 1865 ad
1406 1809 1466 1865 hac
1481 1813 1596 1883 agatur,
1660 1876 1664 1883 Ι

118 1898 200 1955 Tunc
215 1912 267 1970 per
281 1910 348 1952 eum
364 1893 450 1950 nobis
463 1891 593 1948 mundus
609 1891 795 1948 submittitur
804 1893 911 1950 omnis.
1046 1897 1128 1955 Unde
1142 1896 1182 1954 sit
1193 1896 1336 1966 Christus,
1352 1896 1402 1954 uhi
1417 1897 1526 1972 quipqe
1540 1903 1628 1956 natus

116 1985 209 2056 Unde,
226 2000 337 2058 precor,
350 1984 462 2050 iratres,
475 1980 641 2054 postponite
655 1981 752 2038 carnis
767 1981 902 2050 honores,
1170 1987 1348 2042 Inveniatur,

116 2075 172 2131 Per
185 2074 329 2147 quosjam
345 2077 443 2145 gratos
455 2069 547 2127 venitt
560 2068 643 2127 dolor
656 2071 868 2127 immoderatus
1046 2080 1084 2131 At
1097 2075 1231 2149 requisiti
1243 2076 1283 2132 ita
1297 2080 1368 2133 sunt
1381 2075 1470 2133 locuti
1487 2095 1494 2133 :

118 2164 153 2220 llt
167 2166 288 2238 pensate
302 2160 397 2237 magis
412 2160 482 2233 quid
495 2160 535 2216 sit
548 2175 616 2232 spes
628 2158 799 2231 spiritualis,
1045 2164 1214 2222 Bethlehem
1229 2168 1358 2222 castrum
1373 2166 1451 2239 parit
1465 2181 1533 2240 ergo
1548 2165 1697 2224 Christum
1715 2193 1723 2238 ;

117 2254 185 2320 Oua
199 2252 286 2310 modo
301 2251 357 2308 lert
366 2240 529 2317 tristes‚sed
544 2253 611 2321 post
625 2248 686 2304 hec
696 2254 938 2322 semperovantss
1045 2255 1152 2327 Sicque
1166 2269 1300 2311 recevera
1313 2253 1422 2327 legitur
1434 2255 1578 2328 propheta

214 2345 318 2398 Versus
331 2354 415 2411 super
427 2339 595 2410 sequentium
609 2338 699 2394 auaui
712 2336 843 2410 Spiritus.
1168 2343 1242 2399 Hinc
1258 2342 1399 2400 cecinisse
1413 2360 1420 2400 :

115 2429 204 2486 Adsis
215 2430 279 2500 jam
290 2427 385 2495 nobis,
402 2424 557 2483 clementia
571 2425 698 2498 Spiritus
713 2425 795 2495 almi,
1044 2431 1212 2489 Bethlehem
1224 2432 1312 2502 ma,
1326 2431 1385 2489 erig
1399 2431 1477 2489 haud
1488 2433 1603 2490 minuta

116 2517 185 2582 Qua
200 2515 257 2572 sibi
271 2531 322 2572 cor
332 2519 466 2571 nostrum
481 2514 569 2570 faciat
583 2514 743 2571 consistere
757 2513 912 2587 templum,
1044 2521 1122 2578 luter
1136 2521 1238 2578 affines
1253 2537 1406 2594 procerum
1422 2522 1557 2580 cohorte„
1573 2540 1580 2580 :

115 2603 271 2677 Expellens
285 2603 354 2659 inde
367 2606 553 2675 peccatorum
566 2617 660 2675 genus
675 2617 772 2659 omne.
1044 2609 1106 2666 Erit
1119 2626 1246 2683 namque
1261 2627 1354 2667 novus
1369 2615 1556 2683 auctorate,

116 2692 244 2771 Spiritus
258 2690 345 2758 alme,
359 2689 435 2759 seni,
454 2707 506 2746 nos
521 2693 550 2746 et
563 2690 684 2763 dignare
699 2691 785 2760 tueri,

117 2781 173 2861 liae
188 2779 289 2855 procul
304 2779 466 2836 horrendas
481 2779 518 2835 ds
533 2782 634 2835 nostro
647 2780 733 2836 corde
748 2781 894 2838 tenebras.

115 2870 158 2927 Tu
173 2868 339 2928 consolator
353 2872 382 2925 st
396 2885 475 2942 pura
490 2868 597 2924 mentis
612 2874 736 2937 amator,

116 2944 193 3016 lnier
207 2959 336 3015 chrisma
350 2961 446 3024 tuum,
462 2956 601 3025 clemens,
616 2956 646 3011 in
659 2961 776 3030 pectora
789 2961 934 3028 nostrum3

114 3048 158 3105 'l’u
173 3063 290 3121 quoque
305 3050 478 3128 cunctorum
493 3045 651 3102 mundator
665 3046 854 3120 flagitiorum,

115 3134 273 3192 Mandalos
288 3134 401 3192 homini
416 3133 517 3191 oculos
532 3133 576 3190 lac
591 3132 748 3206 interioris,

116 3224 153 3280 Ut
166 3224 208 3280 sic
222 3222 371 3282 coelestem
386 3238 552 3279 mereamur
566 3238 684 3280 cernere
699 3223 824 3292 Patrem,

114 3312 206 3378 Quem
220 3317 347 3386 possunt
360 3311 436 3369 oculi
448 3312 597 3383 justorum
611 3328 727 3369 cernere
742 3312 806 3369 soli.

113 3405 155 3459 Tu
171 3406 288 3459 sanctos
302 3405 384 3458 vates
400 3399 494 3458 iecisti
508 3400 612 3474 degere
626 3401 699 3458 tales

114 3490 151 3547 Ut
164 3490 300 3547 miranda
310 3489 362 3547 Dei
376 3493 514 3546 canerent
528 3489 671 3562 praeconia
684 3490 791 3548 Christi
806 3508 813 3560 ;

114 3578 281 3653 Discipulos
293 3576 400 3635 Christi
417 3583 478 3635 tam
493 3578 583 3634 fortes
598 3593 663 3634 esse
678 3579 795 3645 dedisti,

113 3668 185 3739 Ejus
199 3672 233 3724 ut
247 3667 276 3723 in
292 3670 431 3722 cunctum
444 3664 583 3721 veherent
597 3664 740 3721 miracula
755 3665 910 3723 mundum.

112 3757 186 3813 Cum
201 3754 369 3812 machinam
385 3769 482 3811 rerum
498 3753 604 3808 iaceret
617 3752 694 3809 Deus
709 3754 935 3827 omnigenarum

112 3846 156 3903 Tu
171 3845 283 3902 loturae
298 3859 391 3915 aquas
406 3840 460 3897 has
470 3842 538 3912 jure
551 3843 602 3898 tuo
622 3841 780 3899 solidabas.

113 3933 157 3989 'l'u
172 3931 309 4005 lymphas
323 3930 429 4004 pandis
445 3930 600 3986 animabus
614 3929 798 3988 vivificandis

112 4021 236 4094 Ipseque
250 4019 383 4077 carnales
398 4018 459 4075 lieri
471 4019 525 4076 das
539 4017 719 4091 spirituales.

113 4108 157 4164 'lu
168 4123 287 4180 quoque
300 4105 427 4164 divisum
434 4106 597 4181 perlinguee
608 4107 769 4166 schismata
776 4110 933 4183 mundum,

111 4197 148 4253 ut
160 4194 257 4254 varios
272 4195 348 4253 ritus
363 4196 545 4265 coadunasti,
561 4195 608 4269 pie
618 4195 728 4255 Fletus.

112 4283 253 4342 ldolatras
269 4289 380 4358 gentes,
395 4284 451 4343 hoc
465 4287 510 4342 est
523 4283 681 4343 simulacra
695 4286 822 4345 colentes

111 4375 155 4431 ad
173 4373 285 4432 cultum
300 4373 414 4431 Domini
430 4377 474 4443 tu,
489 4374 596 4432 Presul
612 4390 737 4444 summe,
757 4376 879 4434 vocasti.

110 4463 196 4521 Nunc
211 4463 302 4532 adsis,
318 4467 428 4532 sancte,
444 4461 530 4520 nobis
544 4461 742 4527 clamantibus
756 4465 792 4521 ad
805 4469 833 4521 te
849 4484 856 4534 ;
947 4496 971 4563 D

111 4551 185 4609 Nam
201 4551 308 4609 sinete
323 4551 434 4609 trustra
447 4550 480 4607 tlt
493 4553 555 4608 tots
568 4550 696 4625 precatio
706 4555 816 4611 nostra.

111 4643 165 4713 Tu,
182 4640 232 4714 qui
244 4645 417 4699 cunctorum
433 4638 558 4698 docuisti
570 4640 781 4714 cordspiorum

109 4728 245 4786 Efficisus
255 4729 322 4787 illos
337 4730 436 4803 prorio
450 4745 518 4787 cum
534 4729 656 4787 numine
668 4730 772 4804 dignos

109 4816 216 4875 Christi
231 4816 402 4891 discipulos,
415 4818 500 4875 hodie
515 4823 558 4887 tu,
573 4819 701 4893 Spiritus
715 4820 789 4893 ipse,

111 4904 233 4961 Insolito
248 4906 362 4962 cunctis
376 4906 551 4963 benedicens
561 4924 682 4965 munere
696 4908 801 4982 seclis,

111 4991 195 5050 Hunc
210 4992 319 5050 idcirco
336 4993 414 5050 diem
428 4993 598 5066 iecistijure
613 4996 766 5055 celebrem.

115 5085 217 5140 Veram
231 5097 315 5154 super
327 5082 529 5152 Evanpeticm:
543 5083 615 5140 Cum
635 5089 723 5144 natus
736 5091 814 5145 esset
830 5088 846 5145 J
850 5105 929 5147 esus.

166 5174 237 5228 Cum
253 5185 327 5245 puer
344 5170 442 5242 lesus,
458 5170 565 5227 deitate
576 5170 692 5245 plenus,

163 5259 334 5341 Bethlehem
349 5260 437 5330 luda,
453 5258 604 5318 Genetrice
618 5273 736 5319 summa

163 5348 278 5421 Editus,
298 5351 373 5408 mire
387 5350 444 5408 sub
457 5348 570 5407 Herode
586 5364 662 5423 rege.

283 5439 399 5499 viseret
414 5441 525 5511 orbem,

160 5527 227 5591 Mox
242 5543 346 5590 recens
361 5529 448 5592 stella
462 5528 552 5591 simul
564 5533 610 5589 est
624 5529 736 5607 oborta,

1167 2698 1222 2765 Qui
1237 2703 1319 2771 regat
1332 2714 1445 2756 omnes.

1043 2787 1124 2843 'lunc
1139 2787 1234 2860 magis
1249 2787 1308 2845 illis
1321 2788 1429 2861 pariter
1442 2790 1562 2863 vocatis,

1044 2876 1135 2949 Coepit
1149 2876 1261 2933 occulte
1276 2877 1311 2933 ab
1322 2877 1365 2934 eis
1381 2881 1482 2936 notare

1043 2964 1164 3030 Quando
1178 2965 1448 3038 predictumjubar
1461 2973 1539 3025 esset
1552 2972 1663 3039 ortum,

1165 3054 1247 3118 Quod
1262 3053 1318 3111 sibi
1332 3054 1425 3112 fulsit.

1043 3143 1116 3200 llxin
1130 3143 1254 3201 insanus
1269 3143 1310 3200 ait
1324 3143 1370 3201 his
1384 3148 1546 3218 tyrannus:

1043 3233 1164 3304 Italam,
1179 3249 1288 3305 quaeso,
1304 3249 1429 3306 puerum
1444 3237 1605 3309 sequendo,

1041 3326 1076 3377 lat
1091 3319 1181 3377 nimis
1194 3324 1280 3379 caute
1294 3322 1345 3378 ubi
1360 3323 1408 3393 sit,
1423 3329 1532 3398 rogate,

1166 3410 1296 3484 Regulus
1310 3410 1400 3469 idem.

1041 3498 1172 3571 Cumque
1187 3504 1369 3573 compertum
1384 3502 1615 3576 arcessitum,

1041 3586 1192 3660 Siquidem
1208 3592 1285 3645 certe
1300 3588 1436 3647 mihimet
1449 3593 1564 3666 referte,

1041 3677 1106 3749 lpse
1121 3693 1178 3749 quo
1193 3693 1292 3750 regem
1307 3679 1427 3737 veniens
1442 3682 1579 3740 eumdem

1060 3828 1063 3833 ,
1168 3766 1281 3824 Pronus
1297 3769 1427 3826 adorem.

1041 3852 1107 3909 Hac
1121 3855 1200 3927 magi
1211 3854 1287 3913 dicto
1302 3857 1423 3930 capiunt
1437 3859 1548 3917 dolosa.

1041 3942 1117 3998 Tum
1133 3942 1239 4000 dehinc
1254 3961 1373 4003 rursum
1388 3946 1479 4006 iniere
1492 3965 1627 4024 cursum,

1039 4032 1079 4086 Ac
1094 4033 1167 4089 satis
1180 4036 1298 4105 gratum
1314 4035 1370 4092 iter
1384 4036 1553 4096 inchoatum

1164 4120 1364 4182 Perticiebant.

1041 4208 1097 4265 Sed
1112 4208 1212 4266 statim
1226 4210 1320 4282 stella,
1336 4214 1454 4273 Oriente
1467 4217 1540 4286 visa,

1041 4296 1149 4354 Pravis
1162 4298 1227 4357 luce
1241 4317 1339 4359 comes
1353 4307 1398 4361 est
1413 4305 1532 4379 ubique,

1041 4386 1139 4461 Usque
1153 4389 1225 4446 dum
1239 4407 1330 4464 supra
1343 4399 1508 4453 remaneret
1520 4396 1586 4471 ipsa

1163 4479 1226 4544 Quo
1242 4478 1298 4536 suit
1310 4479 1419 4538 inians.

1039 4564 1130 4637 Cujus
1143 4571 1262 4639 aspectu
1277 4569 1405 4628 nimium
1420 4572 1513 4646 gavisi

1039 4653 1156 4726 lngredi
1171 4662 1273 4714 sancta
1288 4675 1421 4717 mernere
1435 4665 1522 4732 tecta,

1038 4741 1100 4807 Quo
1114 4760 1188 4817 puer
1201 4745 1289 4803 Jeeus
1304 4748 1478 4808 Genetriset
1492 4752 1558 4825 ejus

1162 4836 1365 4910 Inveniuntur,

1039 4919 1163 4994 Moxque
1172 4926 1310 4995 prostrati
1324 4928 1422 4985 studio
1436 4928 1516 4987 fideli

1037 5009 1189 5084 Supplices
1203 5013 1351 5073 Christum
1365 5023 1541 5077 venerantur
1549 5019 1650 5095 ipsum
1664 5039 1675 5092 ;

1038 5097 1160 5171 lnruper
1175 5100 1252 5158 dona
1266 5102 1394 5163 tribuere
1409 5107 1487 5165 trina

1161 5186 1283 5261 Mystica
1296 5192 1389 5253 valde.

1036 5274 1110 5332 Nam
1126 5279 1201 5334 Deus
1215 5278 1302 5337 thure
1317 5281 1481 5342 celebratur
1494 5290 1572 5360 apte,

1035 5365 1088 5421 llst
1101 5369 1130 5421 et
1144 5365 1174 5422 in
1189 5368 1309 5439 myrrha
1322 5370 1452 5432 hominis
1467 5375 1573 5450 ligure,

1037 5453 1097 5512 ltex
1107 5455 1248 5515 nimirum
1263 5458 1388 5521 rutilans
1399 5479 1452 5537 per
1466 5480 1572 5525 aarum

1159 5544 1358 5622 Significatur.
