3892 6096
10 4846 17 4941 l

63 296 126 364 253
554 300 626 369 tte.
650 299 701 369 bb
722 299 911 368 abactam.
934 299 1084 369 cubate.
1105 303 1157 367 ΕΤ
1176 302 1278 371 talc.
1709 306 1769 374 set

63 431 198 492 attendat
207 426 379 507 parabolam
389 429 425 493 de
435 429 485 494 illo
495 433 650 512 prolatam,
666 436 717 511 qui
732 436 769 496 ab
783 436 886 497 Hieru-
903 438 932 512 A
982 435 1125 513 Superbia
1139 457 1267 514 qnoque,
1284 457 1347 516 que
1361 458 1464 503 omnes
1477 441 1601 502 sidetes
1615 443 1767 504 destruere

63 528 157 582 smum
168 522 321 581 inlericho
330 524 510 583 descendens
520 526 622 585 incidit
632 528 662 584 in
674 527 801 586 latrones
813 534 842 586 et
852 530 888 587 ab
944 529 1058 599 nititur,
1071 545 1107 586 ne
1122 530 1151 586 in
1167 530 1298 603 quolibet
1310 533 1487 602 dominetur,
1498 535 1681 592 attendendo
1696 538 1766 592 sunt

64 610 109 670 sis
131 611 304 670 vulneratus
326 613 502 688 relinquitur
529 618 705 687 semivivus;
723 635 848 691 cumque
873 637 890 676 a
944 617 1000 674 illa
1015 619 1078 675 due
1094 618 1315 689 similitudines,
1332 638 1457 694 quarum
1473 623 1592 695 quidem
1613 640 1673 680 una
1695 628 1765 681 est:

62 702 311 776 pretereuntibus
321 703 498 776 quibusdam
515 707 637 765 minime
651 707 829 777 visitaretur,
841 713 889 765 Sa·
944 712 1003 765 Duo
1014 708 1135 765 domines
1145 710 1326 767 ascenderunt
1335 713 1366 766 in
1378 711 1512 783 temptum
1520 718 1553 768 ut
1564 721 1674 770 orarent
1686 714 1763 786 (tue.

63 791 232 849 maritanas
242 792 362 866 quidam
377 793 433 850 iter
443 794 553 854 faciens
563 798 693 871 suscepit
704 814 771 854 eum
782 815 889 854 sanan·
943 814 1024 866 xviri,
1040 798 1095 869 10).
1110 798 1206 855 Altera
1220 815 1287 855 vero
1303 815 1310 854 ε
1336 800 1404 855 Cum
1417 801 1551 856 incitatus
1560 801 1647 871 fuerit
1661 801 1697 858 cd
1711 819 1765 859 nu·

63 880 137 938 dum
151 881 476 956 infundensqueeleum
487 890 516 942 et
528 885 631 944 uuum
645 886 772 945 reddidit
783 904 888 944 sanum
941 885 1165 956 firmameento
1187 888 1218 941 in
1240 887 1388 943 muisrimc
1410 888 1467 944 loeo
1488 888 1564 959 (tue.
1579 904 1637 958 xrv,
1654 889 1708 961 10).
1725 889 1765 945 dr

62 970 141 1043 (Luc.
156 989 186 1040 x,
202 971 309 1043 esse).
325 973 437 1031 Inlusio
452 972 530 1031 enim
551 974 607 1032 clei
630 981 659 1032 et
681 976 741 1033 vini
755 992 888 1034 necessa·
943 977 1067 1047 utraque
1082 991 1151 1048 orgo
1165 980 1289 1048 possunt
1303 991 1405 1033 omnes
1416 975 1529 1032 edoceri
1544 980 1654 1047 quanta
1664 976 1765 1033 conlu-

62 1059 139 1117 riam
149 1059 266 1133 pietatis
277 1065 306 1117 et
316 1062 478 1120 severitatis
488 1064 887 1138 significatcommisticnem.
944 1059 987 1117 sio
997 1060 1041 1117 vel
1052 1061 1137 1118 ruina
1146 1062 1314 1135 superbiam
1324 1063 1417 1120 soleat
1427 1063 1661 1138 sequiUtraque
1676 1063 1765 1121 etiam

61 1148 138 1206 Eine
159 1166 229 1223 argo
252 1151 385 1209 doctores
400 1151 527 1210 universi
547 1159 672 1227 possunt
686 1155 759 1213 satis
770 1155 888 1225 instrui,
944 1165 1003 1207 una
1026 1152 1186 1224 eademque
1206 1151 1352 1208 sententia
1369 1152 1554 1220 terminatur,
1570 1151 1641 1225 quia
1655 1151 1767 1210 scilicet

61 1238 136 1312 quia
148 1255 203 1296 nec
215 1238 310 1313 pietas
329 1239 394 1298 sine
416 1242 578 1313 severitate,
595 1260 648 1300 nec
672 1244 811 1302 severitas
825 1244 889 1301 sine
943 1238 1040 1295 omnis
1055 1239 1105 1312 qui
1120 1255 1151 1297 se
1165 1241 1270 1299 exaltat
1283 1240 1498 1309 humiliabitur,
1507 1245 1537 1299 et
1551 1242 1601 1316 qui
1615 1256 1648 1299 se
1661 1240 1765 1298 humi·

61 1326 172 1400 pietate
187 1327 217 1383 in
232 1321 436 1402 peccatoribus
452 1332 591 1389 curandis
604 1334 731 1390 tenenda
744 1338 798 1390 cat.
942 1326 995 1384 liat
1012 1328 1196 1387 exultabitur.

99 1417 184 1484 Quod
198 1433 266 1474 vero
276 1419 475 1476 necessarium
491 1421 531 1477 ait
542 1422 655 1479 cunctis
666 1421 803 1478 fidelibus
817 1423 888 1479 sub·
978 1418 1051 1474 Item
1067 1435 1103 1474 ne
1118 1419 1265 1477 concessis
1279 1425 1308 1477 et
1328 1418 1415 1477 licitis
1432 1422 1519 1478 rebus
1535 1420 1766 1494 intemperanter

62 1504 205 1563 stantiam
231 1510 377 1565 terrenam
401 1508 620 1581 possidentibus
648 1514 756 1567 aeterna
781 1511 889 1584 gandia
942 1509 1072 1579 utamur,
1083 1524 1134 1565 seu
1149 1509 1179 1565 in
1194 1508 1237 1566 eis
1252 1509 1319 1583 plus
1334 1525 1424 1582 quam
1437 1509 1524 1567 liceat
1538 1510 1711 1577 innitamur,
1723 1513 1765 1567 at·

61 1594 388 1670 marcarieteaquirere
399 1613 467 1654 cum
476 1598 689 1672 temporalibus
702 1599 799 1671 bonis,
815 1600 888 1657 satis
942 1595 1148 1659 tendendaest
1158 1598 1270 1671 jugiter
1288 1599 1339 1655 illa
1360 1599 1520 1672 parabola:
1546 1602 1631 1656 Homo
1651 1599 1765 1672 quidam

60 1683 214 1742 indicatur
242 1701 294 1758 per
321 1686 490 1760 parabolam
517 1687 599 1745 illam
623 1705 630 1744 :
662 1695 748 1747 Home
775 1690 889 1762 quidam
941 1687 1007 1756 [ecit
1020 1702 1125 1742 cranam
1136 1689 1762 1762 maenometoocaoitmuttcr(Luc.r1v,16);

59 1764 122 1830 arat
148 1774 227 1831 dices
260 1776 309 1846 qsr'
341 1776 458 1833 babebat
486 1775 616 1835 villicum
648 1779 724 1850 (tue.
752 1795 814 1848 rvr,
844 1778 886 1850 1),
943 1774 1106 1846 quidenim
1130 1776 1171 1833 ibi
1192 1777 1301 1835 dicitur
1320 1778 1764 1853 emnamagnalactastvocati

62 1862 113 1937 qni
140 1861 172 1920 in
202 1862 260 1920 llns
287 1862 422 1922 lectionis
449 1865 513 1936 ejus
543 1882 597 1922 cur
622 1865 704 1922 illam
735 1864 889 1939 protulerit
943 1862 1039 1937 multi,
1055 1866 1105 1921 sed
1130 1865 1252 1938 quidam
1276 1872 1394 1941 propter
1416 1866 1491 1924 villa
1514 1872 1628 1941 emptae,
1644 1867 1763 1940 quidam

59 1951 209 2009 Dominus
232 1952 411 2026 manifestat,
436 1953 564 2012 dicens:
593 1955 685 2013 Facite
715 1958 788 2013 vobis
816 1958 887 2012 cmi·
941 1958 1060 2027 propter
1073 1970 1212 2027 agrorum
1228 1960 1395 2030 emptorum
1411 1956 1625 2030 probationem,
1641 1955 1764 2029 quidam

60 2056 106 2099 coc
132 2040 166 2097 de
193 2057 355 2099 morona
384 2045 551 2116 iniquitatis,
581 2048 635 2101 stc.
665 2045 756 2116 (ibid,
784 2045 823 2114 9).
855 2045 887 2101 ln
941 2057 1009 2098 vero
1025 2047 1144 2116 propter
1154 2061 1273 2102 uxerem
1290 2045 1401 2102 noviter
1411 2045 1530 2102 ductam
1545 2062 1577 2102 se
1591 2049 1764 2102 excusantes

58 2146 121 2204 qua
132 2129 224 2187 etiam
241 2130 383 2204 parabola
395 2132 538 2189 Dominus
553 2135 759 2206 argumentum
780 2150 797 2188 a
818 2150 887 2190 con·
941 2131 1040 2188 venire
1055 2132 1212 2190 noluerunt
1225 2134 1318 2207 (leid,
1331 2135 1436 2207 18-20),
1448 2135 1594 2208 signitlcat
1604 2133 1764 2191 maximam

56 2220 149 2293 trario
160 2235 286 2277 sumens
296 2220 333 2278 de
342 2219 438 2278 villico
446 2221 580 2279 fraudem
592 2222 724 2289 faciente,
732 2221 829 2279 innuit
838 2238 888 2279 uo·
941 2221 1061 2292 quidem
1074 2221 1292 2280 multitudinem
1303 2223 1435 2280 fidelium
1443 2223 1479 2279 ad
1491 2238 1619 2296 superna
1630 2221 1765 2295 gaudius

57 2308 106 2366 bis
119 2307 193 2382 quia
206 2312 268 2366 tam
283 2325 301 2365 a
322 2309 475 2367 contrariis
490 2327 580 2383 quam
602 2328 619 2367 a
638 2311 887 2383 consequentibus
940 2311 1064 2367 Domino
1075 2310 1238 2381 invitatam,
1250 2313 1300 2369 sod
1312 2312 1383 2369 dnm
1399 2311 1519 2385 plurimi
1534 2312 1632 2368 nimie
1645 2327 1763 2386 posses·

58 2396 150 2454 rebus
164 2397 281 2470 possint
290 2399 423 2472 exempla
432 2399 634 2456 edificationis
649 2399 789 2473 propeni;
806 2400 887 2457 lraus
941 2398 1058 2456 sionum
1072 2399 1298 2457 obtinendarum
1313 2401 1475 2473 ambitioni,
1489 2400 1575 2458 multi
1585 2405 1683 2458 autem
1694 2416 1763 2457 con·

59 2485 140 2543 enim
153 2486 254 2545 omnis
267 2487 415 2544 centraria
428 2493 474 2545 est
487 2488 659 2545 Christiana
679 2488 746 2544 fidei
770 2493 799 2545 et
821 2488 887 2546 ideo
937 2489 1021 2563 jugie
1032 2488 1112 2545 licito
1124 2489 1352 2563 intemperanter
1366 2489 1456 2546 dediti
1466 2489 1665 2555 inveniuntur,
1677 2489 1763 2562 pauci

58 2573 134 2632 hanc
145 2575 244 2632 tacere
257 2574 327 2633 licet
340 2575 425 2633 nulli.
436 2578 491 2633 Sed
504 2580 601 2634 tamen
613 2576 711 2650 aliquo
723 2578 809 2634 mode
820 2594 887 2651 pos·
941 2582 1012 2635 sunt
1026 2578 1076 2651 qui
1090 2578 1235 2635 vocationi
1251 2579 1354 2636 divina
1368 2578 1536 2636 obedientes
1551 2579 1587 2635 ad
1602 2594 1693 2652 regna
1707 2595 1763 2636 cm·

59 2680 165 2722 sumna
178 2663 285 2723 exinde
295 2664 444 2736 edificari,
457 2668 641 2724 attendentes
656 2666 767 2725 scilicet
777 2667 848 2740 quia
861 2667 887 2724 si
941 2666 1037 2724 lorum
1052 2666 1234 2740 perveniunt.
1250 2667 1459 2726 Verumtamen
1474 2685 1508 2725 co
1522 2668 1589 2741 plus
1605 2668 1764 2724 metuenda
1803 2663 1812 2680 “

60 2753 170 2827 aliquis
184 2753 372 2811 secularium
386 2772 439 2828 per
461 2756 594 2812 fraudem
609 2773 668 2813 sure
684 2756 804 2814 utilitati
819 2774 887 2831 pro·
940 2761 986 2813 est
998 2757 1088 2828 hujus
1103 2757 1247 2830 parabolas
1262 2757 1407 2815 sententia
1422 2774 1481 2830 quo
1499 2756 1599 2814 minus
1623 2774 1640 2814 a
1661 2756 1765 2815 multis

61 2842 148 2916 spicit
171 2842 203 2899 in
226 2842 371 2912 futurum,
387 2842 481 2901 multo
501 2845 596 2919 magis
610 2863 665 2904 nos
679 2846 820 2904 debemus
835 2863 888 2919 per
941 2845 1071 2918 timetur,
1079 2846 1131 2919 qui
1139 2846 1270 2920 quotidie
1278 2864 1336 2905 non
1345 2847 1442 2905 solum
1450 2846 1487 2903 cb
1496 2847 1620 2903 nimiam
1628 2845 1764 2902 villarum

62 2930 367 3006 eleemosynamjuste
377 2934 551 3005 acquisitam
562 2934 793 3008 providamque
802 2936 887 2994 nobis
941 2940 971 2992 ot
983 2951 1120 3010 agrorum
1137 2937 1228 3009 pretio
1243 2937 1387 3010 condigno
1403 2936 1650 3009 acquirendorum
1670 2935 1763 2991 ambi·

63 3020 94 3078 in
106 3021 209 3078 lutura
220 3020 283 3078 vita
296 3022 464 3095 expediunt.
476 3023 529 3080 Cui
544 3023 685 3081 nimirum
700 3024 832 3098 exemplo
848 3024 887 3081 si·
940 3024 1062 3092 tionem,
1078 3029 1107 3081 et
1130 3030 1249 3098 propter
1263 3025 1490 3097 intemperatum
1506 3024 1605 3082 uxoris
1622 3040 1763 3095 amorem,

63 3107 130 3166 mile
142 3113 214 3166 sat:
240 3108 266 3166 si
290 3109 399 3183 aliquis
418 3110 574 3185 religiosus
586 3111 689 3169 videns
704 3104 886 3170 meretricem
941 3113 1107 3180 sedetiam,
1123 3115 1201 3185 quod
1217 3113 1451 3185 multonequius
1472 3118 1526 3183 est,
1543 3114 1579 3171 ob
1603 3131 1653 3170 cos
1677 3130 1764 3186 agros

63 3197 233 3255 omnimodo
244 3202 380 3259 ornatam
390 3200 571 3259 amatoribus
587 3201 650 3257 suis
665 3216 733 3258 mcx
743 3204 832 3274 optet,
843 3200 887 3258 di·
902 3188 924 3256 C
943 3217 1017 3274 quos
1032 3202 1134 3259 fraude
1149 3202 1249 3275 aliqua
1263 3201 1413 3274 acquirere
1426 3206 1456 3258 et
1469 3202 1582 3259 auterre
1598 3201 1717 3257 student
1728 3201 1765 3257 de

61 3286 277 3345 eenszlltinam
287 3303 339 3361 ege
349 3288 393 3345 ita
404 3290 554 3347 studerem
564 3289 679 3363 placere
686 3289 802 3348 Christo
812 3290 889 3348 sicut
942 3289 1014 3347 locis
1029 3290 1139 3347 sanctis
1154 3306 1206 3347 seu
1222 3290 1401 3363 pauperibus
1420 3292 1449 3346 et
1471 3294 1590 3361 propter
1603 3287 1764 3344 meretricis

60 3375 115 3434 ieta
126 3374 273 3433 meretrix
281 3377 379 3434 studet
386 3377 502 3450 placere
514 3380 642 3448 mundc;
658 3376 703 3435 vel
716 3379 743 3435 si
754 3378 821 3454 quis
832 3379 889 3452 spi·
942 3379 1151 3447 inductionem,
1178 3394 1217 3435 sc¹
1236 3382 1382 3434 conantur
1409 3393 1548 3434 excusare
1572 3393 1589 3432 a
1613 3376 1765 3432 vocatione

60 3463 183 3522 ritualia
196 3464 296 3521 dacter
309 3465 468 3540 discipulos
490 3485 561 3525 suos
581 3468 747 3537 admoneat,
762 3467 863 3525 dicens
880 3485 887 3525 ι
943 3467 1049 3525 divina.
1066 3467 1097 3524 Si
1112 3466 1191 3524 enim
1206 3467 1236 3523 hi
1251 3465 1303 3540 qni
1318 3465 1406 3522 rebus
1416 3467 1497 3537 juste
1517 3463 1669 3538 acquisitis
1695 3467 1724 3520 et
1747 3480 1765 3520 a

60 3554 144 3612 Sicut
152 3551 244 3610 multi
251 3553 371 3613 studiosi
379 3559 450 3613 sunt
459 3557 693 3615 adobtineadam
702 3556 888 3631 prudentiam
942 3557 1000 3613 Deo
1015 3555 1162 3613 concessis
1176 3555 1407 3627 intemperanter
1420 3557 1544 3610 utuntur
1565 3569 1583 3609 a
1603 3568 1692 3627 regno
1706 3568 1765 3609 cm·

60 3642 170 3713 carnis,
183 3641 227 3698 ita
236 3646 325 3701 strue
335 3645 450 3705 studete
460 3649 494 3702 ut
503 3646 689 3720 spiritualem
701 3645 889 3719 prudentiam
943 3644 1009 3702 lesti
1024 3644 1229 3712 excluduntur,
1246 3643 1318 3717 quid
1333 3643 1512 3700 credendum
1531 3647 1577 3700 cst
1591 3643 1627 3699 de
1637 3641 1696 3699 illis
1710 3642 1762 3715 qui

65 3731 308 3801 obtineatis,cum
317 3749 453 3806 perversa
462 3735 538 3792 sitet
548 3735 683 3792 meretrix
693 3740 722 3792 et
733 3735 890 3808 prudentia
942 3750 995 3807 per
1019 3734 1078 3791 vim
1102 3738 1131 3790 et
1156 3733 1289 3790 fraudem
1314 3730 1444 3806 aliquam
1464 3731 1559 3789 aliena
1577 3731 1723 3805 rapientes
1738 3734 1767 3788 et

65 3819 889 3898 secularis.llxquibuscelligiturquiaprssimaqusque
944 3822 1147 3879 meretricibus
1171 3837 1203 3879 ss
1223 3823 1361 3894 jugentes
1384 3821 1414 3877 ln
1439 3819 1486 3877 hle
1510 3837 1604 3893 usque
1624 3820 1660 3876 ad
1675 3820 1764 3877 llnem

65 3909 100 3967 sd
112 3909 339 3968 edificationem
354 3912 467 3970 assumi
487 3916 622 3985 possunt.
943 3912 1008 3968 vita
1022 3911 1231 3984 perseverant?
1244 3911 1318 3967 Hinc
1334 3911 1434 3968 credat
1448 3909 1574 3983 quisque
1587 3911 1666 3983 quod
1679 3908 1764 3978 valit3

943 4017 996 4074 ego
1011 4000 1097 4058 credo
1116 4000 1186 4073 quia
1207 3998 1314 4057 coelum
1337 4003 1367 4057 et
1387 4003 1466 4057 terra
1483 3999 1661 4068 transibunt,
1677 3999 1767 4056 verba
1811 4019 1816 4025 ·

387 4107 509 4166 cppuq.
523 4108 557 4162 v,
944 4093 1042 4149 autem
1062 4088 1161 4146 divina
1186 4106 1244 4146 non
1266 4089 1436 4146 transibunt
1450 4090 1544 4161 (idere.
1559 4104 1622 4158 arn,
1637 4088 1694 4160 31),
1708 4085 1767 4144 nisi

67 4233 111 4289 Μ,
377 4232 398 4290 d
823 4231 847 4288 Ν
885 4232 890 4243 ,
944 4177 1769 4251 utimplsantursicutpraedictasunt.Haecigiturpanca

101 4232 354 4361 ’,ΫΜΟῊ
397 4241 540 4361 Qum
560 4234 814 4360 '’mmmmm-⁶3
844 4247 889 4359 33²
943 4267 1154 4325 exhortationis
1172 4269 1260 4324 verba
1284 4267 1321 4323 ad
1346 4268 1458 4324 clerum
1479 4266 1766 4324 dictaideoexsan-

97 4306 432 4434 &0555ng
439 4322 473 4433 ,θ’
495 4320 684 4432 tumulis?
692 4320 843 4432 mmm?
943 4355 1075 4413 ctissime
1090 4357 1311 4431 Evangeliorum
1326 4356 1400 4413 libro
1424 4356 1551 4430 prolerre
1574 4355 1683 4423 curavi,
1700 4354 1769 4426 quia

470 4421 478 4447 ’
946 4442 1014 4502 talis
1034 4445 1109 4502 liber
1135 4445 1249 4503 clericis
1275 4460 1347 4518 pene
1369 4444 1508 4501 omnibus
1523 4443 1696 4500 notissimus
1711 4446 1768 4511 est,

101 4535 230 4593 Rumam
252 4552 290 4592 ne
311 4538 431 4611 propter
448 4535 547 4610 aliqua
560 4537 637 4594 bona
652 4552 740 4609 opera
753 4535 889 4592 humana
904 4555 928 4623 D
944 4536 1044 4604 utpote
1068 4535 1119 4607 qui
1134 4535 1242 4608 sapius
1257 4533 1365 4607 legitur
1379 4537 1407 4589 et
1421 4532 1540 4588 auditur
1554 4531 1590 4587 ab
1607 4530 1658 4587 eis.

69 4618 161 4681 landis
175 4624 309 4699 appetitu
323 4624 471 4700 impulsus
486 4630 649 4699 superetur,
663 4625 794 4682 attendat
809 4623 890 4681 illam
980 4623 1106 4681 Possunt
1129 4624 1217 4681 etiam
1240 4621 1367 4679 studiosi
1390 4619 1514 4693 quilibet
1539 4619 1710 4675 clericorum
1733 4634 1767 4674 ex

71 4702 237 4780 parabolani
250 4730 258 4769 ε
274 4712 373 4772 Simile
383 4721 420 4772 aet
430 4715 685 4787 repnumeoetoram
696 4715 822 4770 tltescuro
832 4713 892 4769 aba·
944 4712 1024 4769 varia
1039 4711 1183 4786 scriptura
1197 4716 1258 4769 tam
1270 4708 1384 4767 Veteris
1398 4725 1488 4782 quam
1503 4707 1574 4765 Novi
1586 4707 1766 4765 Testamenti

71 4800 173 4859 credito
195 4804 229 4858 ier
254 4818 335 4876 apro,
363 4807 417 4861 etc.
444 4802 548 4870 (llatttr.
569 4821 630 4876 ani,
654 4804 708 4877 44).
724 4802 787 4859 Nisi
810 4802 888 4859 enim
945 4800 1017 4857 satis
1031 4801 1148 4868 instrui,
1164 4807 1193 4857 et
1207 4816 1266 4856 non
1281 4797 1377 4855 solum
1393 4815 1427 4854 ex
1443 4797 1528 4854 bonis
1543 4796 1594 4853 sed
1617 4796 1706 4853 etiam
1730 4813 1765 4853 ex

72 4889 137 4947 artie
147 4891 229 4949 bona
239 4890 389 4950 interdum
397 4891 771 4966 abscondaturamalignis
781 4890 889 4965 spiriti·
943 4890 1030 4947 malis
1046 4890 1193 4947 edificari.
1209 4889 1240 4945 Si
1255 4888 1334 4945 enim
1350 4887 1496 4944 attendere
1510 4885 1678 4944 studuerint
1691 4885 1764 4942 Abel

70 4974 227 5051 buarelnt
247 4997 266 5038 a
285 4980 450 5039 latronibus
464 4982 589 5055 pecunia
603 4987 731 5050 ostensa,
746 4982 887 5038 aufertur.
938 4980 1098 5051 justitiam,
1119 4980 1174 5037 lob
1204 4977 1386 5053 patientiam,
1409 4976 1605 5033 venerandam
1627 4974 1761 5044 Abrahae,

100 5065 172 5127 ltem
184 5086 223 5127 ne
233 5070 327 5128 durus
341 5073 371 5128 et
383 5069 507 5128 immitis
519 5071 695 5146 sitergasos
709 5069 761 5144 qui
776 5070 805 5126 in
819 5085 887 5126 eum
943 5071 1024 5126 Isaac
1048 5073 1077 5126 et
1101 5069 1191 5125 Jacob
1215 5065 1448 5124 benedictionem
1468 5065 1558 5121 aDeo
1573 5063 1629 5121 sibi
1644 5064 1761 5132 lectam,

72 5152 163 5231 atiquo
173 5159 264 5218 mede
273 5162 397 5233 peccant
406 5160 536 5218 attendat
548 5160 630 5219 illam
643 5159 887 5235 parabolam:Si·
943 5159 1030 5214 David
1054 5156 1264 5228 humilitatem,
1286 5154 1416 5212 Danielis
1439 5157 1467 5211 et
1489 5154 1579 5210 trium
1603 5167 1762 5225 puerorum

72 5246 306 5323 niteatrepacm
315 5250 445 5308 cestorum
454 5250 888 5324 tcmintrepi,qutcotuitratio-
942 5248 1149 5316 constantiam,
1172 5249 1312 5303 Susanna
1336 5242 1509 5311 castitatem,
1530 5241 1684 5313 utriusque
1706 5240 1762 5298 'l'o-

72 5350 125 5392 um
136 5355 240 5411 ponere
254 5342 416 5396 eum'rervis
429 5342 489 5396 suis
503 5339 813 5414 (doot.xv111,23).1u
829 5354 888 5411 qua
941 5336 1006 5408 bie,
1022 5335 1113 5410 patris
1129 5333 1240 5392 scilicet
1265 5337 1294 5390 et
1319 5332 1370 5389 fllii
1396 5331 1565 5405 religionem
1579 5328 1764 5404 aliorumque

71 5426 247 5503 amsperto
261 5432 443 5488 monstratur
455 5429 750 5503 qualiterdebeamus
760 5443 825 5483 esse
835 5426 889 5483 cle·
941 5427 1060 5483 Petrum
1090 5424 1121 5481 in
1149 5423 1244 5481 Veteri
1273 5424 1461 5480 Testamenta
1489 5419 1707 5493 perlectionem,
1738 5418 1764 5475 si

70 5521 175 5576 mentes
189 5533 262 5593 erga
275 5518 423 5576 debitores
437 5523 563 5588 nostres,
577 5518 602 5575 si
617 5517 753 5575 volumus
769 5515 854 5573 nobis
870 5532 887 5572 a
941 5515 1073 5588 inquam,
1086 5513 1235 5571 attendere
1248 5510 1394 5569 voluerint
1404 5509 1509 5567 talium
1524 5510 1654 5566 vimrum
1664 5524 1761 5566 exem·

70 5601 120 5663 beo
133 5606 260 5669 relaxari
274 5607 372 5667 debita
393 5611 504 5666 nostra.
940 5601 1325 5677 pla,edificaricmaimodis
1334 5598 1762 5675 possuntltursumsiecontra
