3892 6096
120 310 187 370 'l'lb
635 303 807 366 nunnoni
829 302 1006 364 nonnoni
1030 304 1062 364 S.
1086 301 1331 364 bunnensem
1776 300 1833 362 lob
1868 332 1882 345 -

128 440 224 498 llelius
238 441 278 496 est
291 437 427 495 nolimu
446 436 522 508 justa
544 451 626 510 super
648 436 761 493 diuitias
778 443 951 508 pecca-torum
965 437 993 503 Α
1007 435 1101 493 dinem
1114 435 1222 492 dierum
1235 435 1322 509 (Psol.
1338 451 1406 502 xcu,
1425 435 1464 507 5).
1481 434 1541 489 tua
1564 435 1625 488 orla
1647 437 1687 489 est
1706 433 1781 505 justo
1805 438 1833 490 et

129 530 241 586 mutu.
255 529 334 584 Novit
347 527 479 583 Dominus
492 527 551 583 alies
571 525 821 592 immaculatorum,
846 529 872 581 et
895 526 953 580 bee-
1006 527 1090 581 rectis
1102 527 1181 582 corbe
1195 525 1295 583 laetitia
1311 524 1398 592 (Psal.
1415 541 1489 594 xovr,
1507 523 1561 594 ll).
1573 524 1704 578 Dominus
1720 524 1750 578 in
1766 522 1833 580 Sion

93 664 98 671 .
131 617 234 675 rebitas
255 632 350 673 eorum
373 617 404 672 in
426 620 561 672 oeternum
574 617 637 672 erit.
653 615 906 686 Naucaniuncletur
921 616 952 670 in
1005 630 1123 684 mapnus
1137 621 1162 671 et
1175 615 1390 686 eacelsussuper
1403 628 1497 670 omnes
1508 612 1625 685 populas
1640 611 1831 685 (Fauianum,

128 712 248 779 tempore
261 706 344 777 molo,
359 713 385 762 et
399 707 429 762 iu
442 705 538 762 diebus
558 704 643 777 famis
660 705 870 773 saturabuntur,
887 706 953 777 quia
1005 703 1043 773 2).
1061 702 1250 761 Misericordia
1272 703 1384 759 Domini
1403 702 1436 757 ab
1451 709 1555 758 celenna
1568 708 1595 757 et
1609 716 1693 773 usque
1706 701 1737 756 in
1751 704 1831 758 eter-

127 801 279 868 peccatores
290 794 430 869 peribunt.
444 793 522 868 Apud
535 795 682 851 Dominum
702 810 811 868 pressus
833 795 952 849 bominis
1004 809 1073 847 num
1087 809 1171 864 super
1184 794 1309 849 timentes
1323 808 1395 862 enm,
1423 799 1450 846 et
1468 791 1581 862 justitia
1605 789 1683 845 illius
1705 791 1735 845 in
1757 789 1831 860 filios

126 884 290 957 diripentun
306 893 334 941 et
345 886 421 941 viam
434 886 493 956 eius
508 884 586 941 ualet.
604 884 671 940 Cum
683 883 810 940 ceciderit
823 900 878 940 nou
892 881 950 939 eol·
1004 881 1131 953 filiorum
1145 882 1187 938 bis
1200 882 1249 952 aui
1260 884 1373 937 servunt
1388 883 1583 936 testamentum
1596 878 1664 950 ejus,
1680 886 1706 934 et
1724 895 1829 935 mema-

126 973 240 1044 libetur,
255 975 321 1047 auin
334 975 466 1032 Dominus
479 975 609 1047 supponit
629 990 743 1030 manum
761 990 841 1030 suam
865 973 950 1046 (Paul.
1004 986 1048 1027 res
1063 978 1127 1028 sunt
1140 972 1337 1027 mandatorum
1355 970 1443 1042 ipsius
1457 968 1493 1024 ab
1505 967 1664 1040 smienbum
1687 984 1719 1024 ea
1742 967 1818 1040 (Psal

125 1080 222 1134 xxxvr,
240 1064 285 1133 lli,
298 1063 355 1136 21).
368 1065 465 1120 Beatus
480 1065 532 1131 uir,
556 1064 636 1135 cujus
659 1069 701 1119 est
723 1078 823 1119 nmnen
841 1063 952 1119 Domini
1005 1060 1170 1133 cn,l7,18).
1185 1062 1304 1116 letetur
1317 1074 1364 1115 ear
1378 1058 1561 1130 querentium
1575 1057 1725 1114 Dominum
1740 1056 1828 1129 (Paul.

125 1168 186 1226 spes
208 1153 277 1225 ejus,
303 1157 329 1210 el
349 1168 405 1208 non
428 1154 551 1226 respexit
573 1154 603 1209 in
629 1152 765 1208 vanitates
780 1156 807 1207 et
824 1152 951 1207 insanias
1005 1167 1059 1218 crs,
1083 1151 1120 1223 3).
1144 1152 1231 1219 Beati,
1256 1150 1303 1223 qui
1324 1148 1481 1204 custodiunt
1500 1146 1650 1219 judicium,
1674 1150 1700 1202 et
1722 1149 1832 1217 lamani

124 1240 212 1314 taleas
228 1241 314 1314 (Psoi.
327 1258 423 1311 xxxix,
438 1242 475 1311 5).
493 1242 560 1308 Qua
580 1240 693 1297 scilieet
717 1241 862 1297 sententia
884 1256 949 1312 spe·
1000 1241 1140 1311 iustitiam
1153 1242 1183 1295 in
1195 1241 1401 1310 omnitempore
1415 1237 1501 1310 (Psal.
1516 1253 1561 1305 cv,
1575 1237 1613 1309 3).
1629 1237 1728 1306 blapna
1747 1251 1832 1309 opera

125 1329 238 1387 cialiter
251 1330 329 1387 dieta
343 1335 445 1387 eontra
460 1346 510 1387 eos
525 1330 586 1403 qui,
596 1331 683 1401 juxta
697 1345 808 1386 morem
823 1327 952 1387 ethnico·
1005 1330 1115 1385 Domini
1129 1331 1266 1402 exquisita
1279 1331 1309 1385 in
1323 1343 1415 1384 omnes
1429 1327 1581 1382 noluntates
1600 1326 1670 1396 ejus.
1686 1324 1831 1400 Confessio

125 1435 203 1493 rum,
219 1419 395 1491 auguriandi
409 1419 453 1476 vel
468 1419 593 1492 turpiter
611 1419 730 1476 ludendi
751 1423 876 1475 utuntur
899 1435 950 1475 va·
1004 1428 1030 1476 et
1044 1420 1252 1491 nmpnificentia
1266 1434 1332 1490 apos
1347 1418 1416 1489 ejus,
1432 1423 1458 1472 et
1467 1416 1579 1486 justitia
1602 1416 1661 1486 ejus
1681 1423 1778 1470 manet
1800 1417 1832 1471 in

124 1508 228 1576 nitate,
241 1512 453 1565 commemorat
466 1524 534 1565 eum
549 1508 668 1565 beatum
683 1525 747 1565 essa
771 1507 821 1581 qui
845 1508 949 1579 hujus·
1004 1511 1138 1567 ansulam
1151 1508 1257 1564 saeeuli.
1273 1508 1375 1563 Memor
1398 1506 1450 1561 erit
1472 1506 1503 1561 in
1523 1504 1660 1562 saeculum
1674 1505 1833 1560 testamenti

125 1597 205 1654 modi
220 1597 366 1654 vanitates
380 1597 502 1670 respuit.
1004 1601 1060 1668 sui,
1074 1600 1204 1655 uirtutem
1213 1612 1324 1671 operum
1337 1611 1450 1652 suorum
1463 1593 1642 1650 annuntiabit
1654 1594 1755 1666 populo
1769 1609 1830 1664 suo,

159 1687 294 1743 Dominus
309 1687 443 1742 virtutum
464 1685 615 1755 nobiscum,
643 1685 769 1742 subaudi
787 1695 839 1753 est,
863 1701 950 1742 susee-
1005 1696 1035 1744 ut
1048 1687 1091 1744 iet
1105 1688 1163 1744 illis
1178 1685 1366 1744 lineabitatem
1380 1685 1515 1756 pentium,
1530 1699 1613 1757 opera
1626 1684 1832 1753 manunmeius

123 1776 375 1848 ptornosterDeus
389 1776 470 1831 laeob
497 1775 583 1846 (Psal.
607 1792 669 1843 ειν,
695 1775 751 1847 12).
777 1777 886 1846 Beatus,
900 1777 951 1848 qui
1004 1778 1103 1834 ueritas
1128 1785 1155 1833 et
1180 1776 1329 1849 judicium.
1354 1774 1459 1832 Fistelia
1480 1775 1576 1830 omnia
1599 1771 1731 1828 mandata
1758 1773 1830 1845 ejus,

125 1861 261 1933 iutellipit
284 1879 366 1937 super
388 1879 505 1931 epenum
528 1873 554 1920 et
577 1880 736 1938 pauperem,
756 1865 787 1919 in
809 1865 854 1920 bie
875 1865 950 1922 mala
1004 1867 1170 1938 earrfirneuta
1185 1868 1215 1922 in
1229 1865 1363 1923 soeculum
1381 1864 1488 1931 soeculi,
1511 1865 1585 1936 faeta
1610 1864 1640 1918 iu
1664 1863 1779 1919 emitote
1803 1870 1830 1919 et

126 1951 255 2009 liberabit
276 1969 338 2010 eum
361 1953 493 2009 Dominus
513 1954 602 2024 (Paul.
626 1970 672 2024 xo,
695 1954 733 2022 2).
759 1953 824 2009 Hae
851 1958 949 2011 ειιιειιι
1003 1959 1135 2028 naubare
1149 1955 1233 2026 (Psal.
1249 1971 1294 2023 cx,
1309 1953 1379 2025 2-8).
1398 1953 1495 2009 Beatus
1515 1954 1559 2008 uir
1579 1953 1628 2025 aeti
1641 1953 1720 2009 timet
1733 1952 1828 2008 Domi·

126 2041 271 2099 εειιιειιιίε
286 2041 502 2114 particulariter
515 2048 560 2099 εει
575 2040 763 2116 intelligenda
778 2041 858 2116 qnia,
874 2041 950 2100 sicut
1003 2063 1082 2116 num,
1096 2048 1128 2101 in
1146 2044 1284 2101 munitatis
1306 2044 1365 2117 ejus
1388 2042 1458 2098 valet
1482 2043 1569 2098 nirnis
1594 2041 1681 2114 (Psal.
1706 2057 1763 2109 cxl,
1790 2041 1828 2113 1).

127 2147 185 2186 non
200 2146 303 2187 omnes
313 2131 397 2205 egeni
411 2135 441 2188 et
454 2147 595 2205 pauperes
608 2130 683 2187 beati
695 2132 829 2204 aunt,aed
839 2131 950 2188 solum·
1004 2135 1070 2192 llaea
1085 2134 1232 2191 sententia
1247 2131 1450 2190 universaliter
1463 2135 1509 2187 ost
1529 2128 1731 2203 intelligenda,
1759 2128 1830 2202 quia

127 2220 213 2276 modo
229 2236 373 2294 pauperes
387 2219 492 2293 spiritu
509 2219 585 2277 beati
600 2219 744 2288 existunt;
770 2221 810 2276 ita
834 2236 950 2292 quoque
1005 2223 1101 2281 omnia
1115 2225 1159 2280 vir
1173 2224 1223 2296 qni
1239 2223 1323 2279 timet
1337 2221 1495 2277 Dominum
1511 2223 1540 2276 et
1554 2220 1584 2275 in
1600 2217 1748 2277 mandatis
1764 2219 1829 2290 ejus

125 2308 175 2366 illo
187 2310 238 2383 qui
254 2326 343 2383 anper
357 2311 474 2367 eoadem
490 2310 531 2366 ita
545 2309 679 2382 intelligi,
696 2314 727 2365 ιιι
742 2308 950 2366 illiamlaerea·
1005 2314 1099 2371 vivere
1113 2313 1194 2386 cupit
1208 2314 1311 2368 beatus
1327 2328 1378 2383 pro
1394 2314 1471 2366 certo
1487 2313 1542 2366 est.

125 2405 186 2470 tur,
200 2399 303 2456 beatus
318 2399 504 2456 solummodo
518 2399 547 2454 in
563 2400 617 2455 hoc
637 2400 713 2455 lacto
728 2398 872 2455 dicendus
895 2403 949 2454 εει.
1040 2404 1137 2458 Potens
1152 2403 1181 2456 in
1196 2411 1284 2468 terro,
1300 2398 1427 2456 subaudi
1440 2401 1574 2470 vinorum,
1585 2399 1640 2454 erit
1652 2413 1744 2455 semen
1759 2399 1828 2470 eius,

125 2488 336 2545 baeteturmons
351 2486 427 2555 Siara,
451 2491 478 2544 et
500 2487 638 2544 exsultent
660 2487 729 2559 filim
748 2488 952 2561 sarapropter
1003 2494 1143 2565 pancratio
1153 2495 1287 2547 rectarum
1299 2489 1513 2546 benediceturln
1524 2489 1655 2544 memoria
1663 2490 1833 2545 aetenmerit

121 2575 232 2649 judicia
245 2578 303 2646 tua,
317 2576 433 2632 Domine
447 2576 533 2649 (Psoi.
549 2593 635 2647 anun,
653 2577 707 2650 12).
724 2577 813 2648 Cujus
834 2582 950 2634 senten·
1000 2582 1105 2654 justus,
1115 2581 1149 2636 ab
1160 2579 1383 2637 auditionemula
1392 2594 1451 2633 nou
1460 2576 1568 2633 timebit
1577 2575 1750 2649 (leit.,‘e-7).
1767 2581 1829 2632 Αιι-

126 2664 173 2721 tice
188 2681 294 2722 εειιειιε
309 2669 354 2722 εει
367 2665 422 2722 iate
438 2681 445 2720 :
462 2665 585 2738 gloriam
601 2671 694 2735 tuam,
709 2666 950 2739 uominaspecu·
1005 2670 1076 2726 bitio
1091 2669 1170 2725 mala
1184 2685 1272 2742 quam
1283 2669 1386 2739 justus
1396 2683 1454 2723 non
1466 2663 1581 2721 timebit
1591 2663 1736 2738 signifieat
1746 2663 1830 2720 illam

126 2753 222 2812 lantes
237 2759 265 2812 et
280 2771 387 2814 nomen
409 2757 494 2810 tuum
518 2754 690 2811 aonlitantea
714 2753 847 2811 letentur
865 2755 895 2812 in
911 2760 949 2811 le.
1006 2758 1164 2816 terribilem
1180 2757 1366 2824 sententiam,
1383 2772 1446 2828 qua
1462 2753 1616 2826 injudicio
1630 2757 1759 2810 extremo
1783 2752 1830 2809 di·

126 2844 301 2916 Sacrificium
315 2850 370 2902 Deo
383 2846 500 2917 spiritus
512 2844 724 2911 contribulatus,
739 2861 786 2902 aar
802 2847 951 2901 eorstritum
1005 2849 1097 2905 aenda
1111 2853 1155 2905 εει
1167 2846 1299 2920 reprobis
1314 2863 1331 2902 a
1346 2845 1469 2902 Domino
1485 2861 1492 2900 :
1509 2841 1673 2899 Disceditea
1687 2844 1830 2910 manuale·

127 2937 153 2992 et
168 2934 356 3006 humiliatum,
372 2935 452 3004 Deus,
465 2950 521 2990 nan
534 2933 764 3006 despiciesll’sal.
780 2934 864 3007 n,19).
879 2938 950 2992 Dea·
1004 2938 1081 3004 elicii,
1098 2939 1127 2993 in
1140 2938 1236 3010 ipnem
1248 2944 1392 3002 cenenum,
1418 2937 1474 2990 eto.
1499 2933 1602 3005 (natu
1618 2949 1683 3003 xxv,
1700 2932 1755 3004 ll).
1776 2933 1831 2988 Ex-

128 3024 397 3094 tus,auemelepisti
410 3025 435 3081 et
449 3024 631 3096 assumpsisti,
643 3024 766 3092 Domine,
784 3023 951 3081 inhabitabit
1004 3028 1090 3084 celsus
1113 3041 1195 3098 saper
1216 3041 1309 3082 omnes
1330 3027 1421 3095 pentes
1442 3022 1572 3078 Dominus
1595 3028 1620 3077 et
1642 3037 1724 3094 super
1746 3023 1829 3078 calos

129 3113 161 3168 in
175 3113 256 3169 atriis
268 3113 324 3168 tuis
339 3113 425 3184 (Psoi.
448 3129 522 3181 xxiv,
545 3112 585 3184 5).
603 3113 732 3168 Dominus
746 3113 826 3169 dabit
841 3113 952 3170 uerbum
1005 3117 1094 3189 ploria
1108 3116 1185 3184 eius:
1201 3116 1249 3186 qni
1264 3115 1293 3169 iu
1307 3113 1371 3168 altis
1386 3111 1494 3167 babitat
1508 3115 1533 3167 et
1548 3109 1667 3166 bomilia
1679 3111 1789 3183 respicit
1803 3112 1836 3167 in

127 3200 379 3273 euanpeliaantibus
390 3202 492 3258 virtute
505 3201 593 3258 malta
608 3201 692 3275 (Psal.
708 3219 793 3269 xnvrr,
811 3203 865 3274 12).
881 3204 952 3259 Deus
967 3192 989 3260 C
1006 3205 1073 3262 eaelo
1088 3208 1114 3260 et
1128 3207 1159 3260 in
1172 3211 1253 3269 terro,
1268 3203 1402 3258 suscitans
1415 3217 1433 3256 a
1446 3204 1523 3256 terra
1537 3202 1645 3272 inopem
1659 3207 1685 3256 et
1703 3200 1738 3256 rte
1760 3204 1835 3257 ster-

127 3291 228 3359 noem,
246 3294 329 3359 Deus,
345 3289 473 3347 subaudi
486 3295 538 3356 est,
553 3291 645 3348 salros
657 3291 829 3363 iaciendiet
843 3293 953 3348 Domini
1004 3311 1066 3351 care
1090 3296 1198 3366 eriperes
1224 3306 1388 3365 pauperem,
1423 3296 1453 3346 ut
1484 3290 1595 3346 collocet
1627 3305 1690 3346 eum
1720 3290 1831 3363 princi·

126 3379 238 3437 Domini
250 3381 342 3437 exitus
356 3381 451 3437 mortis
467 3379 560 3453 (lota,
576 3380 703 3453 iliona
719 3381 952 3454 sententiaque
1002 3385 1084 3458 pibus
1098 3383 1192 3456 populi
1203 3383 1249 3438 sui
1262 3382 1349 3453 (Psal.
1373 3397 1440 3449 cxu,
1467 3381 1493 3451 b,
1518 3380 1556 3451 8).
1581 3379 1705 3435 Pretiosa
1721 3380 1752 3434 in
1765 3394 1834 3436 eon·

125 3469 252 3527 obseura
266 3468 390 3539 videtur,
406 3486 480 3542 apua
494 3474 539 3525 est
555 3474 587 3527 ut
602 3469 783 3542 explanetur.
800 3470 848 3526 Sia
871 3471 950 3528 enim
1004 3478 1097 3546 speetu
1108 3474 1218 3530 Domini
1232 3487 1305 3528 rnors
1319 3474 1476 3527 sanctorum
1498 3469 1558 3541 ejus
1584 3468 1670 3542 (Paul.
1696 3485 1761 3537 cxv,
1790 3467 1831 3540 5).

125 3557 348 3631 intelligendam
364 3574 429 3614 εεεε
443 3557 622 3615 arbitramur
644 3575 651 3614 ι
676 3562 763 3631 Deus,
784 3576 871 3631 quern
897 3577 950 3616 noa
1007 3565 1061 3620 l'ac
1075 3562 1269 3619 exsultationis
1283 3565 1310 3617 et
1321 3560 1419 3616 salutis
1439 3561 1470 3614 in
1493 3557 1677 3615 tabernaculis
1686 3558 1831 3629 jutorum

124 3645 283 3703 Christiani
298 3644 433 3714 colimus,
449 3645 498 3702 illa
512 3646 593 3703 solus
608 3651 712 3718 potens
727 3652 772 3704 eat
786 3646 882 3705 aelvoa
907 3649 948 3705 iu·
1003 3652 1092 3723 (Psal.
1105 3668 1191 3717 xcuu,
1209 3650 1263 3722 15).
1281 3649 1361 3705 Beati
1376 3647 1550 3704 immaculati
1571 3648 1599 3701 in
1624 3648 1681 3714 uia,
1697 3648 1749 3719 qui
1771 3664 1834 3703 am·

125 3751 200 3808 cera,
215 3740 244 3792 ει
259 3736 289 3792 in
304 3752 359 3792 aua
372 3739 517 3809 potestate
527 3740 572 3792 eat
586 3734 748 3808 quemlibet
760 3754 777 3793 a
787 3737 890 3794 mortis
900 3755 949 3811 pe·
1004 3740 1100 3797 butant
1115 3742 1145 3795 in
1161 3741 1218 3811 leae
1231 3739 1351 3795 Domini.
1368 3738 1456 3804 Beati,
1472 3738 1521 3809 qui
1537 3739 1693 3792 scrutantur
1703 3738 1834 3792 testima-

126 3825 218 3883 riaulo
233 3824 366 3882 liberare.
1002 3832 1052 3886 nia
1066 3831 1135 3902 ejus,
1150 3830 1179 3885 in
1193 3837 1245 3885 tata
1259 3827 1339 3884 corbe
1357 3827 1507 3898 exquirunt
1532 3841 1595 3881 eum
1618 3824 1704 3898 (Paul.
1729 3840 1833 3895 cxvrn,

160 3918 250 3986 Quam
264 3914 348 3970 bonus
362 3913 447 3971 lsrael
460 3915 534 3970 Deus
556 3915 599 3971 bis
623 3917 671 3988 qui
693 3921 765 3973 reeta
787 3921 852 3972 sunt
870 3916 949 3973 earne
1003 3920 1029 3986 l,
1044 3920 1082 3992 2).
1099 3920 1160 3975 Pan
1173 3919 1262 3973 matta
1280 3915 1458 3988 bilipentibus
1482 3915 1569 3986 lepem
1590 3915 1678 3981 tuam,
1704 3913 1832 3983 Domine,

123 4003 212 4076 (Psal.
227 4019 313 4070 nxxn,
330 4002 370 4073 1).
387 4004 467 4061 Beati
481 4006 529 4077 qui
547 4004 674 4061 babitant
686 4006 718 4062 in
732 4004 812 4063 bomo
826 4014 883 4078 tua,
899 4007 948 4063 Do·
1000 4012 1027 4065 et
1041 4012 1148 4065 nonest
1162 4008 1220 4063 illis
1234 4005 1395 4063 scandulum
1410 4002 1503 4076 (titt,
1520 4003 1593 4075 165).
1610 4003 1664 4072 Qui
1686 4001 1832 4073 confidunt

122 4092 727 4161 mine,insaeeulasaeculorumlaubabuntte
742 4095 946 4166 (Psalnxxxur,
1000 4099 1032 4154 in
1046 4099 1170 4164 Domina,
1193 4098 1267 4153 sicut
1290 4110 1367 4152 mans
1390 4094 1472 4162 Sian;
1493 4109 1550 4149 non
1570 4091 1833 4149 commovebituriu

121 4182 161 4254 5).
177 4181 392 4239 liiseriearcliam
405 4185 432 4239 el
445 4184 586 4240 ueritatem
609 4182 701 4255 bilipit
723 4185 810 4247 Deus,·
825 4186 945 4254 pralium
1000 4195 1143 4255 salernum,
1177 4188 1226 4259 qui
1255 4185 1361 4241 babitat
1384 4184 1414 4239 iu
1437 4182 1600 4240 bannalem.
1625 4182 1754 4254 benefac,
1777 4182 1832 4238 Da·

121 4270 372 4340 etaloriambabit
393 4274 536 4328 Dominus.
567 4275 630 4329 Non
654 4272 776 4344 privabis
800 4275 878 4330 bonis
902 4290 946 4331 eas
999 4278 1084 4349 mine,
1111 4277 1190 4333 banis
1212 4283 1238 4331 et
1261 4275 1344 4330 rectis
1368 4273 1456 4331 eorde
1478 4273 1565 4342 (Psoi,
1591 4288 1684 4340 cxxxv,
1711 4271 1751 4343 l).
1778 4272 1834 4340 Qui

121 4361 171 4433 qui
184 4360 329 4418 ambulant
343 4363 373 4417 in
387 4363 556 4418 innocentio.
570 4363 686 4418 Domine
699 4362 841 4430 uirtutum,
853 4363 946 4420 beatus
999 4368 1138 4423 seminant
1152 4366 1182 4421 in
1197 4366 1339 4437 larrpmis,
1356 4365 1385 4419 in
1400 4363 1584 4419 exsultatione
1598 4368 1710 4418 enatent.
1727 4361 1833 4418 liuntes

120 4448 209 4519 bomo,
225 4452 275 4523 qui
287 4455 382 4524 sperat
395 4453 424 4508 iu
439 4456 466 4508 te
479 4451 571 4525 (loia,
590 4454 633 4524 12,
651 4452 705 4524 13).
723 4452 800 4521 Deus,
814 4454 863 4525 nui
885 4454 944 4523 plo·
998 4459 1085 4526 ibent,
1102 4461 1127 4512 et
1140 4455 1252 4527 (lebant,
1267 4454 1407 4510 mittentes
1421 4453 1528 4509 semina
1542 4467 1602 4506 sua.
1618 4452 1763 4508 Venientes
1776 4467 1830 4506 au·
1858 4498 1866 4509 .

119 4539 249 4612 rlfieutur
262 4541 292 4597 in
303 4541 418 4599 consilio
432 4548 599 4609 sanctarum,
621 4557 739 4613 mapnus
762 4550 789 4598 et
812 4543 944 4600 terribilis
959 4561 982 4627 D
997 4553 1052 4606 tem
1063 4547 1172 4604 uenient
1183 4561 1245 4601 cum
1257 4543 1577 4614 exaltatiaueportantes
1591 4539 1755 4611 manipulos
1767 4554 1831 4597 suos

116 4646 200 4703 super
212 4646 304 4688 omnes
318 4632 370 4704 qui
383 4631 412 4687 in
425 4632 543 4688 circuitu
556 4631 616 4703 ejus
629 4638 695 4686 sunt
706 4630 790 4699 (Paul.
808 4647 941 4705 nxxxmu,
997 4638 1084 4709 (Psal.
1097 4653 1179 4702 cxxv,
1195 4636 1222 4698 5,
1238 4635 1277 4702 6).
1294 4635 1365 4690 cum
1375 4632 1478 4688 deberit
1487 4631 1597 4687 dilectis
1611 4631 1671 4686 suis
1685 4645 1829 4697 somnum,

87 4712 91 4719 ’
118 4719 157 4792 8).
172 4723 239 4775 Hae
258 4720 404 4777 sententie
428 4725 489 4778 tam
512 4722 548 4777 nd
573 4721 687 4795 piorum
713 4718 941 4778 consolationem
995 4745 1054 4786 ecee
1067 4725 1214 4784 lraereslilas
1229 4724 1338 4780 Domini
1352 4723 1437 4794 (Psal.
1453 4737 1548 4789 cxxvi,
1568 4720 1607 4792 2).
1633 4718 1765 4776 Somnus
1780 4717 1829 4774 hin

118 4824 208 4880 qnam
224 4809 260 4866 ad
275 4808 433 4881 impiorum
448 4814 589 4867 terrorem
610 4809 733 4883 intelligi
761 4813 866 4883 potest.
890 4811 944 4880 Qut
995 4821 1116 4875 vocatur
1130 4831 1209 4871 mora
1224 4817 1393 4870 sanctorum
1409 4810 1557 4883 quedem
1569 4808 1680 4864 venerit
1690 4824 1761 4864 mox
1771 4806 1830 4864 bas·

116 4896 223 4953 babitat
240 4899 269 4953 in
282 4898 424 4970 adjutoria
439 4898 578 4955 Altimissi
592 4902 622 4955 in
636 4902 804 4971 protectione
816 4901 867 4956 Dei
880 4901 943 4956 eoeli
997 4907 1115 4974 reditas,
1132 4905 1161 4961 id
1176 4907 1221 4960 εει
1235 4919 1346 4968 meroes
1366 4917 1473 4974 magna
1488 4920 1505 4958 a
1521 4898 1643 4956 Domino
1665 4896 1827 4971 promisso,

115 4986 940 5058 commorabiturlPsalxa,l).0ucesententinaioeetintel-
996 4995 1098 5055 aderit,

115 5074 248 5148 liganda:
259 5075 308 5149 qui
320 5076 349 5131 in
362 5076 508 5148 adjutorio
524 5075 573 5132 Dei
589 5076 673 5149 quasi
687 5076 824 5135 habitans
830 5077 942 5152 jugiter
1031 5086 1109 5144 nemi
1133 5099 1225 5140 omnes
1250 5083 1298 5154 aui
1321 5083 1420 5138 timent
1444 5081 1603 5150 Dominum,
1617 5078 1666 5151 qui
1678 5075 1828 5134 ambulant

114 5163 880 5239 eonlldit,taliavirDeumcertissimumprutectorem
892 5168 941 5225 ha·
994 5179 1026 5234 in
1039 5177 1090 5232 aiis
1104 5174 1163 5245 ejas
1178 5172 1263 5245 (Psal.
1280 5188 1384 5237 cxxvii,
1402 5171 1439 5243 1).
1465 5169 1542 5242 Aput
1568 5169 1719 5224 Darntnnm
1740 5167 1828 5223 meu.

113 5253 204 5311 babit.
219 5257 317 5312 iustus
337 5257 367 5309 ul
378 5255 473 5327 palma
495 5254 614 5326 florebit,
629 5256 699 5311 sicat
720 5255 818 5312 aeirus
841 5258 942 5314 libani
994 5264 1115 5322 rieorrlia
1128 5271 1153 5320 et
1166 5264 1279 5334 copiosa
1292 5260 1365 5333 apud
1379 5277 1441 5316 cum
1456 5259 1618 5323 redemptio.
1633 5253 1830 5330 Speretlsrael

114 5341 354 5416 mllillll'ffll’l'llll
368 5344 457 5416 (Wil-
473 5361 530 5413 ⁸⁰¹,
547 5345 601 5414 13).
617 5346 716 5401 Rebili
727 5346 940 5419 brumaque-natu
993 5357 1024 5412 in
1039 5355 1152 5412 Domino
1164 5368 1198 5408 ea
1212 5350 1263 5408 boc
1276 5365 1352 5407 nunc
1365 5352 1393 5406 et
1408 5365 1493 5422 usaue
1516 5349 1547 5403 in
1570 5345 1709 5405 saeculum
1735 5343 1828 5417 (Ptol.

112 5430 258 5505 erudieris,
274 5433 401 5505 Domine,
416 5439 442 5491 et
454 5434 487 5491 be
501 5436 559 5508 lepe
573 5442 622 5491 tna
633 5434 758 5493 decumis
776 5452 838 5493 eum
852 5438 938 5509 (Psal.
993 5458 1086 5513 oxma,
1102 5443 1129 5510 6,
1146 5440 1184 5513 7).
1200 5438 1273 5504 Quia
1289 5437 1379 5511 igitur
1394 5436 1481 5495 Iarael
1497 5437 1541 5492 uir
1552 5435 1647 5492 tridens
1662 5437 1766 5503 Deum,
1778 5432 1825 5489 in·

112 5537 194 5589 xcru,
209 5522 263 5594 12).
281 5523 448 5581 Testimoniu
466 5533 524 5594 tua,
540 5526 669 5593 Domine,
692 5525 841 5583 crettbttta
863 5529 940 5600 saeta
993 5535 1179 5605 terpretatur,
1195 5528 1251 5585 han
1267 5527 1414 5585 sententia
1429 5525 1522 5582 tidelia
1537 5524 1670 5599 quilibet,
1688 5521 1742 5598 qui
1766 5521 1823 5582 Do·

7 5608 17 5625 ⁸
112 5612 291 5696 inuentum
305 5611 417 5674 lamam
430 5617 508 5675 lnam
521 5613 595 5677 tent
608 5615 939 5695 sanctitudoinlonpitu·
994 5620 1108 5681 minum
1134 5618 1237 5678 marito
1258 5616 1358 5676 vidore
1377 5617 1494 5692 dieitur,
1511 5615 1548 5675 ad
1562 5614 1617 5674 boe
1631 5612 1778 5675 inaltatur
1791 5614 1829 5679 ol
