3892 6096
45 272 108 340 381
734 274 850 341 traua
871 274 1074 343 visroncia.
1696 282 1758 347 382

47 410 129 485 qued
140 408 188 466 bie
202 407 567 484 tonssseessetinfernus,
579 413 615 470 de
626 412 876 486 euJ'uetormcntis
891 414 919 482 Α
933 414 1026 470 eebat.
1043 414 1096 481 Qui
1120 432 1187 473 mox
1208 432 1366 474 conversus
1380 417 1417 474 ad
1431 418 1565 475 dextrum
1591 416 1647 476 iter
1672 419 1757 492 quasi

47 497 288 557 intolerabilibus
318 500 430 557 narrari
454 503 562 575 sapius
587 502 694 559 audivi.
718 503 879 575 Respondit
933 508 1034 561 eontra
1053 509 1149 561 ortum
1176 505 1246 563 solis
1270 506 1432 565 brumalem
1457 510 1563 565 ducere
1586 510 1683 582 erepit.
1699 508 1758 566 Nae

47 588 222 664 cogitationi
248 605 319 646 mec
344 591 520 664 ductor,qui
540 608 588 649 me
612 593 803 665 procedebat,
820 610 878 649 non
933 608 1030 662 mora;
1046 600 1214 668 exemptum
1225 597 1352 653 tenebris
1365 599 1395 654 in
1406 614 1493 654 auras
1504 615 1550 653 me
1564 614 1671 656 serena
1682 598 1758 657 lucis

48 678 105 735 boe
120 677 272 751 inquiens,
299 679 473 752 suspicaris3
489 698 547 737 non
572 681 650 737 enim
675 681 722 738 hie
747 682 879 739 internus
932 683 1041 739 eduxit.

48 770 97 824 ast
110 766 159 823 ille
175 784 264 840 quem
282 773 379 841 putas.
737 840 743 853 Ι
970 774 1101 845 Cumque
1117 773 1208 830 mein
1224 774 1288 831 luce
1299 781 1399 847 aperta
1413 776 1541 845 duceret,
1549 776 1611 832 vidi
1623 782 1689 833 ante
1704 794 1758 834 nos

87 860 125 913 At
135 872 205 912 cum
217 872 265 912 ma
275 856 330 913 boc
341 858 508 931 spectaculo
520 865 581 918 tam
593 861 737 919 horrendo
749 862 882 936 perterri·
935 877 1053 917 murum
1064 864 1291 935 permaximum,
1300 865 1347 936 cuj
1353 882 1386 920 us
1395 882 1488 937 neque
1500 866 1676 938 longitudini
1692 867 1760 923 hine

48 950 115 1002 tum
130 945 275 1018 paulatim
298 946 326 1002 iu
350 947 489 1005 ulteriora
504 952 685 1022 perduraret,
700 952 760 1007 vidi
784 951 881 1008 subito
935 951 979 1007 val
995 951 1072 1017 inde,
1083 968 1177 1024 neque
1192 953 1340 1009 altitudini
1351 953 1429 1010 ullus
1444 970 1508 1009 esse
1523 955 1666 1010 terminus
1680 955 1759 1011 vide·

49 1039 119 1093 ante
135 1052 191 1093 nos
207 1037 358 1092 obscurari
375 1037 502 1111 incipere
518 1038 582 1096 loca
596 1045 624 1097 at
640 1042 768 1098 tenebris
783 1041 883 1097 omnia
937 1044 1026 1097 retur.
1043 1042 1121 1114 Coepi
1137 1047 1235 1099 autern
1252 1042 1352 1099 mirari
1368 1043 1514 1114 quomodo
1531 1043 1566 1099 ad
1579 1060 1697 1100 murum
1714 1061 1761 1100 ae-

49 1123 256 1198 repleri.Quas
267 1142 334 1181 cum
345 1126 550 1193 intrassemus,
561 1129 591 1184 in
604 1134 719 1186 tantum
734 1131 883 1203 paulisper
937 1130 1116 1198 cederemus,
1124 1148 1191 1187 eum
1201 1132 1230 1187 in
1239 1149 1272 1188 eo
1283 1132 1393 1189 nullam
1401 1132 1585 1204 januam,rel
1594 1133 1760 1202 fenestram,

50 1214 240 1271 condensata
256 1218 337 1286 sunt,
353 1220 385 1271 ut
397 1216 479 1272 'nibil
497 1221 600 1290 prater
614 1217 694 1291 ipsas
709 1220 881 1292 aspicerem,
937 1218 981 1275 rel
996 1236 1150 1275 ascensum
1167 1220 1273 1277 alieubi
1284 1223 1572 1294 conspiceremtlum
1585 1238 1653 1295 ergo
1664 1237 1764 1295 perve-

51 1307 174 1377 cxcapta
190 1304 335 1360 duntaxat
349 1306 445 1378 speeie
460 1310 489 1361 et
502 1311 583 1363 vesta
593 1309 657 1379 ejus
672 1309 722 1382 qui
738 1325 784 1365 me
798 1309 884 1365 duce·
938 1308 1086 1365 nissemus
1101 1310 1137 1364 ad
1157 1327 1286 1376 murum,
1299 1310 1401 1367 statim
1413 1311 1579 1383 nescioquo
1592 1310 1692 1367 ordine
1708 1312 1765 1368 lui·

49 1393 156 1449 batllt
166 1408 236 1449 eum
247 1395 491 1466 progrederemur
500 1395 562 1452 sola
577 1398 632 1452 sub
650 1401 735 1453 nocta
751 1414 803 1469 per
818 1413 883 1454 um·
938 1412 1006 1453 mus
1019 1397 1050 1453 in
1062 1399 1232 1455 summitate
1242 1400 1318 1471 ejus.
1330 1400 1364 1454 llt
1376 1415 1442 1455 eece
1456 1399 1498 1455 ibi
1513 1416 1635 1472 campus
1648 1405 1710 1456 erat
1722 1399 1763 1456 la-

50 1484 131 1551 bras,
142 1498 210 1539 ecee
222 1482 322 1539 subito
333 1489 477 1556 apparent
490 1485 575 1543 nobis
587 1486 681 1544 crebri
695 1487 883 1543 llammarum
937 1485 1083 1557 tissimus,
1095 1491 1123 1542 et
1139 1486 1308 1545 latissimus
1322 1492 1462 1560 tantaque
1472 1488 1765 1561 fragrantiavernan-

51 1575 196 1630 tetrarum
211 1570 291 1646 globi
311 1573 501 1630 ascendentes
517 1575 601 1646 quasi
617 1575 652 1632 de
674 1581 761 1648 puteo
776 1592 884 1649 magno
938 1574 1013 1630 tium
1029 1574 1217 1632 flosculorum
1229 1576 1334 1649 plenus
1346 1582 1378 1632 ut
1391 1593 1494 1635 omnes
1505 1593 1572 1634 mox
1582 1577 1702 1633 fetorem
1718 1582 1764 1634 te-

53 1677 217 1733 rursusque
231 1660 400 1719 decidentes
415 1662 445 1719 in
461 1664 608 1721 eumdem.
622 1664 683 1728 Quo
698 1681 765 1722 eum
777 1666 884 1737 perdu-
938 1664 1056 1721 nebrcsi
1067 1664 1202 1733 fornacis,
1213 1665 1262 1736 qui
1274 1682 1321 1722 me
1331 1669 1507 1738 pervaserat,
1519 1668 1661 1738 etlugarat
1671 1666 1765 1723 admi·

52 1755 116 1808 etus
131 1765 243 1822 essem,
258 1755 378 1824 repente
400 1752 504 1809 ductor
519 1770 603 1810 meus
627 1753 774 1824 disparuit
789 1770 822 1810 ae
837 1770 921 1853 meB
939 1752 1022 1808 randi
1033 1752 1124 1824 hujus
1134 1754 1262 1810 suavitas
1274 1754 1588 1812 odoris'tantaautem
1599 1754 1650 1811 lux
1660 1760 1766 1812 cuneta

53 1839 196 1898 salumin
213 1839 309 1897 medio
331 1841 518 1898 tenebrarum
543 1848 571 1899 ct
594 1842 745 1899 horrenda
760 1843 882 1900 visionis
938 1857 972 1897 ea
984 1841 1047 1898 loca
1064 1842 1283 1914 perfuderat,ut
1294 1845 1374 1900 omni
1389 1842 1612 1915 splendorcdiei
1623 1844 1766 1901 sivesolis

53 1928 206 2002 relinquit.
222 1933 264 1984 Ae
279 1946 347 1985 eum
366 1929 407 1985 ibi
423 1930 501 2003 globi
523 1930 638 2004 ignium
663 1931 884 1989 intermissione
939 1930 1093 1986 meridiani
1106 1932 1196 1988 radiis
1207 1932 1427 1989 videreturesse
1437 1932 1768 2005 praeclarior.llrautque

54 2019 141 2075 modo
155 2017 218 2075 alta
233 2022 374 2090 peterent,
391 2018 477 2074 modo
491 2018 552 2075 ima
565 2021 695 2076 barathri
708 2025 883 2093 repeterent,
939 2019 969 2075 in
984 2019 1038 2076 hoc
1054 2036 1157 2093 campo
1174 2021 1330 2077 innumera
1345 2022 1499 2079 hominum
1515 2022 1680 2079 albatorum
1696 2039 1767 2079 eon·

55 2124 140 2165 cerno
164 2106 360 2179 omniaque
384 2109 592 2178 ascendebant,
608 2109 725 2183 fastigia
749 2111 884 2167 tlamma·
938 2108 1086 2165 ventinula
1101 2110 1243 2183 sedesque
1267 2111 1400 2183 plurimae
1423 2110 1573 2185 agminum
1590 2111 1765 2168 lactantium.

56 2214 120 2253 rum
136 2195 228 2269 plena
242 2211 308 2253 esse
323 2195 479 2269 spiritibus
494 2197 717 2272 bominum,qui
733 2198 828 2255 instar
841 2200 884 2255 fa·
940 2198 1071 2270 Cumque
1081 2197 1269 2255 intereborcs
1281 2198 1410 2256 felicium
1421 2198 1584 2256 incolarum
1596 2199 1707 2256 medios
1718 2216 1766 2256 ma

55 2285 192 2343 villarum
206 2302 274 2342 eum
291 2286 372 2342 tumo
388 2287 623 2356 ascendentium,
641 2304 719 2344 nune
739 2289 775 2345 ad
790 2288 883 2345 subli·
939 2288 1069 2358 duceret,
1081 2288 1208 2361 cogitare
1233 2288 1306 2359 coepi
1320 2289 1399 2361 quod
1414 2288 1469 2345 hoe
1491 2289 1614 2345 tomusss
1628 2292 1706 2345 esset
1720 2306 1765 2346 re·

55 2375 150 2432 micra
164 2374 387 2449 projicerentur,
402 2391 481 2432 nuno
497 2377 631 2433 retractis
646 2377 760 2450 ignium
774 2377 886 2450 vapori·
939 2391 1030 2448 guum
1047 2375 1197 2443 eoelcrum,
1215 2377 1251 2432 de
1275 2393 1332 2449 quo
1347 2377 1499 2450 predicari
1524 2377 1633 2449 sapius
1656 2377 1764 2435 audivi.

55 2465 111 2522 bus
126 2463 331 2521 relaberentur
345 2464 375 2520 in
391 2466 551 2537 protunda;
573 2466 623 2522 scd
639 2471 668 2522 et
683 2466 756 2522 letor
770 2466 885 2523 incom-
939 2465 1102 2537 Respondit
1116 2465 1165 2522 ille
1178 2465 1315 2537 cogitatui
1330 2483 1405 2533 meo,
1417 2483 1486 2534 non,
1497 2466 1645 2539 inquiens,
1657 2466 1712 2522 boe
1722 2470 1768 2522 est

56 2553 201 2628 parabilis
219 2569 287 2610 eum
311 2553 421 2611 eisdem
435 2554 595 2627 vaporibus
618 2554 764 2612 ebulliens
787 2555 887 2613 omnia
939 2569 1063 2625 regnum
1075 2553 1213 2611 coelorum
1224 2555 1301 2626 quod
1312 2553 1599 2627 autumas.Cumque
1610 2555 1767 2627 proceden-

55 2642 106 2699 illa
120 2642 313 2699 tenebrarum
335 2642 400 2698 loca
418 2642 558 2715 replebat.
574 2644 691 2700 Etcum
716 2644 828 2701 diutius
843 2645 884 2701 ibi
939 2646 984 2698 tes
992 2642 1302 2699 transissemusethns
1311 2644 1462 2700 beatorum
1472 2644 1630 2716 spirituum
1641 2644 1769 2700 mansio·

56 2731 180 2807 pavidus
191 2730 396 2799 consisterem,
406 2734 507 2805 utpote
521 2732 653 2790 incertus
669 2733 739 2805 quid
755 2750 885 2806 agarem,
940 2747 1003 2801 nes,
1019 2732 1129 2804 aspicio
1144 2737 1211 2789 ante
1226 2749 1279 2788 nos
1295 2731 1387 2788 multo
1407 2734 1549 2804 maJ'orem
1564 2730 1685 2789 luminis
1700 2749 1767 2806 gra·

57 2825 426 2895 quovertaremgrcssurn,
438 2822 568 2894 quitinis
583 2838 630 2878 me
646 2823 885 2889 maneret,audio
939 2820 1012 2876 tiam
1028 2837 1117 2893 quam
1133 2821 1226 2893 prius.
1243 2822 1274 2877 ln
1291 2838 1348 2894 qua
1362 2822 1451 2877 etiam
1465 2838 1566 2877 vocem
1583 2821 1765 2878 cantantium

56 2909 190 2968 subitum
200 2913 268 2983 post
282 2915 364 2983 terga
378 2911 509 2967 sonitum
524 2910 733 2968 immanissimi
749 2912 835 2968 tletus
852 2928 886 2968 ae
939 2907 1145 2966 dulcissimam
1158 2909 1267 2966 audivi.
1279 2910 1335 2966 Sed
1348 2913 1377 2966 et
1387 2909 1485 2966 odoris
1497 2910 1687 2983 fragrantium
1699 2910 1766 2965 miri

57 2999 229 3067 miserrimi,
245 2999 336 3057 simut
351 3003 380 3056 et
399 2999 575 3055 cachinnum
592 2999 783 3072 crepitantem
800 3001 885 3073 quasi
940 3002 1023 3053 tanta
1033 2998 1068 3054 da
1083 2996 1146 3055 loco
1157 2999 1372 3071 effundebatur,
1384 3003 1417 3055 ut
1431 2999 1467 3068 is,
1479 3016 1566 3073 quem
1577 3003 1645 3056 ante
1660 2999 1765 3072 degus-

57 3089 137 3163 vulgi
151 3088 264 3146 indocti
278 3087 374 3161 captis
389 3087 524 3145 hostibus
539 3088 719 3144 insultantis.
940 3090 1007 3142 tans
1023 3087 1107 3158 quasi
1124 3087 1285 3143 maximum
1308 3088 1402 3156 rebar,
1411 3089 1475 3159 jam
1492 3089 1680 3161 permodicus
1695 3088 1767 3144 mihi

91 3179 128 3236 ut
142 3182 244 3235 autem
259 3178 375 3235 sonitus
398 3177 476 3233 idem
498 3176 603 3234 clarior
619 3177 752 3234 redditus
777 3180 812 3235 ad
839 3195 887 3236 me
902 3156 923 3224 C
942 3177 1014 3232 odor
1027 3175 1186 3245 videretur,
1202 3177 1280 3232 sieut
1293 3176 1380 3232 etiam
1395 3175 1447 3232 lux
1461 3176 1511 3231 illa
1525 3177 1622 3249 campi
1637 3177 1769 3233 tlcrentis

59 3284 153 3341 usque
167 3267 313 3340 parvenit,
324 3267 478 3325 considero
491 3267 609 3323 turbam
621 3267 819 3340 malignorum
831 3268 890 3341 spi·
942 3265 1060 3332 eximia,
1077 3264 1107 3319 in
1122 3265 1341 3337 comparatione
1354 3266 1420 3336 ejus
1437 3281 1502 3336 quae
1525 3281 1604 3321 nune
1620 3264 1767 3337 apparuit,

61 3357 186 3424 diuum,
200 3370 264 3427 quc
287 3356 414 3429 quinque
433 3355 548 3413 animas
562 3356 718 3413 hominum
742 3362 888 3414 merentes
941 3352 1017 3410 lucis
1033 3352 1208 3409 tenuissima
1220 3369 1340 3424 prorsus
1352 3353 1508 3408 videbatur
1521 3357 1550 3409 ει
1563 3369 1662 3425 parva.
1674 3352 1707 3409 ln
1717 3369 1768 3408 cu·

62 3444 266 3519 ejulantesque
279 3445 342 3518 ipsa
358 3445 485 3503 multum
501 3444 650 3503 exsultans
665 3450 693 3503 et
707 3446 887 3502 cachinnans
938 3442 990 3514 jus
1007 3442 1204 3498 amoenitatem
1219 3441 1275 3498 loei
1286 3458 1354 3498 eum
1365 3457 1418 3497 nos
1431 3441 1592 3498 intraturos
1607 3456 1767 3513 sperarem,

64 3534 173 3591 medias
184 3532 435 3591 illastrabebatin
447 3535 624 3591 tenebrasti
636 3534 889 3607 quibusvidelieet
942 3536 1061 3604 repente
1075 3532 1179 3587 ductor
1197 3530 1342 3587 subsistit.
1358 3530 1416 3587 Nec
1441 3546 1536 3599 mora;
1562 3546 1696 3604 gressum
1723 3547 1768 3586 re·

66 3622 244 3692 bominibus,
254 3627 288 3680 ut
296 3624 468 3698 dignoscere
483 3625 575 3697 potui,
585 3624 706 3696 quidam
717 3629 780 3681 crat
794 3628 888 3680 atton·
941 3625 1083 3693 torquens
1096 3621 1160 3694 ipsa
1176 3638 1222 3677 me
1237 3637 1296 3692 qua
1306 3621 1442 3677 venimus
1456 3620 1503 3676 via
1516 3621 1641 3676 reduxit.

70 3727 113 3768 sus
129 3717 163 3769 ut
189 3711 325 3783 clericus,
340 3713 462 3785 quidam
486 3711 591 3781 laicus,
607 3715 741 3786 quadam
767 3713 886 3770 lamina.
977 3717 1107 3783 Cumque
1117 3710 1514 3783 roversipervenisscmusad
1523 3710 1692 3767 mansiones
1702 3709 1769 3766 illas

72 3801 222 3860 trabentes
237 3807 336 3860 autem
347 3818 397 3860 eos
408 3802 529 3875 maligni
541 3803 663 3876 spiritus
673 3803 889 3860 descenderunt
940 3800 1023 3857 letas
1035 3800 1192 3874 spirituum
1205 3800 1439 3866 candidatorum,
1448 3799 1519 3856 dicit
1528 3800 1617 3855 mihi:
1631 3800 1694 3857 Scis
1705 3816 1768 3872 qua

74 3888 99 3945 in
109 3892 237 3948 medium
253 3891 383 3948 barathri
398 3891 480 3949 illius
495 3893 636 3949 ardentis.
650 3896 829 3966 Factumque
844 3897 889 3949 est
943 3890 1003 3946 sint
1018 3889 1075 3946 ista
1085 3890 1185 3948 emnia
1196 3906 1259 3962 quac
1274 3889 1393 3946 vidisti?
1406 3889 1553 3962 Respondi
1568 3905 1621 3962 ego
1632 3906 1639 3944 :
1650 3889 1771 3945 Non.·l}t

78 3982 199 4052 etcum,
225 3980 344 4055 longius
372 3982 568 4038 subeuntibus
590 3981 642 4053 eis,
666 3983 767 4039 lletum
791 3982 887 4038 homi·
942 3977 1105 4035 aittvallis
1115 3979 1280 4051 ista‚quam
1296 3979 1437 4052 aspexisti
1448 3977 1576 4035 flammis
1591 3978 1770 4035 ferventibus

10 4056 13 4129 ἶ
80 4081 134 4125 uam
147 4075 177 4126 et
191 4069 288 4127 risum
298 4071 511 4128 demoniorum
522 4071 599 4127 clare
610 4070 775 4128 discerncre
790 4070 890 4143 nequi·
943 4073 972 4125 et
986 4068 1144 4142 frigoribus
1160 4068 1306 4125 horrenda
1317 4068 1432 4141 rigidis,
1442 4069 1506 4141 ipse
1517 4073 1561 4124 cst
1572 4067 1655 4124 locus
1670 4066 1699 4122 in
1710 4083 1769 4138 quo

10 4150 19 4221 Ῐ
83 4169 261 4229 ῐιῑε,εοηιιιη
274 4161 374 4215 amen
397 4159 495 4216 adhue
513 4159 689 4232 permistum
712 4160 743 4216 in
767 4160 889 4217 auribus
943 4157 1144 4214 examinanda
1154 4159 1183 4212 et
1194 4156 1370 4230 castiganda
1381 4161 1451 4214 sunt
1461 4157 1566 4214 animas
1577 4155 1695 4213 illorum
1706 4155 1768 4228 qui,

10 4240 21 4249 ’
85 4240 212 4304 laborem.
228 4248 345 4305 Interea
368 4249 564 4305 ascenderunt
586 4248 706 4321 quidem
730 4249 889 4322 spirituum
944 4247 1111 4303 differentes
1125 4246 1255 4302 confiteri
1271 4250 1300 4302 ct
1318 4247 1474 4303 emandare
1488 4244 1599 4303 scelera
1613 4263 1676 4319 que
1690 4245 1769 4302 lece·

10 4332 21 4340 ’
86 4330 257 4394 alsenrorum
274 4338 311 4393 da
336 4339 441 4410 abysso
455 4336 506 4393 ille
520 4337 729 4405 flammivoma,
746 4341 775 4394 et
788 4354 889 4393 accur·
945 4340 1022 4403 runt,
1038 4334 1068 4391 in
1083 4334 1147 4407 ipso
1161 4336 1279 4392 tandem
1307 4336 1411 4392 mortis
1436 4334 1558 4391 articulo
1574 4336 1610 4391 ad
1626 4335 1768 4408 poeniten-

10 4414 25 4493 ‚¹
87 4426 598 4498 nubseircumdcdaruntmeatque,
609 4425 890 4483 oeulistlsmmanti·
944 4425 1016 4481 tiam
1034 4424 1207 4496 confugiunt
1224 4423 1309 4479 etsie
1333 4424 1370 4479 dc
1392 4439 1513 4496 corpore
1527 4427 1643 4480 exeunt.
1655 4421 1709 4488 Qui
1722 4426 1769 4477 ta-

10 4506 26 4577 .”
88 4507 133 4583 las,
146 4520 174 4573 et
189 4517 226 4574 de
240 4530 292 4574 cre
307 4533 340 4573 ae
355 4516 477 4572 naribus
494 4516 593 4590 ignem
608 4515 744 4589 putidum
759 4516 892 4573 efflantes
906 4526 930 4592 Ι)
945 4513 1361 4586 men,quiaconlessionemet
1371 4512 1571 4585 poenitentiam
1581 4511 1626 4567 vel
1637 4510 1665 4566 in
1678 4515 1772 4566 morta

10 4651 28 4663 ..
87 4605 222 4676 tegebant.
234 4605 536 4679 Foreipibusquoque
551 4605 656 4679 igneis,
668 4621 742 4676 quos
753 4605 893 4662 tenebant
947 4606 1080 4678 egerunt,
1092 4618 1195 4659 omnes
1210 4603 1240 4658 in
1256 4602 1303 4657 die
1320 4601 1425 4674 judicii
1440 4602 1476 4656 ad
1492 4616 1616 4673 regnum
1630 4599 1770 4655 coelorum

87 4685 259 4769 limacibus,
275 4694 491 4752 minitabantur
505 4710 552 4751 me
566 4693 823 4768 comprehendere,
837 4710 891 4750 nee
946 4693 1129 4766 perveniunt.
1141 4690 1249 4748 llultoe
1263 4695 1361 4747 autem
1378 4707 1412 4745 ex
1426 4688 1468 4745 eis
1484 4705 1583 4760 preces
1598 4688 1769 4753 viventium,

85 4778 161 4841 hncn
182 4800 231 4842 me
255 4784 404 4843 ullatenus
431 4783 610 4857 contingere,
632 4784 749 4839 tametsi
771 4788 891 4852 terrere,
945 4786 974 4838 et
985 4781 1217 4853 eleemosynam
1225 4779 1381 4852 jeJunia‚st
1391 4778 1519 4834 maxime
1529 4776 1687 4834 celebratio
1703 4775 1771 4832 mis-

81 4875 292 4941 presumebant.
300 4874 355 4940 Qui
363 4891 432 4931 eum
443 4874 574 4946 undique
584 4873 719 4930 hostibus
728 4874 892 4929 etcaeeitata
946 4887 1058 4940 sarum,
1069 4875 1100 4926 ut
1113 4870 1201 4926 etiam
1216 4868 1370 4925 antediem
1386 4867 1488 4939 judicil
1501 4866 1673 4936 liberentur,
1684 4866 1770 4938 adju-

81 4960 251 5023 tcuebraram
267 4963 424 5022 conclusus
439 4963 498 5020 huc
512 4959 751 5035 illucquaoeulos
765 4962 892 5017 circum·
946 4965 1025 5017 vant.
1042 4960 1129 5015 Porro
1158 4962 1265 5032 putens
1286 4957 1334 5014 ille
1354 4957 1571 5014 flammivomus
1592 4973 1625 5012 ae
1648 4955 1770 5029 putidus

77 5045 178 5125 ssmm,
190 5054 217 5114 si
232 5054 309 5112 torte
324 5052 459 5111 alicunde
470 5052 541 5126 quid
555 5050 669 5123 auxilii,
678 5068 736 5125 quo
752 5051 891 5118 salvarer,
946 5066 1035 5122 quem
1045 5048 1144 5105 vidisti
1158 5047 1256 5122 ipsum
1267 5051 1312 5103 est
1325 5064 1358 5103 os
1370 5046 1520 5121 gehenne,
1532 5046 1562 5102 in
1577 5062 1636 5117 quo
1647 5045 1773 5117 quicun-

76 5140 221 5217 advaniret,
233 5142 371 5218 apparuit
394 5146 471 5199 retro
494 5141 550 5215 via,
562 5158 621 5213 qua
642 5157 789 5214 veneram,
806 5140 891 5214 quasi
947 5156 1003 5213 que
1018 5138 1108 5195 semel
1124 5137 1268 5202 inciderit,
1279 5152 1432 5209 nunquam
1444 5136 1512 5192 inde
1522 5134 1704 5192 liberabitur.
1717 5134 1770 5190 Lo·

72 5227 158 5307 fulgor
170 5232 262 5292 atelle
272 5232 411 5290 micantis
421 5232 498 5289 inter
513 5231 659 5300 tenebras,
672 5247 736 5304 qua
748 5230 891 5304 paulatim
946 5244 998 5285 eus
1012 5244 1078 5284 vero
1093 5225 1149 5283 iste
1164 5225 1273 5282 tloriter
1287 5225 1317 5281 in
1328 5242 1386 5297 quo
1397 5223 1625 5298 pulcherrimam
1633 5223 1772 5292 juventu·

71 5334 198 5380 amoena
211 5326 242 5380 ct
256 5323 293 5379 ad
306 5338 353 5378 me
363 5323 444 5379 ocius
459 5321 602 5379 testinans
612 5321 662 5378 ubi
678 5319 893 5395 appropinqua·
947 5322 1006 5374 tem
1018 5315 1173 5389 jocundari
1190 5332 1223 5371 ac
1238 5313 1349 5388 fulgere
1364 5311 1520 5385 conspicis,
1532 5311 1595 5384 ipse
1607 5315 1653 5368 est
1667 5311 1697 5367 in
1713 5328 1770 5385 quo

69 5408 247 5488 rit,dispersi
263 5414 334 5469 sunt
345 5415 374 5469 et
384 5411 561 5485 aufugerunt
571 5424 674 5468 omnes
687 5410 736 5483 qui
749 5426 795 5466 me
806 5409 891 5465 torci·
946 5405 1123 5478 recipientur
1137 5404 1241 5461 anima
1251 5421 1351 5461 eorum
1363 5403 1413 5476 qui
1429 5403 1458 5458 in
1475 5400 1559 5458 bonis
1569 5401 1689 5474 quidem
1700 5419 1768 5475 ope·

66 5502 151 5575 pibus
164 5518 269 5579 rapere
285 5503 456 5576 querebant
465 5500 588 5576 spiritua
600 5498 711 5557 infesti.
727 5497 777 5555 llle
792 5502 891 5555 autern
946 5497 1029 5554 ribus
1046 5496 1081 5552 de
1096 5511 1216 5568 corpore
1238 5496 1359 5561 exeunt3
1385 5509 1443 5550 non
1469 5496 1566 5548 nmen
1589 5496 1660 5549 sunt
1680 5495 1769 5548 tantas

64 5593 114 5667 qui
126 5593 290 5654 adveniens
303 5610 354 5653 eos
368 5592 481 5667 fugavit
494 5594 556 5649 erat
569 5591 633 5665 ipse
642 5589 694 5664 qui
703 5604 752 5647 me
761 5592 829 5645 anta
840 5589 893 5645 du·
946 5584 1180 5661 perfectionis,ut
1188 5585 1218 5645 in
1229 5599 1352 5659 regnum
1361 5581 1501 5642 eoelorum
1512 5582 1611 5641 statim
1622 5581 1758 5640 introduc
