3892 6096
112 242 174 310 ssa
631 238 635 244 ’
693 236 757 308 'uu
779 235 1231 314 uocualul‘sllnlr‘ullu.
1761 244 1821 319 me

114 378 175 436 XV.
187 376 319 444 Qualiter
327 374 394 451 post
408 370 592 452 egritudinis
604 378 689 436 rarle
697 378 813 452 dagella
827 378 864 436 ad
880 395 942 435 mo·
956 388 984 448 Α
999 379 1055 436 Par
1068 381 1107 438 sit
1120 382 1270 453 medestae,
1287 399 1341 456 par
1351 398 1460 442 numen
1475 389 1503 441 et
1517 398 1577 442 una
1591 389 1731 460 potestas,

152 466 473 540 nesticaproiessiouIs
489 465 560 524 redii
574 472 651 523 vota.
998 470 1132 526 Personis
1146 471 1252 540 trinus,
1269 472 1346 530 ileos
1360 473 1390 528 in
1406 472 1529 531 decitate
1543 476 1593 532 sed
1607 492 1695 532 unus.

114 555 187 613 XVI.
204 555 348 620 Quianon
363 554 460 612 solum
476 557 573 630 palam
591 556 750 630 professus,
779 557 831 614 aed
852 557 941 614 etiem
996 559 1054 614 lloc
1067 575 1186 632 quoque
1198 561 1386 630 credendum,
1403 579 1536 636 puraque
1551 565 1608 620 ilde
1623 564 1820 634 retinendum,

150 645 247 719 quivis
257 644 371 703 occulte
380 644 942 719 mundoabrenuntians3illiciterepetat
996 648 1077 713 Quod
1092 647 1221 704 Verbum
1237 649 1340 723 Patris,
1357 649 1489 707 Salvator
1505 650 1617 709 scilicet
1631 654 1710 711 orbis

150 736 304 792 mundana
996 740 1036 792 Ac
1059 737 1200 794 Dominus
1215 742 1324 805 noster,
1340 755 1494 812 perquem
1510 746 1580 798 sunt
1595 746 1700 800 cuncta
1713 746 1820 815 creata,

110 823 668 897 XVIIQuantapsrioulatentationIsiu
679 823 941 898 Initioportularim
995 825 1068 882 Cum
1084 826 1309 896 foroiulanus,
1324 832 1393 885 ante
1407 830 1507 886 amula
1522 830 1630 887 saeonla
1642 837 1731 890 natus

149 913 360 971 conversionis.
996 913 1187 988 AEqualisque
1203 916 1279 972 Patri
1290 933 1343 989 pro
1358 918 1512 990 majestate
1528 920 1659 991 perenni,

111 1003 211 1060 XVIII.
222 1003 304 1071 Quod
314 1002 374 1059 haeo
387 1007 494 1059 cuncta
508 1005 544 1060 ad
557 1003 669 1061 clerum
689 1005 767 1061 diota
783 1020 841 1060 uon
858 1003 942 1060 aliter
996 1004 1149 1077 Temporis
1163 1005 1193 1060 in
1209 1005 1267 1062 line
1282 1005 1393 1064 missus
1408 1006 1553 1064 Genitor-is
1569 1009 1605 1065 ab
1620 1023 1696 1077 arce,

149 1110 167 1148 a
181 1109 230 1150 me
243 1092 301 1149 ulsi
315 1092 522 1165 compatientis
537 1109 635 1150 amore
650 1094 711 1150 sint
725 1092 849 1167 prolata.
997 1091 1034 1148 Ut
1048 1110 1102 1149 nos
1113 1095 1149 1149 de
1162 1095 1291 1151 tenebris
1310 1099 1457 1152 revocaret
1471 1096 1654 1169 perdItIonis‚

112 1181 184 1239 XIX.
201 1181 368 1238 Admonitio
383 1180 473 1238 etiam
488 1182 565 1238 lauta
576 1182 611 1239 ad
627 1181 727 1239 laicos.
996 1182 1097 1238 curule
1109 1199 1186 1239 onus
1199 1199 1272 1240 vere
1284 1184 1447 1258 susceperit
1458 1201 1493 1241 ex
1507 1185 1648 1255 muliere;

112 1271 171 1328 XX.
188 1271 263 1337 Quia
277 1270 349 1326 nihil
364 1274 478 1326 eterna
502 1270 591 1327 saluti
614 1273 837 1343 proponendum
853 1271 902 1342 sit,
997 1269 1064 1334 Quae
1079 1274 1177 1327 tamen
1189 1271 1298 1328 intacta
1312 1273 1474 1346 permansit
1488 1278 1517 1331 et
1531 1275 1678 1342 inviolata,

112 1359 186 1416 XXI.
204 1363 243 1416 De
259 1357 315 1415 cibi
330 1361 476 1431 putusque
490 1359 631 1432 parcitate
645 1360 797 1416 servanda.
997 1358 1110 1415 Gaudia
1121 1360 1232 1417 habens
1246 1361 1349 1417 matris
1365 1379 1432 1418 cum
1443 1366 1599 1420 stemmate
1621 1364 1818 1438 virginitatis;

111 1449 198 1506 XXII.
208 1449 251 1506 De
265 1448 362 1504 somni
372 1449 470 1520 quiete
485 1450 685 1520 temperanda.
997 1447 1140 1505 Posthac
1156 1449 1185 1505 in
1200 1450 1286 1506 terris
1300 1450 1410 1523 degens
1425 1451 1481 1507 sub
1497 1452 1626 1526 imagine
1640 1453 1737 1510 carnis

114 1537 216 1595 XXIII.
232 1537 274 1594 Da
288 1537 453 1609 abjiciendo
468 1537 602 1610 pretiosae
617 1538 708 1595 vestis
719 1537 809 1595 cultu.
996 1537 1114 1610 Absque
1129 1538 1195 1595 dolo
1209 1539 1299 1594 vitam
1313 1537 1394 1597 solus
1404 1540 1580 1614 transegerit
1591 1541 1679 1598 istam
1687 1560 1698 1605 ,·

113 1626 209 1684 XXIV.
220 1627 262 1683 De
274 1626 350 1683 uana
363 1625 459 1699 gloria
467 1627 617 1700 fugienda.
998 1626 1032 1682 lut
1045 1642 1103 1698 quo
1119 1628 1271 1701 perliceret
1285 1629 1371 1700 cujus
1386 1646 1475 1686 causa
1489 1630 1674 1704 adveniebat,

114 1714 198 1774 XXV.
215 1720 256 1773 De
270 1715 428 1773 obdiauIIa.
996 1716 1052 1772 Pro
1068 1715 1266 1790 mundiculpa
1281 1734 1387 1792 passus
1402 1717 1575 1779 discrimina
1589 1720 1683 1778 multa

115 1805 212 1864 XXVI.
242 1805 325 1871 Quod
352 1822 404 1879 pro
428 1805 516 1862 rebus
544 1805 653 1875 dubIIs,
680 1805 943 1878 quasuilprodest
997 1804 1155 1861 Mortesua
1169 1806 1269 1879 prime
1285 1806 1430 1863 destruxit
1441 1809 1511 1880 jura
1524 1808 1631 1878 ruinae;

148 1896 236 1967 scira,
249 1911 310 1951 non
321 1894 361 1950 sii
374 1894 496 1967 queastio
511 1894 655 1962 iacienda,
996 1897 1090 1966 Atque
1105 1895 1283 1968 resurgendo
1299 1896 1411 1953 dederit
1423 1897 1546 1969 vestigia
1560 1899 1680 1968 mundo,

116 1983 304 2052 XXVIIQuia
314 1982 396 2040 iacile
407 1983 436 2037 iu
453 2000 484 2038 ro
499 1982 654 2040 notissima
664 1987 693 2039 et
708 1987 809 2057 aperta
819 1987 942 2054 erretur,
996 1982 1037 2038 Ne
1053 1983 1120 2056 quis
1133 1984 1267 2057 desporet
1281 1986 1458 2059 quandoque
1473 2003 1626 2060 resurgere
1640 1991 1753 2059 semaI;

151 2073 211 2131 nisi
225 2073 312 2130 bonis
327 2071 464 2145 operibus
479 2072 609 2129 veritatis
620 2072 743 2130 scientia
754 2073 944 2129 conllrmetur
997 2071 1078 2136 Quod
1095 2071 1210 2129 rediens
1225 2073 1306 2129 coelis
1322 2075 1404 2131 sedet
1417 2075 1452 2131 ad
1468 2076 1600 2132 dextram
1616 2078 1775 2147 Genitoris‚

117 2162 243 2221 XXVIII.
257 2162 298 2220 De
313 2160 556 2235 concupiscentiae
571 2161 699 2219 carnaiis
713 2161 874 2219 tentatione
893 2176 942 2218 su·
998 2159 1067 2217 lade
1082 2162 1241 2218 revertenti
1256 2179 1323 2219 cum
1339 2167 1453 2236 sceptro
1464 2163 1599 2235 judiciali

149 2251 292 2326 peranda
998 2247 1128 2306 Reddere
1142 2250 1178 2306 de
1197 2250 1281 2308 lactis
1296 2252 1438 2309 rationem
1455 2254 1559 2311 debeat
1573 2254 1680 2322 omnis,

117 2341 216 2399 XXIX.
231 2340 275 2398 De
288 2339 408 2397 honoris
419 2343 450 2397 et
461 2339 605 2413 palmatus
620 2338 779 2396 ambitione
793 2338 940 2412 fugienda.
998 2339 1334 2411 Promeritbqusvicem
1344 2341 1825 2419 capiattuncquisqueperenuam,

118 2430 198 2488 XXX.
215 2429 299 2496 Quod
312 2429 382 2486 licet
394 2427 529 2486 homiues
544 2429 674 2501 potentia
684 2428 856 2498 abutantur,
866 2430 945 2500 pote-
1264 2446 1473 2505 CgpppULUM
1489 2449 1538 2504 111·

151 2524 247 2576 XM
255 2523 354 2576 “¹³⁸³
368 2534 386 2574 ⁸
399 2517 523 2575 D⁰mi¹¹⁰
531 2516 612 2589 Ju⁸t⁰
624 2518 741 2574 dantui-
924 2605 930 2616 ι
1000 2540 1072 2607 Quia
1087 2541 1232 2597 debeamus
1241 2536 1360 2604 credere,
1376 2538 1431 2592 ileo
1445 2536 1561 2609 utiquam
1577 2537 1685 2609 aliquid
1698 2554 1748 2596 aec
1770 2537 1829 2596 dici

120 2608 216 2667 XXXI.
229 2607 358 2673 Qualiter
376 2607 413 2664 ad
428 2610 601 2680 potestatem
617 2606 742 2680 quisque
770 2621 943 2680 promoveri,
1281 2624 1332 2664 nec
1344 2609 1496 2680 excapitari
1506 2624 1592 2680 posse.

154 2704 183 2756 et
197 2714 253 2756 cur
267 2697 376 2755 iterum
391 2696 493 2753 eadam
507 2696 610 2753 debeat
624 2694 760 2769 relinqui.
999 2701 1072 2757 ilinc
1087 2699 1177 2773 Igitur
1191 2713 1303 2770 nequeo
1317 2696 1369 2752 tibi
1384 2696 1510 2753 multum
1536 2698 1664 2771 pandere
1691 2699 1788 2769 verbo,

121 2786 231 2845 XXXII.
246 2784 333 2852 Quali
346 2802 417 2843 cura
427 2801 491 2842 sese
505 2789 535 2842 et
549 2786 724 2843 commissos
740 2787 834 2841 rector
856 2799 946 2841 unus·
999 2789 1057 2847 Nec
1068 2789 1140 2845 satis
1152 2786 1288 2859 amplecti
1303 2786 1391 2842 datur
1405 2786 1460 2842 hoc
1474 2790 1580 2843 nostre
1592 2787 1698 2844 rationi

153 2877 282 2951 quisque
297 2875 402 2932 debeat
411 2873 569 2931 custodire.
998 2878 1040 2935 De
1054 2895 1112 2951 quo
1127 2877 1175 2932 via
1189 2875 1300 2948 aliquid
1315 2875 1442 2946 perlecta
1456 2875 1576 2932 scientia
1594 2876 1695 2933 sentit.

122 2966 243 3024 XXXIII.
260 2964 302 3022 Do
316 2963 492 3022 discretonis
504 2963 620 3021 virtuts.
999 2967 1051 3022 VIs
1066 2965 1173 3022 etenim
1190 2968 1273 3022 tauta
1287 2968 1387 3020 manet
1401 2963 1430 3019 ln
1446 2964 1553 3022 virtute
1568 2979 1697 3039 superna

120 3054 239 3113 XXXIV.
268 3057 309 3111 Ite
337 3068 371 3110 eo
387 3053 464 3126 quod
480 3050 590 3122 nullus,
610 3051 792 3126 quantalibet
801 3049 946 3124 sapientia
1001 3055 1047 3122 Ut,
1064 3052 1419 3127 quovIsvaleathcminis
1433 3054 1588 3126 procedere
1603 3070 1719 3121 sensus,

152 3144 197 3203 sal
211 3143 373 3201 vlrtutibus
387 3141 506 3211 ditatur,
522 3156 553 3198 se
567 3142 597 3197 iu
625 3141 761 3214 presenti
784 3142 845 3198 vita
863 3125 982 3198 secu-G
1000 3145 1036 3201 Εἰ
1051 3147 1139 3216 quota
1152 3143 1190 3200 sii
1204 3141 1306 3214 lingua
1320 3141 1428 3197 divims
1437 3139 1575 3197 laudibus
1591 3147 1669 3214 apta,

151 3251 221 3291 rum
236 3232 458 3307 psalmumque
474 3230 641 3287 arbitretur.
1002 3232 1048 3289 Nil
1065 3231 1122 3288 nisi
1138 3229 1298 3287 scintillam
1313 3229 1360 3284 vix
1376 3243 1508 3300 promere
1518 3228 1613 3300 possit
1627 3233 1657 3285 et
1670 3228 1773 3285 illam:

121 3322 227 3382 XXXV.
243 3327 285 3379 Da
310 3319 449 3380 orationis
478 3319 620 3376 instantia
639 3322 669 3376 et
686 3320 756 3392 quia
770 3336 856 3376 nemo
870 3318 947 3376 diffl-
1003 3321 1077 3389 Quid
1094 3335 1217 3393 persona
1228 3318 1288 3386 Dei,
1304 3316 1375 3388 quid
1392 3315 1430 3372 sit
1444 3315 1612 3371 substantia
1633 3315 1755 3382 summi,

152 3415 226 3471 dere
241 3408 346 3468 debeat
358 3410 394 3466 da
408 3409 460 3466 liei
475 3408 686 3465 misericordia.
1003 3406 1186 3481 Quidquidid
1195 3410 1249 3477 est,
1259 3404 1329 3478 quid
1339 3403 1465 3476 quisque
1474 3402 1828 3476 potestisthincreoitare‚

122 3497 253 3558 XXXVI.
281 3497 361 3563 Quod
387 3495 615 3554 conversationis
645 3499 753 3552 sancta
777 3493 895 3551 Initium
909 3495 948 3551 sit
1004 3499 1096 3555 lmmo
1112 3496 1199 3553 allam
1213 3497 1357 3567 quantum
1368 3493 1462 3566 possit
1470 3493 1601 3549 mundus
1616 3490 1704 3549 simul
1719 3491 1827 3561 omnia,

153 3585 291 3659 difficile,
308 3586 356 3644 sed
367 3586 490 3659 juvante
504 3584 619 3642 GbrIsto
635 3585 717 3642 labor
730 3583 873 3658 levigetur
884 3600 949 3657 per·
1003 3587 1147 3645 collatum
1163 3583 1284 3641 ltchnc
1296 3581 1462 3638 ratiuncula
1470 3583 1537 3653 jure
1551 3585 1681 3638 vocatur.

156 3674 341 3738 mennae.
1004 3676 1087 3734 Unde
1101 3691 1166 3731 reor
1179 3673 1309 3746 primum
1324 3687 1376 3744 pro
1391 3668 1562 3728 credulitate
1572 3669 1725 3727 sciendum

127 3765 257 3827 XXXVII.
274 3765 350 3835 Quia
364 3762 438 3821 nulli
454 3764 559 3820 debeat
573 3763 767 3837 lncougruum
778 3761 821 3819 sel
840 3761 949 3818 mirum
1004 3765 1045 3822 De
1058 3763 1182 3821 Domino
1192 3759 1308 3818 nullum
1324 3776 1377 3817 nos
1392 3759 1479 3832 digne
1490 3774 1576 3833 posse
1591 3758 1740 3832 loquelam

156 3856 250 3914 videri
264 3854 346 3929 quod
358 3857 460 3910 mutus
473 3853 556 3910 labor
570 3856 675 3926 agatur
690 3850 949 3924 provitaparenni.
1006 3855 1062 3911 Sed
1077 3868 1130 3910 neo
1144 3855 1242 3908 ments
1257 3849 1321 3922 capi
1334 3848 1457 3923 dignum
1475 3848 1544 3922 quid
1561 3848 1692 3922 priupra
1705 3847 1771 3904 tali.

128 3945 276 4005 XXXVIII.
289 3942 330 4000 bt
340 3942 473 4000 diuinum
487 3958 562 4016 opus
576 3957 644 3998 cum
674 3957 725 4014 spe
748 3939 951 3997 retributionis
1005 3942 1079 3999 Cum
1093 3941 1180 4014 longe
1194 3938 1302 3995 melius
1319 3938 1417 3995 animo
1433 3953 1525 4010 quam
1536 3952 1606 3995 voce
1620 3937 1731 3995 feratur

159 4041 274 4094 amane
284 4031 411 4090 fideliter
424 4031 572 4104 agendum
587 4030 636 4087 sit.
1005 4031 1060 4088 Ius
1075 4031 1143 4087 iidei
1157 4045 1230 4086 veru
1244 4027 1392 4101 compellit
1402 4044 1456 4084 nos
1475 4027 1638 4100 perhibere.

131 4121 247 4180 XXXIX.
257 4119 427 4178 babortstio
451 4119 597 4192 geuermis
612 4135 664 4191 pro
678 4117 777 4176 labore
797 4117 879 4192 regui
895 4133 951 4173 cos·
1005 4125 1079 4176 Nam
1094 4119 1333 4192 quotiesjustum
1348 4116 1552 4183 metuendum,
1570 4115 1631 4173 sive
1659 4115 1831 4189 benignum,
1942 4193 1944 4197 .

162 4210 258 4269 lastis.
1005 4212 1064 4265 Aut
1078 4207 1188 4280 aliquid
1203 4206 1259 4262 tale
1272 4205 1461 4278 perhibemus
1476 4205 1512 4261 ab
1528 4204 1753 4277 Omnipotente;

330 4297 539 4356 dealbatura
558 4296 711 4355 PRIMUM.
1006 4296 1070 4355 Non
1080 4301 1180 4353 tamen
1195 4297 1273 4351 hunc
1288 4295 1353 4351 ideo
1368 4294 1523 4368 explanare
1536 4294 1669 4350 valemus

249 4389 357 4462 Incipit
371 4388 481 4446 libellus
494 4386 527 4444 de
540 4387 665 4444 doctriua
686 4384 830 4459 spirituaii
1013 4388 1161 4453 Quantum
1177 4400 1266 4441 causa
1279 4384 1362 4457 petit,
1378 4383 1471 4439 virtus
1486 4386 1516 4440 at
1529 4386 1612 4439 tanta
1630 4386 1759 4439 meretur
1771 4399 1778 4450 ;

138 4478 213 4536 blant
227 4478 268 4537 ait
281 4477 390 4535 Paulus
403 4476 502 4534 divim
511 4475 574 4550 legs
587 4476 745 4549 probatus:
969 4495 994 4561 p)
1010 4476 1066 4532 Sed
1082 4475 1152 4548 qnia
1167 4473 1293 4546 perfecte
1302 4470 1385 4529 nulla
1398 4471 1514 4544 capItur
1532 4470 1644 4528 ratique

138 4567 258 4641 Spiritus
272 4571 320 4625 est
333 4565 402 4640 vita,
417 4580 497 4624 mors
509 4566 605 4622 caruis
615 4562 822 4638 Philosophia;
1011 4564 1127 4621 Suiiloit
1141 4563 1196 4620 hoc
1210 4561 1340 4630 sibimet,
1355 4560 1425 4632 quid
1442 4563 1543 4615 nostra
1564 4557 1692 4615 valentia
1712 4557 1841 4630 praebet·

73 4724 75 4731 Ι
141 4654 205 4714 ilinc
219 4655 294 4715 satis
307 4655 414 4714 imbuti
427 4654 578 4728 fugiamus
588 4655 727 4727 dogmata
737 4651 850 4719 mundi,
1011 4652 1093 4710 Siout
1108 4650 1255 4708 clementi,
1271 4666 1329 4705 non
1344 4652 1486 4720 tanquam
1503 4645 1592 4702 ullius
1607 4646 1703 4719 egenti
1719 4671 1726 4715 ;

73 4744 75 4755 '
142 4743 169 4802 u
177 4747 261 4818 juxta
274 4745 352 4802 viras
365 4743 474 4803 Christi
487 4744 663 4801 documenta
677 4744 844 4815 sequentes,
1010 4742 1081 4814 Ejus
1096 4740 1203 4813 quippe
1219 4738 1283 4794 sitis
1299 4739 1406 4793 nostre
1421 4736 1455 4792 llt
1468 4751 1558 4792 causa
1572 4734 1676 4792 salutis

73 4882 75 4909 ;
143 4833 273 4904 mutuet,
289 4832 422 4905 elector,
435 4848 524 4906 quem
534 4832 656 4906 spiritus
670 4831 775 4888 excitat
789 4829 885 4900 ardor,
1012 4831 1075 4896 Qua
1085 4846 1139 4886 uos
1155 4832 1260 4885 aterno
1275 4825 1338 4883 vult
1350 4841 1450 4882 secum
1464 4826 1571 4882 ducere
1582 4841 1683 4898 regno,

145 4921 312 4982 incedamus
325 4923 380 4981 iter
394 4923 472 4996 quod
485 4939 538 4980 nos
553 4922 638 4979 docet
653 4919 702 4977 illa
717 4919 876 4993 magister;
1014 4918 1196 4991 Nos‚quibus
1206 4915 1361 4972 arbitrium
1370 4914 1521 4971 consertio
1537 4918 1662 4987 utroque
1673 4912 1836 4971 tenendum

144 5009 192 5071 tea
204 5012 277 5086 quis
283 5012 441 5070 credulitas
455 5011 545 5068 totius
555 5025 674 5068 summa
686 5012 803 5065 tenetur
1014 5010 1072 5065 Aut
1087 5009 1231 5080 precepta
1245 5005 1303 5077 sui,
1318 5004 1363 5061 vel
1377 5006 1444 5061 vota
1453 5004 1603 5061 attendere
1617 5003 1720 5061 nostrl.

144 5097 270 5175 Itquasi
285 5101 464 5175 principium
479 5101 583 5157 diviua
596 5098 670 5172 legis
684 5097 827 5155 babetur:
1327 5108 1534 5167 cgpffqqmq
1544 5109 1591 5166 qv,

145 5186 245 5248 ΝΜ
258 5193 307 5247 ⁰³²
319 5190 423 5248 merim
434 5189 541 5247 Miris
551 5186 696 5246 ⁸0¹'m01152
708 5185 799 5260 ⁰V80·
1020 5203 1075 5261 dur
1101 5203 1182 5271 Deus,
1211 5214 1274 5257 cum
1305 5201 1342 5255 sit
1369 5201 1547 5272 incorporeus
1573 5204 1655 5270 atque
1677 5197 1838 5271 ineffabilis,

428 5277 634 5336 CAPITULUM
644 5275 681 5332 11.
1114 5289 1209 5331 rerum
1218 5269 1412 5344 corporalium
1420 5271 1578 5341 &statuetur
1589 5269 1738 5337 uocabulis,

142 5368 359 5443 Vefidcmnctae
374 5368 521 5426 matuta
545 5375 571 5425 et
589 5365 737 5424 flaminica
756 5363 963 5421 iucarnationis
1015 5362 1062 5421 Nil
1076 5363 1118 5420 ibi
1133 5376 1318 5435 corpoream,
1333 5359 1408 5418 nihil
1424 5360 1587 5417 humanum
1602 5359 1664 5417 tore
1679 5358 1763 5430 scito,
1847 5374 1852 5388 ·

140 5457 281 5518 munus
293 5462 396 5517 sancta
408 5457 498 5516 debes
513 5454 664 5531 exquirere
674 5456 790 5520 cuncta,
1017 5452 1074 5511 Sed
1086 5450 1128 5507 aic
1144 5451 1323 5507 immensum
1337 5452 1399 5505 tam
1415 5447 1489 5506 mica
1503 5446 1567 5521 lage
1579 5451 1715 5523 coaptum

141 5549 225 5621 auca
245 5548 344 5623 aaa,
357 5550 389 5607 st
410 5546 515 5617 Natus,
531 5561 585 5604 neo
598 5560 657 5603 non
685 5545 715 5602 et
729 5541 855 5617 Spiritus
879 5537 964 5601 'alma
1019 5541 1057 5600 Ut
1071 5537 1281 5615 superexcellat
1303 5535 1363 5596 vim
1385 5535 1504 5612 lingua,
1523 5538 1632 5597 mantis
1655 5543 1684 5596 et
1711 5552 1842 5600 omnem.

277 5679 414 5743 Pauaoa.
438 5673 566 5742 exuta
1682 5665 1702 5728 9
