3892 6096
127 278 190 345 83¹1
638 288 771 355 suado
792 293 832 355 IN
855 296 998 358 Nd'l'dbl
1020 296 1325 363 auosruuouull.
1774 302 1834 363 3³8

160 410 299 488 Undique
310 414 455 477 saliantur
467 418 518 493 qui
531 438 620 479 saeuae
634 424 773 498 dogmata
786 427 859 500 legis
965 434 994 502 Α
1043 429 1175 488 Virtutes
1189 433 1275 488 variae
1290 433 1398 504 pariter
1412 438 1536 508 possunt
1550 433 1692 493 habitere.

163 503 256 563 Senon
272 505 384 564 carnali
395 525 428 565 se
442 525 528 581 posse
543 516 648 584 putant
660 520 823 587 penetrare.
1043 520 1143 578 virtus
1158 525 1203 577 est
1216 522 1338 594 grandis
1351 523 1522 580 benedicere
1535 541 1587 597 pro
1603 524 1776 583 maledictis.

63 648 77 659 ,
163 592 256 651 Vilius
269 601 425 669 argeutum
439 604 485 656 est
499 617 580 673 auro,
596 602 755 661 virtutibus
768 623 884 663 aurum.
1043 608 1080 666 Ut
1094 609 1169 682 lapis
1183 610 1279 667 omnis
1295 610 1393 680 homo,
1405 612 1462 668 nisi
1477 612 1574 670 mollis
1590 614 1739 687 agaturab
1754 613 1831 672 Alto.

162 682 267 741 Vivere
281 684 401 744 sirecte
415 689 523 758 nescis,
536 691 642 749 decede
656 694 769 765 peritis.
1042 697 1093 754 Vir
1106 700 1200 772 magis
1214 716 1248 756 ex
1264 699 1355 756 animi
1371 718 1459 774 quam
1475 702 1572 759 carnis
1586 704 1690 760 robora
1704 707 1830 763 constat.

161 772 282 831 Utilitas
297 777 418 848 mandis
434 777 506 836 latet
519 779 549 836 iu
564 782 653 839 rebus
667 800 784 856 quoque
799 785 906 857 parvis.
1041 786 1093 843 Vis
1108 788 1213 861 ingens
1228 788 1319 845 animi
1335 790 1446 847 nullius
1460 790 1547 847 laude
1560 793 1679 849 moveri.

161 861 307 920 Utilitatis
320 881 404 922 amor
418 867 476 925 cito
491 870 596 927 suadet
609 871 679 944 quid
695 872 734 929 sit
747 874 904 947 agendum.
1040 876 1116 933 Vilia
1128 894 1217 949 quam
1233 878 1320 951 plura
1333 883 1403 935 sunt
1418 879 1557 952 mysterio
1572 880 1709 951 pretiosa.

160 952 266 1011 Vestes
280 954 425 1027 preclare
441 974 491 1015 our
504 960 636 1018 eidoiunt
649 961 785 1020 animale.
1040 966 1149 1023 Vivens
1163 968 1192 1022 iu
1206 967 1320 1024 Christo
1335 972 1394 1024 stat
1409 968 1588 1026 confidenter
1601 969 1632 1024 iu
1647 970 1722 1043 ipso.

159 1040 252 1099 Valde
262 1047 441 1116 premendus
454 1047 510 1104 erit
519 1049 569 1120 qui
585 1066 663 1106 nuuc
679 1052 798 1109 omniuo
807 1052 949 1126 superbit.
1041 1055 1090 1113 Vir
1104 1057 1253 1129 sapienter
1267 1074 1357 1131 agens
1371 1056 1438 1114 aliis
1452 1061 1498 1116 ast
1510 1057 1554 1115 sol
1569 1058 1654 1132 qussi
1666 1057 1779 1116 lucens.

158 1130 214 1188 Vix
227 1134 403 1192 emendatur
416 1136 465 1209 qui
482 1154 570 1211 prava
584 1139 635 1196 diu
651 1141 817 1199 comitatur.

1512 1337 1831 1363 m

564 1503 960 1611 ΕΝΕΏΕΜ
1000 1506 1387 1615 o'ffltom

434 1742 637 1860 sulus
676 1747 740 1862 IN
778 1746 1007 1863 aliani
1043 1748 1507 1867 lpos'lalouull.

227 1946 345 2011 Brutus
359 1968 397 2012 es
411 1950 475 2014 cod.
490 1954 678 2036 cutopreptc
692 1955 803 2039 abctyti
813 1956 988 2018 monosterii
999 1955 1384 2022 Sonat-Emmercmmecais
1398 1959 1568 2023 Rutisbonae
1582 1959 1620 2023 cd
1635 1960 1716 2024 adm.

528 2034 567 2096 R.
584 2035 621 2096 D.
638 2035 678 2096 Ρ.
696 2035 828 2120 Casparo
843 2036 1023 2114 Attlecdner,
1040 2038 1232 2101 Benedicta'co
1246 2040 1417 2102 Mella'cemi.

268 2191 364 2265 (Apud
379 2192 412 2255 R.
428 2193 460 2252 P.
475 2196 657 2255 Beruerdum
672 2197 801 2268 Parium,
817 2199 971 2257 Thesaurus
984 2200 1083 2258 laced.
1100 2203 1213 2275 noves,
1228 2201 1300 2260 tomi
1316 2202 1354 2259 111
1369 2205 1452 2275 parte
1466 2218 1497 2272 ιι,
1512 2215 1580 2276 pag.
1594 2203 1671 2276 5³7.)

150 2478 226 2536 Cum
240 2477 332 2552 igilur
345 2496 448 2538 omnes
463 2487 630 2540 sanctorum
645 2489 808 2559 martyrum
830 2490 859 2543 et
872 2503 943 2544 con·
958 2491 983 2559 Β
997 2490 1047 2563 qui
1059 2489 1147 2545 credit
1162 2490 1193 2545 ia
1207 2505 1260 2563 me,
1273 2505 1367 2563 opero,
1381 2506 1442 2562 quc·
1456 2505 1507 2562 epo
1521 2492 1644 2562 suciqet
1657 2492 1717 2563 ipsc
1728 2491 1821 2563 lactet,

115 2567 264 2625 lassorum
280 2568 360 2625 chori
374 2569 406 2626 iu
419 2574 480 2629 toto
496 2572 556 2629 siut
570 2574 639 2630 orbe
653 2578 797 2632 terrarum
813 2577 881 2647 jure
896 2594 944 2633 ve·
999 2587 1026 2635 et
1039 2580 1148 2651 majore
1162 2579 1259 2635 lorum
1273 2581 1359 2647 saciet
1381 2581 1471 2652 (toan.
1486 2594 1545 2648 xiv,
1562 2580 1616 2652 12).
1632 2580 1705 2637 Nem
1721 2583 1753 2637 ut
1767 2597 1824 2637 oe·

115 2656 439 2726 aarundi,veneratione
453 2665 551 2718 tamen
563 2663 674 2735 majore
690 2664 945 2739 dignoeesseapo-
997 2668 1060 2720 tera
1082 2665 1161 2720 beeli
1186 2664 1275 2737 Petri,
1291 2667 1433 2739 principis
1456 2666 1666 2739 apostolorum,
1683 2666 1826 2725 miracula

114 2745 206 2803 stolas
220 2747 471 2822 oredimus,qui‚s
488 2751 610 2808 Domino
625 2756 725 2810 nostro
739 2754 810 2810 iesu
827 2754 943 2813 Christo
996 2757 1157 2821 taceamus,
1183 2754 1236 2810 hoc
1268 2771 1360 2811 unum
1386 2755 1514 2812 sulliciat
1537 2756 1665 2829 prolerre
1691 2758 1770 2830 qood
1793 2757 1824 2814 iu

115 2834 245 2908 primum
261 2834 356 2907 electi,
379 2837 522 2911 corporali
537 2839 633 2913 ipsius
652 2843 807 2914 praeseutia
830 2860 944 2901 merue-
997 2841 1103 2915 plateis
1119 2843 1303 2915 ponebantur
1316 2845 1437 2917 inllrmi,
1453 2848 1487 2900 ut
1501 2845 1671 2902 adveniente
1685 2845 1750 2919 ipso
1765 2846 1824 2903 sal·

115 2928 184 2981 ruat
198 2925 297 2998 potiri.
314 2926 375 3000 lpsi
399 2927 506 2983 etenim
523 2946 582 2985 nou
597 2931 693 2987 solum
708 2932 773 2989 idco
796 2934 943 3006 principes
996 2936 1057 2988 tem
1068 2932 1824 3004 perumbramilliusobumbrarentur‚etubinllrmi·

116 3011 314 3071 l‘eclesiarum
341 3017 502 3072 creduntur
516 3018 585 3090 quia
599 3035 648 3075 eas
663 3020 800 3093 primitus
828 3023 943 3079 Domini
994 3020 1107 3077 tatibus
1121 3020 1185 3078 suis
1199 3021 1394 3079 liberarentur
1407 3024 1474 3091 (Act.
1491 3024 1580 3094 v,15).
1596 3025 1676 3088 Quod
1694 3025 1765 3098 quia
1787 3025 1824 3083 de

115 3108 260 3177 precepta
273 3104 406 3163 docendo
421 3108 450 3161 et
465 3105 618 3164 scribendo
633 3109 717 3178 quusi
731 3110 902 3168 fundatores
913 3111 942 3166 in
996 3108 1120 3167 Domino
1136 3115 1235 3167 nostro
1251 3128 1403 3184 nunquam
1419 3111 1526 3183 legitur
1540 3114 1746 3184 lactum‚iurts
1759 3115 1824 3186 ejus

115 3189 170 3251 bau
184 3193 297 3250 muodo
312 3193 567 3265 instituerunt,sed
582 3197 670 3253 etiam
686 3215 720 3255 ex
735 3198 788 3255 hoc
803 3201 942 3271 quoniam
996 3199 1186 3272 promissum,
1202 3200 1231 3255 iu
1248 3218 1278 3258 se
1293 3202 1433 3256 veraciter
1447 3201 1569 3256 credens
1592 3202 1696 3257 heatus
1711 3201 1824 3258 scilieet

115 3279 145 3337 in
159 3281 210 3338 die
222 3282 326 3353 ludicii
338 3283 455 3356 judices
470 3286 558 3359 primi
573 3291 668 3355 erunt,
678 3287 755 3343 siout
769 3288 832 3361 ipse
848 3290 943 3346 Domi·
995 3288 1180 3359 Petrus‚lecit
1194 3291 1291 3359 majus
1306 3305 1394 3363 quam
1410 3288 1543 3345 Christus
1560 3288 1746 3344 miraculum.
1756 3287 1820 3359 Cui,

114 3384 174 3426 nus
187 3374 314 3429 usuam
327 3372 364 3428 ad
379 3390 429 3430 eos
453 3374 573 3432 dicens:
589 3376 676 3432 Amen
690 3393 769 3433 emen
784 3377 844 3434 dico
866 3379 942 3435 vobis
996 3393 1076 3450 rogo,
1092 3376 1150 3432 talc
1165 3375 1277 3449 aliquid
1293 3376 1350 3433 nisi
1366 3374 1511 3449 discipulo
1526 3376 1689 3432 reseravit?

113 3460 188 3531 quod
210 3474 259 3517 eos
282 3462 426 3533 quiseeati
448 3465 513 3520 estis
526 3481 579 3532 me,
595 3467 626 3521 isa
648 3468 859 3540 regeneratione
880 3483 942 3524 cum
1031 3466 1111 3522 Idem
1123 3481 1191 3523 vero
1206 3466 1283 3537 quod
1299 3466 1334 3521 de
1349 3481 1408 3522 uno
1423 3463 1555 3539 apostolo
1570 3463 1707 3535 diximus,
1719 3465 1755 3522 dc
1770 3482 1822 3522 ce·

115 3551 221 3607 sedeat
233 3550 322 3607 Filias
335 3552 456 3608 dominas
471 3554 501 3609 in
516 3554 577 3610 sede
589 3556 744 3626 majestatis
757 3572 825 3623 ace,
840 3557 942 3613 sedebi·
994 3555 1078 3622 ten's,
1093 3555 1148 3612 etsi
1172 3570 1230 3611 non
1242 3554 1355 3625 “omnic
1380 3570 1482 3610 eorum
1505 3554 1581 3610 lactc
1605 3554 1773 3627 legerimus,
1789 3554 1821 3613 in

110 3641 189 3696 ticet
210 3655 358 3714 asemper
379 3642 608 3700 sedesdcodecim
623 3644 778 3715 judicantes
801 3645 942 3702 duodecim
996 3643 1094 3716 aliquo
1123 3659 1188 3700 esse
1216 3642 1358 3699 miraculo
1387 3643 1545 3699 credimus.
1574 3642 1713 3707 Quamvis
1741 3643 1821 3700 euim

111 3729 200 3785 bibres
214 3730 303 3786 lsrael
326 3730 822 3803 (uasat.11x‚28).ltemelicloca
844 3735 940 3808 loqui·
995 3732 1110 3789 cunetis
1133 3732 1163 3788 in
1179 3749 1244 3791 sese
1267 3732 1454 3789 credentibus
1478 3732 1571 3788 multa
1595 3733 1671 3788 dona
1695 3732 1821 3803 dederit,

113 3820 160 3873 tur
172 3818 213 3875 sd
226 3817 305 3887 illos,
322 3819 423 3877 dicens
441 3839 448 3878 :
464 3822 518 3894 Epo
532 3822 644 3895 dispono
657 3823 742 3894 votis,
757 3826 832 3881 sicut
846 3824 938 3896 dispo·
953 3863 976 3932 G
994 3821 1133 3895 specialia
1147 3825 1244 3878 lamen
1262 3821 1491 3894 apostolis‚quos
1505 3821 1568 3894 ipse
1580 3819 1770 3893 corporaliter
1778 3820 1822 3877 in-

113 3909 167 3965 rsit
190 3908 267 3965 meaa
289 3910 370 3966 Peter
388 3927 465 3967 meus
489 3928 618 3981 repncm,
634 3916 665 3969 ct
687 3913 774 3971 edatis
793 3923 819 3971 el
840 3914 939 3971 ditatis
994 3910 1307 3978 struxerctmoncessit.
1325 3908 1435 3966 Idcirco
1450 3913 1547 3965 autem
1563 3908 1633 3981 quia
1648 3908 1770 3965 minime
1784 3909 1821 3966 de

112 4012 194 4070 super
206 4014 336 4054 msam
349 4016 440 4056 mecm
453 4004 479 4056 et
491 4003 609 4058 sedeatis
633 4018 714 4075 saper
727 4003 849 4060 tlromos
858 4004 939 4077 judi·
993 4000 1131 4057 omnibus
1146 3998 1300 4073 discipulis
1313 3998 1436 4055 virtutes
1451 3997 1593 4071 speciales
1608 3997 1748 4072 replicare
1768 4014 1820 4071 po·

113 4091 202 4143 certes
226 4087 371 4144 duodecim
394 4091 481 4146 tritus
506 4092 596 4147 lsrael
619 4092 694 4164 (Luc.
719 4110 789 4162 1111,
810 4094 856 4163 29,
881 4093 937 4166 30).
992 4089 1128 4157 terimus,
1145 4088 1245 4173 aliqua
1259 4104 1360 4144 eorum
1376 4092 1459 4160 gesta
1474 4087 1622 4144 memorias
1637 4096 1743 4144 nostre
1758 4090 1819 4143 tra-
1926 4146 1936 4155 ,

110 4175 169 4233 Sed
183 4182 215 4233 et
228 4194 283 4251 pro
306 4177 363 4234 boc
376 4181 561 4236 veneratione
587 4181 715 4238 maxims
734 4187 805 4238 suut
828 4182 939 4255 amplo·
993 4178 1055 4235 dita
1070 4179 1100 4234 in
1125 4180 1296 4234 eorumdem
1317 4177 1460 4233 solemnia
1483 4180 1512 4233 et
1535 4176 1649 4243 laudes,
1665 4193 1739 4250 quas
1761 4192 1820 4249 pre

113 4265 309 4339 oleudi‚quod
323 4266 434 4341 ligandi
449 4267 639 4343 solvendique
655 4270 938 4344 peccatshominum
994 4268 1105 4324 oaeteris
1128 4267 1269 4323 celebrari
1293 4266 1399 4322 debers
1425 4265 1612 4336 arbitramur,
1632 4265 1820 4338 proferimus.

113 4358 253 4427 meaa,
269 4372 337 4429 qum
360 4356 428 4415 licet
447 4357 513 4414 aliis
535 4359 646 4417 sanctis
669 4358 776 4432 partim
801 4376 940 4416 concessa
993 4356 1187 4414 PostPetrum
1199 4354 1307 4411 Paulus
1317 4353 1420 4410 morito
1428 4354 1749 4427 primumreplicsndus
1758 4352 1819 4424 qui,

114 4443 336 4518 mampsis
347 4449 445 4502 temen
458 4446 600 4519 apostolis
615 4464 706 4522 supra
718 4465 819 4505 omues
831 4448 940 4521 specia—
992 4445 1061 4502 licet
1073 4445 1104 4501 in
1120 4444 1274 4502 duodecim
1295 4442 1495 4517 apostolorum
1511 4443 1610 4498 eiasu
1626 4441 1742 4498 Christo
1756 4456 1820 4496 eor-

113 4528 169 4589 llus
192 4533 337 4590 attributa
350 4534 475 4605 videtur,
493 4535 534 4592 ita
552 4536 676 4593 Domino
700 4537 814 4593 dicente
831 4556 837 4594 :
854 4539 939 4595 Arnen
994 4527 1821 4610 paraliterelectorumnumerononsitdepulatus,equsli

113 4619 169 4680 dica
190 4624 281 4692 ooth,
308 4638 480 4698 quaeeunque
504 4625 693 4696 altipaveritis
715 4641 798 4698 super
825 4635 938 4698 terrum,
991 4629 1091 4683 tamen
1108 4621 1212 4680 merito
1227 4638 1279 4694 per
1293 4636 1450 4694 supernam
1471 4618 1651 4675 vocationem
1668 4621 1696 4674 el
1711 4616 1820 4674 doctri·

115 4716 191 4769 aaa
207 4713 297 4784 upote
310 4721 336 4770 et
356 4716 387 4770 ic
400 4714 488 4783 coetts,
503 4718 528 4769 at
551 4730 718 4788 quaelcunque
741 4715 879 4771 columbis
892 4731 939 4771 sc·
993 4730 1063 4771 uam
1079 4711 1245 4768 mirabilem
1259 4711 1336 4766 iuler
1352 4706 1512 4781 apostolica
1533 4705 1679 4763 consortia
1693 4709 1722 4762 et
1734 4720 1818 4762 voca·

116 4812 161 4872 w
183 4810 294 4859 ursum
314 4807 395 4860 erant
417 4804 508 4860 solato
532 4806 557 4860 et
583 4805 613 4859 ic
636 4804 710 4859 caelta
735 4803 842 4877 (licitis.
857 4821 937 4874 xvnr,
992 4803 1064 4860 bula
1079 4805 1193 4858 constat
1208 4801 1389 4872 assumptus.
1405 4801 1439 4853 Et
1453 4796 1507 4854 hoc
1523 4795 1650 4854 maxime
1669 4798 1823 4869 propterea

115 4890 168 4964 ld).
185 4890 294 4949 eman
315 4892 550 4967 emergamus
566 4894 630 4964 jam
644 4892 772 4949 diximus
795 4894 940 4950 universis
993 4890 1111 4968 probari
1137 4890 1263 4958 videtur,
1279 4887 1349 4960 quia
1364 4887 1466 4944 eodem
1488 4889 1619 4960 tempore
1634 4901 1692 4959 quo
1715 4884 1819 4941 beatus

114 4978 272 5038 duodecim
286 4980 392 5038 christi
401 4980 557 5055 discipulis
569 4980 941 5055 commuuilerdictaque-
994 4986 1099 5039 Petrus
1113 4977 1271 5053 praedicare
1285 4977 1382 5050 coepit,
1398 4981 1427 5033 et
1440 4977 1504 5050 ipse
1527 4973 1700 5049 predicator
1713 4973 1820 5040 lectus,

112 5068 181 5127 'dam
196 5086 259 5127 non
274 5069 372 5127 solum
389 5070 419 5127 in
433 5069 704 5144 Evangelio‚verum
721 5070 809 5127 etiam
824 5070 854 5127 iu
865 5071 942 5129 Aeli·
996 5071 1074 5127 diem
1089 5086 1182 5125 unum
1197 5071 1226 5124 et
1241 5067 1376 5124 eumdem
1402 5064 1499 5122 locum
1515 5063 1660 5138 passionis
1687 5079 1755 5119 cum
1769 5060 1820 5118 illo

116 5154 169 5217 bas
181 5159 389 5232 apostolorum
404 5164 434 5216 et
447 5159 478 5215 in
492 5158 699 5216 ecclesiasticis
714 5159 840 5231 sparsim
852 5160 942 5217 histo·
994 5160 1104 5219 habere
1129 5157 1305 5215 merehatur.
1322 5155 1354 5212 ln
1372 5159 1488 5212 tautum
1503 5159 1602 5211 sutem
1617 5152 1695 5209 idem
1716 5152 1820 5207 beatus

114 5248 165 5305 riis
178 5248 294 5323 scripte
304 5248 405 5307 valent
419 5248 617 5322 reperiri,quaa
635 5248 759 5322 siugulis
775 5248 941 5322 quibusque
955 5237 979 5303 D
994 5242 1820 5316 Paulusvirtutumsublimitaleepecicliumsupergressus

115 5350 216 5395 eorum
232 5338 369 5411 personis
383 5339 568 5407 conveniunt,
580 5355 632 5411 per
646 5354 710 5410 quae
726 5338 826 5394 omnia
838 5338 941 5411 proba·
996 5344 1040 5396 est
1054 5338 1190 5394 homines
1202 5351 1274 5409 pene
1290 5333 1489 5402 universos,ut
1503 5330 1728 5389 exabundantia
1739 5332 1822 5385 atsa-

120 5429 168 5485 tm·
179 5428 307 5504 gratiam
323 5426 479 5501 specialem
495 5428 636 5484 virtutum
648 5426 794 5499 apostolos
805 5425 944 5483 habuisse
998 5423 1438 5502 pientiapredicationislioetor
1447 5421 1620 5494 etMagister
1626 5418 1821 5494 plurimarum

120 5521 147 5575 et
159 5519 191 5576 iu
203 5518 249 5576 eis
264 5534 354 5593 quam
369 5518 497 5577 maxime
510 5517 664 5592 impletum
679 5532 743 5573 esse
756 5516 833 5588 quod
849 5515 946 5572 Salva·
999 5514 1194 5589 appellaretur
1216 5511 1346 5587 gentium
1371 5510 1393 5583 (Ι
1408 5511 1475 5566 Tim.
1492 5527 1523 5580 11,
1538 5510 1580 5583 7),
1596 5526 1649 5567 neo
1672 5526 1730 5566 non
1753 5523 1822 5580 pro-

116 5608 280 5667 teraroster
292 5606 330 5666 ed
343 5606 412 5667 illos
422 5605 532 5683 legitur
546 5607 655 5666 dixisse
666 5623 673 5664 z
684 5606 769 5664 Amen
783 5605 843 5663 dico
857 5605 943 5680 cotis,
999 5605 1136 5680 plervitae
1145 5599 1541 5678 puritatemincsrueadhuc
1555 5600 1669 5675 positus
1680 5597 1820 5671 usquead
