3884 6090
114 322 176 386 tit
736 329 853 394 ileon
874 330 1200 402 alloveufflomtil.
1761 339 1822 405 tiu

148 456 249 534 Longo
262 472 322 517 usu
335 458 509 520 discendum
525 464 572 519 ast
591 461 662 536 quid
683 462 791 536 auique
811 462 892 536 loqui
910 465 980 535 οιΑ
1027 466 1130 526 Melior
1138 472 1183 527 est
1194 469 1335 543 iniquitas
1342 467 1396 526 viri
1407 484 1497 543 quem
1505 466 1690 528 beneinolens
1700 468 1819 529 mulier.

112 551 208 607 noers
221 548 385 606 eonveniat.
1029 558 1133 616 Melius
1148 562 1193 616 est
1205 558 1356 616 humiliari
1370 575 1438 617 eum
1452 558 1573 616 mitibus
1588 575 1677 633 quam
1691 559 1819 619 dividere

147 637 276 696 Luorum
289 642 378 712 turpe
394 643 429 696 ut
440 640 586 698 damnum
600 640 703 717 fugito.
994 645 1087 720 spolia
1101 664 1169 705 cum
1183 648 1327 722 superbis.

146 727 275 786 Lnorum
292 728 357 786 sine
371 730 480 786 damno
496 730 615 789 alterius
630 731 693 788 fieri
708 746 766 789 uon
781 735 885 805 potest.
1030 734 1142 793 Musica
1155 737 1185 794 in
1199 735 1291 804 luctu,
1307 736 1476 810 importuna
1491 737 1628 794 narratio.

146 816 232 874 Levis
246 821 338 891 atquo
351 816 524 876 inoonstans
537 817 579 875 nil
595 818 697 878 avibus
711 821 818 879 diiiert.
1028 823 1133 884 Melius
1144 826 1240 884 satire
1257 827 1292 884 ad
1305 825 1426 883 domum
1436 826 1533 885 luotus
1543 842 1633 898 quam
1644 826 1680 884 sd
1692 828 1814 885 domum

146 905 294 964 Libidinis
307 907 438 981 impetus
450 908 636 967 abstinmtia
650 909 768 982 expellit
781 909 885 968 virtus.
993 914 1125 973 oonvirii.

144 995 224 1054 lieet
248 995 352 1053 multis
377 995 437 1054 vita
459 1001 512 1054 tua
535 997 661 1072 placeat,
676 999 731 1057 tibi
745 998 860 1074 plaeere
880 1016 939 1059 non
1029 1004 1133 1061 Melius
1148 1007 1192 1062 est
1215 1023 1233 1062 a
1255 1003 1387 1078 sapiente
1401 1002 1508 1076 corripi
1523 1019 1613 1076 quam
1629 1005 1818 1063 astultorum

110 1084 206 1142 debet.
992 1092 1281 1167 adulationedeoipi.

111 1173 258 1232 latentem
283 1173 452 1248 snperbiam
472 1174 518 1233 nil
542 1176 637 1250 magis
660 1177 830 1251 eomprimit
849 1194 938 1251 quem
1028 1181 1105 1239 Mors
1117 1186 1145 1238 et
1158 1183 1219 1238 vita
1233 1182 1263 1238 in
1279 1182 1417 1239 munibus
1433 1180 1552 1255 lingua.

112 1261 194 1336 eulpa
209 1266 325 1336 petens.
520 1330 523 1335 ,
1029 1270 1169 1328 Memoria
1179 1271 1331 1344 justinum
1345 1271 1527 1340 laudibus,et
1536 1285 1644 1328 nomen
1658 1267 1818 1343 impiorum

144 1350 473 1427 bapsusquorumdnm
485 1358 569 1413 tanto
583 1354 742 1413 ferventius
757 1355 824 1415 illos
992 1363 1149 1434 putrescet.

144 1442 187 1499 ad
202 1441 328 1500 meliora
343 1442 435 1501 trabit
448 1448 560 1518 quanto
574 1446 675 1518 pejora
687 1449 852 1519 patrarunt.
1028 1448 1173 1507 Memento
1187 1449 1332 1507 Crantoris
1347 1448 1391 1506 tui
1405 1450 1435 1505 in
1450 1446 1555 1505 diebus
1566 1447 1732 1521 juventutis
1746 1451 1815 1506 tua.

145 1529 285 1588 Lascivus
296 1532 416 1604 juvenis
429 1537 495 1606 eget
509 1537 544 1590 ut
558 1534 660 1591 erebro
674 1539 838 1592 maneatur.
1028 1538 1199 1596 Maledictus
1214 1537 1301 1596 homo
1317 1539 1367 1612 qui
1382 1537 1450 1596 inuit
1464 1530 1538 1611 opus
1558 1536 1610 1594 Dei
1623 1536 1815 1611 negligenter.

143 1619 232 1693 ugos
247 1620 390 1693 antiquas
405 1636 443 1679 ne
456 1623 699 1695 transgrediendo
716 1623 854 1682 resolvas.
1026 1626 1129 1684 Militia
1142 1631 1187 1686 est
1199 1626 1395 1685 vitabominis
1408 1640 1496 1701 snper
1507 1629 1658 1695 terram,et
1668 1626 1745 1684 sicut
1754 1623 1816 1684 dies

145 1708 257 1767 Laudat
271 1709 329 1768 rite
344 1714 435 1768 Deum
448 1711 500 1786 qui
513 1727 578 1768 vere
594 1710 692 1785 diligit
706 1711 802 1770 illum.
991 1716 1163 1776 meroenarii
1179 1716 1241 1774 dies
1255 1716 1329 1789 ejus.

145 1797 258 1872 Lingua
271 1798 327 1856 viri
347 1814 413 1873 qua
427 1801 468 1857 eit
480 1799 623 1874 patieutis
636 1801 737 1858 debita
749 1802 863 1876 pandit,
1026 1807 1156 1863 Mundus
1170 1806 1278 1863 transit
1292 1809 1323 1864 et
1340 1803 1576 1878 oonoupisoentia
1592 1804 1657 1877 ejus
1669 1821 1677 1873 ;
1690 1803 1741 1876 qul
1765 1821 1816 1862 au·

145 1887 242 1944 bande
256 1893 360 1946 manet
373 1889 483 1963 dignus
497 1888 547 1962 qui
563 1889 668 1947 nititur
681 1907 746 1948 esse
759 1891 915 1966 benignus.
987 1898 1048 1954 tem
1064 1896 1134 1953 ieoit
1147 1895 1331 1952 voluntatem
1344 1892 1396 1952 Dei
1412 1897 1513 1950 manet
1531 1894 1562 1951 in
1591 1896 1742 1950 aternum.

145 1977 273 2051 languet
286 1978 334 2035 vis
350 1979 459 2037 mentis
473 1979 565 2036 nimia
580 1979 758 2054 pinguedine
776 1982 896 2039 ventris.
1024 1985 1172 2044 Modioum
1187 1984 1366 2042 fermentum
1380 1987 1473 2041 totam
1486 1998 1616 2040 massam
1639 1981 1812 2055 corrumpit.

142 2066 200 2125 bna
213 2071 326 2125 aterna
340 2064 410 2142 piis,
426 2069 551 2126 tenebre
563 2073 639 2126 sunt
653 2084 770 2143 semper
786 2069 898 2143 iniquis
1024 2074 1149 2132 Multum
1164 2072 1241 2132 valet
1253 2072 1418 2147 deprecatio
1431 2071 1506 2144 lusti
1517 2071 1646 2130 assidua.

144 2155 236 2213 lentio
253 2161 425 2215 annotarum
443 2157 532 2215 nimis
546 2161 591 2215 est
615 2159 767 2232 pensanda
778 2158 932 2218 librorum.
1024 2164 1129 2222 Melius
1145 2166 1191 2221 est
1205 2162 1316 2221 nubere
1326 2178 1416 2236 quam
1431 2163 1487 2219 uri.

142 2242 268 2303 bumbos
280 2245 438 2320 prooingit
455 2245 507 2319 qui
522 2246 620 2305 uernis
633 2250 703 2304 vota
716 2247 892 2321 restringit..
1028 2252 1135 2311 Melius
1145 2256 1195 2310 est
1208 2268 1267 2310 non
1290 2250 1399 2309 habere
1413 2248 1490 2324 quod
1504 2248 1630 2318 tribuas,
1646 2262 1737 2322 quam
1750 2247 1811 2306 im·

421 2382 615 2448 ruffin·
987 2341 1700 2502 “”libiiuitbituunna

141 2515 259 2587 mnus
273 2512 419 2572 Dominus
434 2519 543 2585 noster,
554 2519 584 2571 et
598 2529 707 2589 magna
719 2515 813 2575 virtue
828 2516 935 2589 eiuaet
1022 2518 1124 2578 Melius
1139 2523 1184 2577 est
1197 2517 1306 2576 habere
1319 2516 1420 2575 omnia
1433 2517 1511 2575 bona
1524 2514 1641 2574 minora
1652 2529 1742 2588 quam
1753 2529 1814 2571 mn·

116 2601 251 2675 apertis
265 2603 333 2674 ejus
349 2619 408 2660 non
419 2607 467 2661 est
482 2619 635 2661 numerus.
986 2626 1078 2685 gnum
1093 2609 1205 2668 bonum
1221 2623 1289 2665 oum
1301 2622 1410 2681 magno
1427 2605 1515 2664 maio.

140 2689 259 2766 litantis
275 2692 422 2750 Dominus
436 2696 466 2749 el
478 2691 636 2750 laudabilis
651 2691 752 2759 nimis.
768 2696 797 2750 et
818 2693 933 2768 mogui-
1023 2697 1128 2757 Melius
1154 2702 1201 2756 est
1227 2695 1421 2755 rusticitatem
1448 2698 1580 2752 sanetum
1594 2692 1702 2751 habere
1718 2704 1809 2779 quam

117 2778 212 2837 bdinis
224 2782 295 2853 ejus
312 2796 372 2838 non
384 2784 431 2838 est
446 2780 523 2839 iluis.
986 2785 1184 2860 eloquentiam
1199 2784 1400 2861 peecatrioem.

70 2864 74 2869 ¹
143 2867 338 2926 ffiwricordifl
351 2869 472 2934 Domini.
483 2869 570 2943 piena
585 2873 630 2927 est
644 2873 731 2927 terra.
1021 2874 1270 2947 Meliusestprius
1279 2875 1372 2931 iuuere
1383 2872 1812 2947 quodoonvenit‚qnampostea

144 2957 281 3017 innuitis
297 2962 376 3017 Dens
388 2959 420 3015 in
435 2959 546 3018 sanetis
561 2959 634 3018 suis.
986 2963 1057 3023 mali
1070 2963 1138 3021 laeti
1153 2963 1331 3037 poenitearis.

145 3046 349 3122 lingna-opera
361 3048 478 3107 Domini
491 3048 676 3122 exquisitain
691 3065 794 3107 omnes
803 3049 935 3107 volunta·
1020 3052 1125 3110 Melius
1138 3056 1186 3109 est
1198 3051 1294 3110 inoere
1316 3049 1473 3108 diuortium
1488 3064 1556 3108 eum
1577 3049 1697 3108 homine
1720 3062 1810 3121 quam

120 3136 152 3194 les
178 3137 233 3196 'oa
986 3158 1055 3200 oum
1068 3141 1137 3198 Deo.

145 3152 339 3284 luissenoordia
352 3224 469 3284 Domini
484 3226 521 3283 ab
535 3229 641 3284 aterno
655 3231 792 3302 eiusque
806 3228 836 3285 in
851 3233 931 3287 eter·
946 3196 968 3276 c
1021 3230 1209 3288 Mendaoium
1223 3245 1282 3287 non
1296 3232 1428 3298 osteum
1442 3226 1479 3284 de
1489 3226 1577 3283 rebus
1585 3224 1810 3283 insensibilibus

122 3327 177 3372 oum
188 3331 282 3390 anper
295 3314 437 3374 timentes
452 3332 530 3373 eum.
987 3319 1072 3394 quasi
1086 3320 1122 3377 de
1137 3316 1325 3376 sensibilibus
1344 3315 1465 3388 mystioe
1478 3314 1638 3387 loquimur.

145 3403 477 3479 llutnabiturpeocator‚
490 3409 519 3463 et
530 3421 588 3462 non
603 3404 710 3476 solvet;
722 3407 931 3479 justusautem
1021 3408 1096 3468 Male
1119 3408 1279 3466 Sabbatum
1304 3402 1432 3462 celebrat
1445 3402 1497 3476 qui
1523 3419 1541 3460 a
1566 3400 1653 3459 bonis
1669 3399 1807 3475 operibus

122 3491 290 3552 miserebitur
306 3499 335 3553 et
348 3494 468 3552 tribuet.
985 3503 1079 3558 vaoat.

143 3581 370 3642 llieerioordinm
384 3588 415 3641 et
427 3582 582 3642 veritatem
598 3582 696 3658 diligit
708 3582 799 3642 liene.
1022 3589 1128 3662 Magne
1143 3603 1211 3660 pers
1223 3582 1422 3658 intelligentie
1437 3581 1512 3639 seire
1527 3580 1598 3654 quid
1613 3576 1738 3636 nssoias.

145 3670 236 3729 linltn
251 3673 459 3731 tribulationes
467 3674 628 3746 justorum,
641 3677 671 3731 et
685 3673 720 3731 ds
734 3673 872 3732 omnibus
884 3675 932 3732 bis
1021 3675 1189 3735 Mirandum
1199 3672 1288 3732 simul
1303 3675 1332 3730 et
1343 3668 1504 3728 dolendum
1519 3668 1596 3743 quod
1612 3666 1810 3742 plures,quasi

120 3754 236 3820 liberabit
251 3779 303 3820 θοι
317 3762 472 3821 Dominus·
986 3766 1114 3840 religiosi
1131 3783 1145 3822 a
1161 3764 1235 3823 oibis
1250 3760 1429 3836 quibusdem
1439 3759 1631 3827 abstinentes,
1647 3754 1810 3829 moxqussi

145 3849 232 3909 blulta
255 3850 374 3925 flagella
393 3852 567 3926 peooatoris,
591 3854 758 3927 sperantem
783 3853 932 3911 antemio
986 3854 1119 3913 scelerati
1130 3849 1477 3928 pessimaquaqueomnl
1486 3848 1573 3905 modo
1582 3846 1704 3905 nudent
1713 3859 1811 3919 agere.

120 3935 225 4000 nmina
239 3940 663 4000 misericordiaoiroumdnbit.
1022 3944 1188 4002 Mirandum
1217 3941 1434 4013 dolendumque
1458 3936 1653 3995 nihilominus
1681 3938 1711 3992 et
1737 3933 1810 3991 illud

140 4028 211 4087 Mors
224 4035 415 4105 penestarum
430 4031 603 4106 pessimant
613 4030 664 4104 qui
680 4031 931 4104 oderuntjustum
986 4033 1065 4108 quod
1080 4031 1212 4106 plurimi,
1227 4027 1403 4087 simulantes
1412 4042 1445 4085 se
1459 4042 1511 4101 pro
1527 4028 1713 4100 peooatorum
1728 4022 1812 4090 venia

118 4114 283 4194 ieiunans
340 4164 344 4171 .
984 4122 1104 4180 visitare
1127 4123 1230 4178 sanots
1242 4122 1271 4176 et
1285 4115 1386 4192 prooul
1411 4116 1506 4190 posite
1526 4114 1600 4183 ioea,
1616 4128 1684 4172 oum
1701 4111 1811 4170 luerint

141 4206 240 4267 Melina
251 4213 297 4268 est
307 4207 459 4267 modioum
471 4208 553 4280 justo
569 4223 658 4282 super
667 4207 785 4267 divitias
799 4214 930 4283 peooato·
985 4211 1092 4269 reversi
1106 4208 1200 4267 multo
1216 4208 1331 4282 peiores
1344 4207 1419 4263 liunt
1433 4219 1524 4278 quam
1539 4207 1635 4261 antea.

119 4307 171 4354 lom
181 4296 302 4356 multas.
1019 4300 1111 4358 Morbi
1126 4299 1225 4372 plures
1240 4314 1275 4354 ex
1289 4297 1443 4353 saturitate
1457 4293 1550 4351 nimia
1572 4293 1719 4351 eveniunt

140 4384 287 4444 itinerator
300 4389 332 4444 et
347 4384 516 4444 misericors
531 4384 803 4461 Dominus‚pniiens
813 4391 843 4446 et
858 4387 931 4445 mul·
1019 4390 1115 4448 Mores
1128 4392 1158 4446 et
1172 4387 1271 4445 studia
1285 4389 1431 4444 reotorum
1452 4388 1483 4442 et
1495 4384 1695 4456 subjeotorum
1710 4379 1807 4454 qnali-

119 4471 362 4534 limmiseaieors.
983 4477 1264 4552 talei-aspiciuntur.

143 4564 276 4638 Maiorem
291 4563 468 4624 obaritetem
491 4581 577 4623 nemo
591 4565 681 4624 babet
704 4581 794 4639 quam
817 4569 851 4624 ut
865 4568 927 4626 ani·
942 4574 967 4644 Ι)
1017 4567 1233 4627 Maleoiotiones
1249 4582 1313 4639 qua
1328 4564 1358 4620 in
1368 4562 1516 4637 proximos
1525 4558 1740 4634 dirigantunin
1749 4572 1810 4615 ma·

120 4662 184 4711 bam
195 4668 283 4714 suem
297 4657 390 4728 ponat
403 4653 471 4729 quis
484 4670 537 4728 pro
551 4652 655 4712 aminis
669 4655 743 4712 suis.
990 4658 1149 4716 ledioentes
1163 4655 1301 4729 primitus
1318 4655 1481 4710 vertuntur.

141 4740 220 4802 liniti
234 4748 310 4803 aunt
322 4745 430 4816 roosti,
446 4743 532 4818 pauoi
543 4759 612 4802 vero
626 4743 724 4802 eleoti.
1021 4752 1102 4804 Mens
1113 4743 1281 4801 visibilibus
1296 4742 1417 4809 intenta,
1432 4739 1531 4795 videre
1543 4732 1811 4795 nesoitinvisibilia.

143 4830 240 4894 limeis
252 4835 375 4910 quidem
390 4833 495 4908 multa,
510 4833 636 4908 operarii
651 4838 749 4892 numm
764 4835 859 4909 pauoi.
1022 4837 1133 4908 Majora
1147 4832 1272 4890 erimina
1285 4835 1315 4888 et
1327 4830 1410 4887 tarde
1432 4827 1579 4886 eredenda
1590 4829 1662 4885 sunt
1675 4841 1744 4882 oum
1758 4840 1811 4882 au·

141 4916 335 4983 Meroenerius
348 4922 428 4982 videt
438 4922 545 4997 lupum
569 4923 744 4995 venientem,
763 4928 793 4982 et
807 4924 930 4983 dimittit
983 4925 1116 4997 (liuntur,
1143 4927 1173 4980 et
1187 4921 1275 4979 eitius
1301 4919 1537 4994 puniendarum
1560 4916 1700 4975 vernoiter
1714 4928 1808 4990 agno·

120 5013 309 5088 unettugit.
983 5018 1117 5073 sountur.

143 5098 299 5162 Melioresi
313 5098 481 5175 obedientia
494 5116 585 5176 quam
599 5100 735 5160 viotime.
1015 5101 1152 5163 Mundari
1175 5101 1324 5158 dootorem
1352 5097 1435 5173 prius
1461 5099 1588 5171 oportet,
1612 5098 1642 5152 et
1670 5094 1713 5153 sio
1733 5093 1807 5151 alios

142 5188 254 5250 Meliora
268 5190 342 5251 sunt
353 5190 476 5250 vulnera
489 5190 640 5267 diligentie
655 5209 744 5268 quam
760 5191 929 5252 iraudulens
981 5194 1125 5252 mundare
1139 5190 1225 5249 valet.

116 5276 245 5341 bannia
260 5280 401 5340 odientia.
980 5281 1118 5341 Meretrix
1132 5285 1161 5339 st
1174 5278 1332 5354 prudentia
1354 5274 1510 5334 secularis·
1525 5275 1554 5331 iu
1579 5270 1713 5348 pluribus
1736 5286 1809 5329 eoae·

140 5364 499 5446 Meierestpatiensuiro
524 5370 609 5443 torte,
634 5375 663 5429 et
683 5371 734 5445 qui
759 5370 927 5430 dominatur
980 5368 1260 5446 quanturpeooatis.

114 5455 201 5516 mmo
213 5470 268 5519 'suo
282 5462 482 5534 expugnatore
494 5459 623 5520 urbium.
1014 5459 1148 5518 lionaebi
1172 5461 1201 5515 et
1223 5455 1321 5514 olerioi
1345 5457 1496 5514 secularia
1520 5453 1637 5530 negotis
1650 5452 1741 5512 vitare
1755 5453 1806 5510 de·
1819 5414 1832 5423 ³

136 5544 926 5627 Msbmustbueoellasieoaonmgaudioquemdomus
979 5550 1060 5607 bant.

70 5632 72 5721 j
112 5631 187 5706 tlara
199 5637 331 5700 victimis
344 5638 536 5714 nummo.
700 5684 708 5691 .
912 5688 915 5693 .
1015 5639 1120 5697 Manus
1135 5650 1298 5713 pauperum
1309 5632 1552 5712 gaaopbyiaoinrn
1566 5633 1678 5695 tibristi
1692 5637 1748 5692 est.

70 5730 73 5759 l
1808 5742 1813 5751 .
