3892 6096
115 319 175 386 919
640 318 674 384 S.
696 319 862 385 JOANNIS
884 317 1108 383 scatebant
1130 317 1298 384 anseris
1758 310 1811 386 ’Μ

116 473 181 514 cem
197 471 228 512 se
239 455 298 511 lora
309 451 435 527 quisque
449 456 576 525 putaret,
587 451 612 510 si
623 451 668 510 vel
680 452 940 510 fimbriamhornm
954 454 983 521 A
997 457 1060 510 tum
1083 453 1255 510 monialium
1271 455 1518 524 constructurum,
1530 456 1559 510 at
1573 465 1691 525 ccsprc
1705 449 1812 511 nomine

116 560 314 619 pannosorum
340 542 494 615 tetigisset.
512 542 624 616 Quippe
639 544 681 599 ita
695 559 741 600 res
757 542 893 599 humana
908 559 940 600 se
995 542 1102 600 Christi
1116 543 1186 600 Jssu
1203 543 1307 616 frigus,
1323 542 1443 608 famem,
1470 541 1561 610 sitim,
1582 544 1615 597 et
1627 540 1732 598 emam
1744 544 1809 599 tam

115 634 233 699 babent,
250 631 466 689 utncnsolum
486 633 687 705 imprudentes
717 648 814 688 rerum
838 648 939 688 verum
995 649 1065 706 pore
1080 633 1210 706 inopiam
1232 636 1261 688 et
1283 631 1425 698 laborem,
1441 631 1561 687 demum
1590 645 1697 687 cruces
1720 633 1810 689 attor·

115 723 204 780 etiam
220 722 369 779 interdum
384 728 412 779 et
427 721 675 796 prudentissimos
692 738 765 779 nova
780 721 880 779 omnia
894 720 939 776 lu·
995 720 1255 787 mentaimmania,
1270 719 1473 792 turpissimam
1480 717 1568 775 ctiam
1576 717 1809 792 morteminganti

114 812 188 869 catis
200 812 329 869 laciebus
346 811 458 868 lallant.
995 809 1202 883 constantique
1216 798 1315 867 animo
1335 807 1509 882 perlaturos.
1538 806 1701 865 deserebat
1723 807 1808 877 edam,

148 903 214 957 279.
225 902 367 959 Caeterum
379 900 453 958 alios
467 901 723 975 pretermittentes
737 901 844 973 (neque
859 898 938 956 anim
994 899 1174 956 monasteria
1185 898 1311 955 finitima
1324 903 1354 955 et
1368 897 1609 972 longinqua,imo
1623 900 1655 954 et
1669 894 1808 970 religiones

113 991 197 1065 digni
212 991 337 1064 sunt,de
348 989 820 1063 quibusverbafiant)adnostrum
831 987 937 1045 fulsum
994 992 1112 1045 ceteras
1127 988 1196 1045 huic
1211 1005 1270 1045 suae
1286 988 1477 1062 pedissequas
1492 988 1563 1043 iore.

112 1081 257 1137 loannem
264 1080 423 1154 baptistam
434 1078 620 1136 veniamltic
632 1077 778 1151 imprimis
789 1076 940 1134 codicillos
1029 1079 1092 1134 282.
1108 1077 1220 1143 Quibus
1236 1078 1353 1135 auditis.
1371 1075 1516 1134 simulans
1531 1075 1741 1133 nenessitatem
1756 1092 1806 1133 cor·

113 1169 204 1226 falsos
219 1186 271 1226 scu
283 1169 388 1238 bullas,
400 1171 429 1226 in
439 1169 558 1241 quibua,
571 1167 780 1238 undebtu'uace
790 1165 940 1239 religionis
993 1168 1085 1241 poris,
1101 1166 1304 1224 stomachatus
1318 1167 1397 1223 foras
1412 1182 1501 1239 quam
1517 1164 1626 1239 raptim
1638 1180 1688 1221 mc
1702 1163 1807 1233 contuli,

113 1258 231 1315 initium
247 1259 456 1315 ostendebatur
469 1258 500 1313 in
516 1257 610 1314 lucem
626 1256 773 1328 prolerre;
791 1272 855 1328 que
871 1254 939 1327 qui·
994 1255 1153 1322 demirans,
1170 1270 1228 1310 non
1253 1254 1318 1311 dico
1343 1253 1472 1310 hominis
1496 1252 1694 1320 dementiam,
1719 1268 1806 1311 rarum

115 1347 331 1405 damcmnibua
346 1347 376 1403 in
388 1342 941 1418 rebusadipiscendisbucnostratem·
994 1348 1023 1401 et
1042 1343 1197 1409 insaniam,
1227 1361 1285 1416 qua
1311 1343 1384 1400 talia
1412 1359 1511 1400 coram
1538 1342 1675 1416 prolerre
1694 1342 1809 1400 audam.

113 1440 226 1511 pestate
234 1437 346 1510 optima
354 1436 403 1493 via
412 1440 457 1492 est
467 1435 504 1492 ad
516 1433 684 1491 fallendum.
695 1434 838 1490 Preterea
848 1448 938 1490 anum
994 1438 1129 1500 nemum,
1145 1433 1316 1489 confirmato
1336 1434 1447 1500 animo,
1469 1449 1529 1489 una
1542 1448 1611 1489 cum
1640 1430 1809 1489 aliisiterad

112 1526 271 1599 quamdam
301 1525 460 1598 [babebat],
491 1541 554 1597 qus
583 1524 638 1581 sub
666 1522 771 1579 babitu
802 1519 940 1579 monialis
994 1522 1059 1593 boc,
1077 1521 1147 1595 quid
1162 1520 1233 1589 dixi,
1249 1523 1276 1577 S.
1293 1521 1389 1578 Maria
1402 1520 1577 1586 oratorium,
1592 1524 1629 1577 ut
1644 1519 1689 1578 rei
1712 1520 1809 1578 edium

111 1609 939 1684 Romacumaliistribusincolumnistemplil),l²etri
994 1611 1184 1684 perciperem,
1213 1608 1277 1666 leci.
1319 1610 1437 1680 Mirum,
1465 1613 1579 1682 quanta
1605 1607 1654 1666 illi
1681 1608 1809 1683 aquilam

109 1704 253 1778 Apostoli,
268 1703 362 1777 gratia
377 1701 552 1775 poenitentiae
563 1701 692 1774 agenda,
709 1698 803 1756 latens
817 1699 937 1772 tingere,
994 1699 1164 1768 auctoritas,
1186 1703 1297 1772 quanta
1325 1699 1362 1755 ab
1388 1698 1526 1756 omnibus
1551 1696 1715 1756 haberetur
1731 1697 1804 1756 lidae.

111 1793 167 1850 sibi
182 1792 339 1866 pervisum
354 1791 534 1847 &loannem
546 1787 938 1862 Baptistamapparuisse,in
994 1789 1069 1846 Proh
1086 1789 1184 1845 nalasl
1212 1789 1349 1857 audebat,
1377 1789 1417 1844 uti
1438 1803 1501 1845 moa
1517 1787 1670 1862 episcopia
1692 1791 1746 1855 est,
1766 1786 1807 1845 ubi

110 1898 161 1939 ora
175 1880 329 1939 bominum
345 1879 498 1953 propalare
512 1883 541 1935 et
554 1877 647 1935 multa
661 1877 728 1947 alia,
749 1894 813 1949 quse
826 1877 936 1933 inetru·
987 1879 1095 1952 jussis
1110 1879 1208 1946 datur,
1226 1877 1313 1934 etiam
1334 1876 1471 1934 omnibus
1493 1876 1706 1934 occurentibus
1732 1874 1806 1933 benc·

111 1967 936 2040 mentalraudissunt,dicarcetiacere3postrcmoquaa·
990 1967 1147 2024 dictionem
1182 1966 1261 2022 dare.
1299 1967 1341 2023 lin
1372 1966 1504 2033 audacia,
1540 1965 1600 2023 imo
1640 1964 1804 2023 insolentia!

112 2057 626 2132 cumqucdiciautitngipossuntad
642 2055 860 2113 simulationem
871 2071 937 2112 con-
989 2061 1129 2113 ceteram
1166 2072 1220 2112 nos
1244 2055 1312 2112 ceci
1348 2059 1455 2127 mente,
1483 2059 1513 2111 et
1547 2070 1693 2113 novarum
1720 2066 1804 2112 rarat

110 2148 256 2217 ducentis,
273 2146 345 2204 nibil
376 2146 606 2219 praetermittere.
636 2146 689 2202 His
708 2144 806 2218 itaque
827 2143 937 2202 etaliis
991 2145 1127 2219 cupidine
1150 2140 1249 2212 illecti,
1286 2143 1553 2217 prosequebamur;
1593 2160 1656 2201 non
1684 2140 1803 2201 ruricola

111 2238 225 2296 artibus
236 2236 398 2294 instructus
413 2236 450 2293 ad
466 2236 521 2292 bas
536 2253 567 2293 so
583 2233 706 2292 contulit
722 2233 864 2307 regiones.
991 2240 1117 2302 tantum,
1133 2250 1233 2291 verum
1248 2240 1278 2291 et
1302 2233 1424 2299 nobiles,
1451 2234 1538 2305 cives,
1567 2237 1599 2290 et
1613 2232 1696 2307 quod
1718 2232 1804 2306 malm

145 2328 208 2384 280.
224 2327 369 2383 cneorum
397 2325 545 2399 imprimis
566 2323 757 2381 mulierculas
780 2322 936 2398 quasdam,
992 2328 1045 2396 est,
1061 2323 1149 2380 etiam
1165 2327 1192 2380 et
1208 2322 1316 2397 egregii
1333 2322 1503 2396 presbyteri,
1529 2320 1582 2394 qui
1606 2337 1664 2379 sua
1686 2324 1805 2396 portenta

111 2434 174 2490 quae
191 2414 344 2472 Florentiae
364 2413 443 2470 domi
459 2413 583 2486 propriae
597 2413 687 2469 veluti
711 2412 741 2468 in
758 2410 937 2469 monasterio
991 2419 1020 2472 et
1035 2412 1168 2486 prodigia
1179 2413 1208 2468 iu
1224 2412 1328 2468 itinere
1343 2411 1430 2484 pleno
1445 2428 1505 2479 ore,
1520 2411 1805 2485 adducthccrupas

110 2521 142 2561 sa
153 2504 330 2568 clauserant,
346 2501 441 2559 socias
455 2501 511 2558 sibi
528 2502 589 2557 lona
600 2507 628 2558 et
642 2499 833 2558 consiliorum
846 2500 936 2573 parti·
992 2501 1068 2570 cilio,
1076 2500 1137 2558 mul
1143 2507 1169 2558 to
1181 2501 1266 2573 plura
1278 2505 1307 2558 et
1319 2502 1540 2574 majora,qnam
1553 2500 1658 2559 lecerit
1668 2498 1803 2559 cumba

111 2593 190 2666 cipes
205 2591 374 2660 ostendens,
390 2590 441 2646 diu
455 2593 603 2662 noctuque
619 2590 682 2646 suis
698 2588 937 2646 simulationibus
992 2591 1076 2648 nobis
1091 2591 1296 2647 ennarrabant.
1311 2590 1385 2656 Ouid
1411 2591 1489 2664 quod
1513 2594 1622 2648 nostrie
1644 2587 1804 2648 temeritatis

111 2678 413 2754 fatigandc,denique
432 2677 737 2735 omniatcntandoad
754 2694 804 2735 eas
824 2678 937 2734 aditum
992 2681 1093 2736 cadem
1123 2679 1169 2735 die
1197 2697 1297 2752 poenas
1317 2679 1446 2748 luimus;
1491 2678 1680 2746 cumcuim,
1708 2674 1805 2735 oanis

112 2770 231 2827 invenit.
249 2769 318 2825 lnde
332 2766 477 2836 discessit,
488 2767 840 2840 enutriusqucvoluntate
850 2767 937 2824 rebus
993 2766 1218 2841 mapalibusque
1240 2767 1417 2826 rusticorum
1443 2767 1563 2840 relictis,
1593 2766 1655 2824 iter
1675 2766 1804 2840 ruplnr·

112 2859 268 2933 diligenter
281 2855 462 2930 compositis.
479 2857 547 2913 linat
562 2855 588 2913 ei
604 2856 693 2914 irater
703 2855 823 2929 quidam
839 2855 938 2929 lugiti-
993 2858 1085 2913 duum
1102 2857 1227 2929 jamjam
1244 2857 1476 2930 aggrederemur,
1492 2873 1558 2914 aero
1572 2870 1681 2913 screno
1694 2854 1724 2911 in
1741 2856 1803 2912 tem

111 2965 175 3019 vus,
192 2944 376 3020 negotiorum
392 2945 938 3018 curatorfidusacceptusque,ctcm·
992 2950 1136 3019 pestatem
1153 2950 1277 3014 mutato,
1308 2945 1364 3002 cito
1389 2946 1589 3019 inexspectata
1612 2948 1642 3001 et
1662 2940 1803 3002 subitaria

113 3037 196 3094 nium
207 3032 938 3104 consiliorum,niainovissimi,utinteriusdicetur,
992 3039 1147 3092 ventorum
1161 3038 1189 3092 et
1204 3035 1499 3108 immanisaquarum
1513 3032 1655 3108 procella,
1665 3033 1803 3091 obscrrdc

112 3124 364 3198 particeps,quem
379 3122 619 3181 suarumartium
627 3128 714 3179 antea
722 3122 857 3196 ignarum
867 3139 938 3196 quo·
993 3125 1077 3193 coelo,
1090 3125 1219 3197 undique
1234 3130 1262 3181 et
1276 3124 1408 3198 undiquc
1421 3123 1562 3181 oboritur.
1580 3118 1804 3192 ammissum

112 3215 223 3273 tidiano
235 3230 290 3270 usu
307 3210 689 3286 lacileparemsimilemque
702 3211 759 3269 sibi
769 3212 937 3269 efficerecu·
953 3195 975 3264 (ἶ
995 3215 1050 3272 iter
1078 3214 1203 3288 pedibus
1217 3213 1359 3287 aggressi,
1384 3213 1414 3270 in
1429 3213 1481 3270 tali
1494 3217 1639 3286 tantoque
1652 3207 1804 3271 discrimina

113 3303 189 3362 ravit
200 3319 207 3362 :
217 3319 285 3360 nam
295 3299 883 3375 supplicem,humilem,oculisquabumi
894 3302 941 3359 dc·
994 3305 1135 3377 [eramus]
1152 3303 1249 3377 positi,
1265 3303 1336 3376 quid
1351 3318 1447 3377 ugare,
1463 3318 1522 3375 quo
1539 3317 1595 3359 noa
1608 3304 1720 3359 verm
1730 3298 1802 3357 debc-

114 3393 260 3463 missiset
270 3396 371 3449 contra
386 3407 498 3448 morem
507 3391 808 3464 sabaraitarumffltll)
817 3391 940 3449 tacitum
995 3409 1105 3463 ramus,
1132 3391 1343 3466 ignorabamus
1362 3392 1499 3465 penitus:
1531 3406 1602 3447 nam
1617 3390 1800 3448 comtum

113 3483 150 3540 ad
165 3488 283 3556 tempus
295 3481 426 3550 reddere,
443 3481 484 3537 ita
498 3485 530 3536 ut
545 3480 591 3537 his
601 3485 630 3536 et
643 3479 709 3537 aliis
723 3481 883 3538 virtutibus
895 3480 940 3537 su·
995 3481 1209 3539 immanitatem
1224 3484 1253 3537 et
1273 3480 1388 3554 copiam
1403 3480 1543 3537 imbrium
1568 3478 1618 3536 vix
1631 3471 1798 3553 promedial

114 3573 197 3638 catis,
213 3570 352 3627 omnibus
368 3569 433 3625 aliis
455 3568 643 3626 vehementer
670 3567 868 3637 admirationi,
885 3567 941 3626 sibi
995 3570 1088 3627 torius
1103 3573 1282 3643 poteramus,
1298 3572 1327 3625 at
1342 3569 1503 3643 retrogredi
1528 3568 1714 3627 ducebamus
1725 3570 1800 3637 talpa

113 3659 309 3732 verogaudic
338 3663 366 3714 et
387 3657 508 3714 utilitati
524 3660 610 3715 esset.
633 3657 706 3713 Proh
721 3658 822 3713 netas!
851 3657 941 3715 etium
995 3657 1391 3716 atillicessediusubdivo
1409 3657 1491 3715 locus
1519 3654 1643 3729 sterilia,
1662 3651 1803 3731 clpam

115 3765 241 3824 puerum
256 3746 614 3819 adolescentulum,quem
632 3745 750 3803 aiebant
760 3745 942 3804 liliumilliua
997 3765 1094 3804 rerum
1110 3747 1244 3804 omnium
1260 3763 1317 3804 non
1332 3746 1532 3820 permittebat.

115 3837 248 3895 mulieris
264 3836 494 3909 clausae,dequa
507 3852 598 3909 supra
612 3836 734 3892 verbum
748 3835 943 3907 iacimuacxi·
1031 3837 1095 3892 283.
1117 3837 1180 3909 lpse
1209 3852 1276 3892 vero
1294 3835 1425 3892 ioannes
1453 3830 1693 3909 verituapejora,
1714 3844 1749 3889 uc
1765 3824 1803 3884 tel

116 3932 203 3993 stare,
219 3931 252 3982 ut
265 3942 297 3982 se
318 3924 412 3998 pilosa
425 3929 504 3981 veste
519 3924 656 3981 indutum
682 3940 749 3981 cum
764 3922 821 3980 alic
836 3924 943 3981 comite
997 3925 1079 3983 solus
1093 3925 1136 3982 vel
1151 3941 1218 3982 cum
1234 3923 1677 3998 paucismontanilcciabrcpta
1685 3924 1803 3981 acuu-

116 4015 274 4086 equitandc
290 4014 425 4070 ducebat.
440 4014 548 4069 Verum
562 4013 691 4085 plurima
705 4012 943 4085 pretermittens,
997 4031 1032 4071 va
1046 4014 1127 4071 adire
1147 4018 1309 4086 cogeretur,
1339 4012 1436 4069 verbis
1461 4011 1569 4070 fucatis
1586 4017 1628 4070 et·
1642 4006 1803 4086 compositis

117 4103 250 4175 quaedam
267 4101 362 4174 magis
373 4101 538 4157 neccssaria
548 4101 650 4174 paucis
665 4102 804 4175 aperiam.
998 4121 1062 4176 quae
1074 4101 1130 4158 sibi
1145 4103 1261 4159 abunde
1275 4105 1368 4171 orani,
1384 4119 1438 4158 noa
1452 4101 1489 4158 ad
1505 4099 1614 4158 altiora
1627 4097 1749 4170 bertari,
1761 4108 1804 4152 m

152 4190 215 4247 281.
231 4189 327 4261 Hujus
337 4189 514 4263 igiturluma
525 4190 638 4262 passim
645 4207 704 4247 non
719 4206 822 4263 agrum
833 4189 943 4249 Tuscia
998 4193 1070 4249 satia
1085 4208 1159 4257 ease,
1175 4191 1204 4247 id
1219 4208 1273 4248 nos
1301 4190 1429 4248 voluisse
1453 4190 1586 4265 aggredi,
1617 4188 1681 4248 nist
1695 4180 1805 4247 camb

116 4283 245 4347 tantum,
272 4295 373 4335 verum
410 4283 439 4335 et
466 4278 609 4336 finitimos
637 4296 742 4336 carnes
769 4279 942 4353 complerit3
999 4297 1150 4338 summum
1166 4275 1804 4354 reitenercmusmdnecvtrgtaamttariaa

117 4369 244 4425 alterum
257 4366 391 4425 videlicet
405 4367 716 4442 Joannemssaptistam
729 4368 853 4440 venisse,
864 4369 945 4426 lutu-
1000 4371 1119 4426 unicum
1135 4368 1268 4426 omnium
1285 4366 1625 4441 mortaliumrefuginm,
1638 4366 1673 4424 ln
1686 4359 1803 4425 mmai!

117 4475 184 4515 rum
194 4456 443 4514 Ecclesierriati
456 4473 528 4531 pene
538 4458 755 4515 dirotanovum
766 4459 945 4531 composito·
1000 4458 1161 4533 prasertim
1177 4475 1236 4516 non
1251 4438 1429 4515 delaturam'.
1442 4457 1494 4513 llis
1503 4456 1598 4530 igitur
1607 4448 1804 4531 attinuerat:-

118 4564 191 4605 rcm.
209 4547 288 4617 ldeo,
303 4547 374 4604 dum
386 4547 505 4605 verbum
517 4546 634 4604 Domini
645 4546 790 4604 hincinde
804 4546 945 4621 predica·
961 4566 984 4631 D
1001 4549 1087 4605 nibus
1102 4546 1329 4621 probatissimis,
1347 4545 1398 4603 ubi
1426 4546 1541 4603 animos
1566 4549 1689 4604 nostrus
1712 4542 1801 4601 cm

119 4643 163 4694 ret
180 4638 271 4709 (nam,
289 4639 320 4692 ut
333 4636 403 4704 dixi,
421 4634 495 4693 satis
509 4635 682 4708 eloquentie
709 4636 845 4710 habebat)
861 4636 946 4694 multi
1000 4637 1083 4703 vidit,
1099 4637 1262 4694 calcaribus
1281 4636 1428 4709 stringens
1446 4649 1569 4708 equum,
1601 4633 1742 4699 lectiam.
1759 4638 1803 4683 πα

119 4724 327 4794 mortales‚alii
344 4725 482 4782 audiendi
495 4725 615 4782 verbum
626 4724 707 4793 lesu,
721 4725 770 4782 alii
781 4725 945 4799 novacupi-
1002 4725 1100 4783 miseri
1117 4742 1205 4799 quam
1220 4725 1328 4798 raptim
1338 4723 1421 4797 sequi
1432 4741 1439 4789 ;
1450 4723 1574 4780 demum
1590 4715 1803 4792 fasciatum

119 4815 187 4871 dina
200 4815 273 4870 tanti
288 4813 341 4869 riri
353 4814 527 4884 (siverirum
542 4814 653 4871 dicitas
667 4814 945 4886 estlvisendiillecti,
1001 4820 1031 4872 et
1045 4814 1162 4888 pulvere
1185 4818 1214 4870 et
1227 4813 1323 4871 imbre
1338 4812 1455 4885 copioso
1479 4809 1572 4886 pleni,
1587 4808 1721 4887 Virginis
1729 4800 1801 4865 Ιώ
1840 4878 1842 4891 Ι

120 4903 156 4959 ad
172 4917 240 4959 eum
254 4901 343 4959 variis
354 4902 425 4959 locis
440 4903 604 4960 confluere:
623 4920 690 4960 num
702 4903 834 4972 memini,
845 4918 891 4961 me
902 4921 947 4961 aa·
1001 4904 1161 4962 oratorium
1191 4902 1346 4970 adivimus,
1377 4901 1454 4975 quod
1482 4904 1553 4958 tunc
1583 4900 1708 4974 qnidam
1736 4894 1799 4955 dira
1840 4905 1842 4931 =

120 4990 178 5048 mel
193 5008 263 5049 casu
279 4990 504 5064 quodam‚itaut
518 4992 561 5062 nt,
577 4992 648 5048 dum
659 4992 948 5068 negotiorumgratis
1003 4994 1176 5050 Franciscus
1202 4991 1330 5059 nomine,
1370 4988 1496 5063 juranis·
1529 4989 1657 5047 eremita
1693 4982 1800 5047 mett
1840 4978 1842 4993 '

120 5081 200 5138 varia
213 5081 278 5139 loca
292 5080 419 5137 lustrare
442 5096 560 5137 necesso
576 5086 631 5151 ast,
648 5081 677 5137 in
706 5082 740 5139 D.
770 5082 890 5141 Martini
905 5084 946 5140 le·
1001 5099 1089 5154 quem
1113 5079 1226 5138 olims.
1257 5080 1385 5138 loannes
1409 5081 1528 5151 captum
1552 5093 1571 5136 a
1594 5078 1729 5136 damona
1751 5070 1800 5128 ill*
1840 5130 1842 5143 ,

120 5170 248 5228 stivitate
258 5168 455 5243 predicationi
477 5185 539 5226 suae
553 5168 734 5243 interfuisse,
751 5172 781 5227 in
797 5172 947 5245 quainter
1001 5174 1123 5228 raserat.
1840 5156 1842 5163 ¹

121 5256 263 5332 aliaque
279 5260 315 5316 ab
325 5258 390 5333 ipso
405 5258 477 5316 satis
487 5262 598 5328 ornate,
610 5259 738 5332 copiose,
752 5260 947 5335 distincteque
1036 5261 1098 5317 aar.
1129 5259 1181 5316 llic
1205 5258 1304 5332 itaque
1335 5258 1391 5316 ista
1413 5258 1510 5314 bonus
1537 5256 1595 5324 vir,
1620 5259 1685 5315 toto
1710 5256 1801 5323 eamd

122 5344 625 5422 prolatascnt‚pcllicitusest,ceu
652 5353 782 5406 montem
812 5368 945 5416 aureum,
1001 5350 1083 5405 hrrmi
1111 5352 1287 5422 prostratus,
1309 5348 1380 5404 dum
1395 5344 1527 5419 Virginis
1555 5345 1657 5404 llario
1685 5344 1800 5418 hymni!

122 5448 211 5504 quarn
227 5436 546 5496 multasemonasteria
560 5437 651 5494 etiarn
661 5440 726 5494 tum
734 5439 946 5497 monachornm
1001 5439 1201 5513 vespertinum
1225 5452 1410 5508 caneremus,
1420 5433 1516 5509 jacuit
1529 5450 1659 5511 semper.
1675 5434 1745 5493 cun
1755 5434 1802 5485 Ν

158 5573 233 5657 (207)
251 5574 322 5658 Puto
337 5577 460 5664 intelligi
475 5577 780 5660 beraticcsSabaitas,
792 5580 843 5653 qui
858 5582 888 5637 S.
899 5581 946 5639 lc·
1000 5580 1066 5637 vide
1081 5581 1228 5639 labbeum
1244 5584 1390 5650 nostrum,
1408 5581 1480 5636 ten.
1496 5576 1522 5637 11
1535 5552 1742 5643 Caeciliam,
1762 5562 1802 5626 ⁰⁰¹·

123 5648 356 5722 annrsBaptrsto
371 5650 507 5723 discipuli
517 5667 680 5723 nuncupari
694 5649 839 5709 volebant.
855 5652 896 5709 De
907 5651 945 5710 iis
1000 5653 1062 5710 402.
