3892 6096
145 243 223 309 rtet
678 238 794 300 curui
816 236 1113 301 umbratilibus
1136 236 1314 301 Mouaufli
1781 242 1854 305 1156

53 352 59 361 ’
144 363 243 449 toque,
259 372 310 446 qui
325 368 573 441 secomitabatur‚
584 385 687 442 puero,
700 370 843 443 qqaadam
858 369 969 443 specie·
984 370 1012 438 Α
1026 369 1063 425 ad
1073 368 1302 444 complanandos
1313 375 1490 443 exasperata
1502 370 1856 446 leminae'dirigitanimos

144 481 211 521 rum
225 477 345 519 suarum
360 458 492 531 potiones
503 461 605 527 terere,
616 457 742 531 vinoque
756 459 879 516 miscere
892 459 968 515 desi·
1023 459 1180 515 obsecrans
1190 465 1221 515 ut
1232 460 1256 516 si
1267 459 1364 516 visitet
1373 459 1547 532 priusquam
1555 477 1589 517 aa
1596 477 1705 517 amere
1714 462 1856 535 opprimat

143 552 259 626 gnavit:
277 549 396 604 demum
412 550 507 603 autem
529 551 674 620 quatenus
697 548 897 621 retrogradum
912 547 969 604 iter
1023 562 1114 603 mors.
1149 548 1257 604 Verum
1282 547 1333 604 illa
1356 549 1484 622 primum
1508 549 1612 606 venire
1638 549 1856 624 abnegat,post

143 657 232 715 quam
247 639 304 694 cito
319 636 490 710 arriperent,
506 636 671 709 imperavit.
683 637 785 692 Virum
801 635 899 693 diciui
917 653 969 709 per
1022 635 1214 694 nihilominus
1226 637 1378 695 dulcedine
1388 637 1559 709 eloquentie
1568 639 1755 696 nuntiorum
1766 640 1855 697 mniti-

142 744 258 789 omnem
271 726 349 784 viam
361 725 593 799 quotiescunque
602 725 731 783 dolorem
743 730 866 782 mortem
879 725 966 780 mini·
1021 724 1133 797 pliciter
1147 725 1268 783 delinita
1283 732 1369 799 atque
1386 727 1506 784 iletuum
1533 733 1561 784 et
1576 743 1708 801 precum
1725 727 1854 788 vascua

140 823 252 876 tantam
259 816 414 886 sentiebat,
422 814 966 888 paululumpotionispradictesorbe·
1021 813 1160 887 instigata
1176 833 1234 873 una
1249 815 1386 872 cumfilio
1398 817 1539 872 advirum
1551 821 1703 890 properat
1717 816 1851 877 nobilium

140 909 202 978 bat,
218 911 342 963 mortem
357 897 491 961 avulsam
504 903 760 976 valetudinemque
776 903 905 976 corporis
920 919 965 960 ra·
1020 902 1182 961 multorum
1198 905 1314 979 agmine
1328 904 1444 963 vallata.
1463 905 1622 962 linimvero
1634 921 1768 962 cernens
1783 907 1851 981 prin·

140 998 290 1069 sumptam
314 994 380 1050 viva
399 1009 470 1050 voce
485 993 659 1050 ostentabat.
671 993 753 1058 Quod
767 992 868 1049 tandiu
885 992 963 1064 iecit,
1019 1008 1088 1066 ceps
1097 995 1284 1066 prudentiam
1293 996 1499 1068 compotentia
1509 994 1650 1052 mulieris
1661 1003 1693 1052 et
1701 995 1849 1067 pulchritu-

140 1088 232 1144 donec
246 1083 283 1139 ad
298 1081 449 1140 ecclesiam
465 1099 553 1155 quam
569 1099 625 1139 asa
637 1082 809 1139 aediiicatam
824 1080 963 1154 diximus,
1018 1079 1116 1138 dinem
1131 1081 1184 1137 iiiii
1200 1082 1236 1140 de
1251 1083 1355 1139 senati
1370 1083 1406 1140 ad
1416 1083 1588 1142 referendas
1602 1083 1789 1141 innumeras
1801 1085 1849 1143 lin·

139 1174 228 1232 venit.
242 1173 351 1229 Verum
365 1170 416 1227 ubi
432 1170 582 1244 sepultura
595 1170 633 1227 od
643 1174 741 1227 votum
757 1171 822 1243 ejus
833 1174 911 1227 esset
922 1169 963 1226 el·
1017 1170 1069 1226 des
1083 1170 1198 1228 Christo
1213 1188 1244 1227 sc
1258 1175 1353 1229 totuin
1365 1171 1507 1229 convertit
1521 1187 1556 1229 eo
1569 1173 1655 1244 quod
1670 1178 1703 1229 et
1714 1173 1849 1232 nobilissi-

140 1264 232 1321 lauta:
248 1262 393 1331 Humana,
408 1259 514 1333 inquit,
531 1260 635 1316 cedant
657 1259 860 1332 medicamina,
876 1263 904 1315 ct
919 1275 962 1316 re·
1017 1258 1159 1316 mamsilii
1171 1259 1300 1316 indolem
1311 1260 1438 1334 adregni
1449 1261 1661 1334 gubernacula
1673 1265 1779 1335 eptam
1790 1263 1848 1322 uiri

139 1350 300 1425 parationis
315 1354 432 1420 nostre,
443 1349 507 1406 dico
518 1354 616 1407 autem
629 1348 759 1423 corporis
769 1354 798 1407 et
809 1348 963 1422 sanguinis
1017 1363 1105 1420 quam
1117 1349 1253 1405 credebat
1262 1353 1291 1405 et
1301 1349 1457 1424 conjugem
1468 1350 1520 1406 diu
1530 1350 1613 1408 maie
1624 1355 1764 1409 traciam
1773 1369 1847 1425 amori

138 1439 245 1496 Christi
270 1439 320 1496 Dei
347 1438 404 1495 mei
430 1438 589 1494 afferantur
617 1438 737 1495 cibaria.
766 1437 895 1494 liliatum
917 1441 962 1496 est
1015 1453 1070 1494 suo
1084 1436 1266 1495 reconciliari
1277 1443 1408 1511 paratam
1420 1439 1578 1497 sentiebat.
1590 1439 1766 1499 Paululum
1776 1442 1846 1517 igitir

23 1590 26 1595 ,
137 1546 203 1602 ergo
219 1528 296 1601 quod
313 1526 482 1601 postulavit,
499 1526 604 1600 piaque
612 1527 764 1584 devotione
779 1542 900 1584 sumens
915 1543 960 1584 er·
1015 1525 1140 1600 hujusce
1154 1526 1264 1583 leticia
1280 1544 1370 1585 eausa
1384 1544 1401 1584 a
1416 1529 1517 1586 morbo
1533 1530 1697 1588 relevatus
1713 1533 1843 1589 communi

135 1617 284 1691 gastoium
300 1615 502 1673 carnisexivit.
514 1617 627 1673 Haecde
641 1616 793 1674 tantoviro
808 1632 876 1673 cum
887 1616 960 1672 mihi
1015 1614 1151 1672 consultu
1167 1615 1254 1672 matri
1268 1632 1300 1672 ao
1317 1619 1385 1673 nato
1412 1633 1537 1690 regnum
1563 1618 1666 1676 tradit
1680 1622 1842 1695 quaeqiice'i

135 1705 272 1764 retulisse
286 1705 325 1763 ait
338 1710 467 1780 gratum,
483 1703 556 1760 nulii
568 1705 663 1778 cogito
680 1706 739 1762 lore
754 1720 922 1762 onerosum.
1015 1706 1128 1778 agenda
1139 1705 1252 1762 lucrant
1263 1707 1423 1778 prudenter
1430 1706 1596 1763 admodum
1608 1710 1841 1783 imperandodis

1014 1793 1213 1865 poenitente
1236 1794 1336 1850 omnia
1361 1810 1478 1867 quoque
1501 1794 1609 1853 dolum
1639 1797 1839 1856 Bosoniabir·

1015 1881 1141 1938 chiensis
1157 1881 1272 1938 comitis
1288 1888 1388 1939 contra
1410 1900 1442 1942 se
1468 1885 1632 1942 actitatum
1650 1886 1786 1959 allegans
1796 1905 1839 1946 non

168 1946 310 2002 Preterea
324 1945 353 2000 in
369 1946 471 2007 eadam
482 1943 580 2000 insula
594 1944 724 2000 cernitur
738 1943 898 2001 ecclesiain
908 1943 960 2001 ho·
1015 1970 1111 2026 solum
1126 1969 1231 2038 filium,
1242 1987 1344 2027 verum
1355 1972 1443 2027 etjam
1454 1977 1580 2030 ,unm
1593 1974 1653 2046 quq
1665 1992 1703 2033 ω
1713 1977 1839 2034 confla,

133 2050 203 2091 nore
216 2033 290 2090 beati
303 2033 417 2101 Pientii,
430 2037 463 2089 ut
474 2033 591 2105 dicitur,
604 2033 731 2106 episcopi
744 2033 866 2090 lundata
877 2051 884 2101 ;
897 2050 960 2106 que
1015 2062 1081 2114 mut
1094 2075 1228 2131 meere,
1243 2059 1279 2115 ad
1301 2059 1460 2116 vindictam
1485 2061 1542 2118 ,ub
1564 2063 1773 2136 jurejurando
1787 2082 1840 2122 00„

132 2122 521 2197 ipsavetustatcadmodum
534 2121 813 2195 probaturantiqua.
824 2122 896 2178 Cum
908 2138 960 2178 au·
1015 2148 1142 2203 strinxit,
1159 2148 1186 2204 1s
1201 2148 1279 2204 enim
1309 2149 1383 2205 3030
1411 2149 1461 2206 ubi
1483 2150 1668 2210 mmm
1696 2154 1840 2229 principe„

132 2215 191 2268 tem
207 2229 333 2286 persona
356 2211 491 2283 ejusdem
516 2211 680 2268 fundatoris
706 2210 843 2278 ecclesie,
859 2211 961 2284 quisve
1015 2237 1093 2292 undo
1107 2236 1234 2310 agimus,
1249 2237 1335 2308 cuju„
1350 2238 1437 2310 (ωηο,
1448 2254 1502 2312 ope
1512 2243 1543 2297 eq
1553 2240 1676 2298 auxilio
1687 2243 1726 2300 ,d
1736 2245 1840 2303 comp,

131 2300 235 2358 beatus
251 2301 338 2357 luerit
352 2300 482 2357 Pientius
506 2299 656 2373 queritur.
684 2304 828 2373 quantum
842 2301 960 2358 adverto
1014 2329 1079 2381 qum
1095 2330 1249 2398 provectu„
1265 2330 1337 2395 emt,
1354 2326 1515 2401 chiragrico
1537 2330 1652 2388 morbo
1667 2348 1839 2406 oppressum,

131 2392 285 2461 utriusque
316 2388 358 2444 rei
387 2388 529 2444 certitudo
558 2389 593 2444 ab
620 2387 790 2444 bominibus
818 2390 958 2488 nescitur.
1012 2414 1159 2487 variisque
1170 2415 1356 2487 passionibus
1367 2415 1507 2493 obsitum,
1521 2421 1717 2493 mmmm
1727 2439 1838 2496 quoqu,

129 2476 232 2532 'l'otius
245 2491 350 2547 nempe
359 2474 438 2548 vulgi
454 2492 503 2531 ore
513 2475 698 2546 predicatur,
709 2477 785 2548 quod
800 2476 957 2546 colliberti,
1013 2504 1090 2574 quod
1106 2520 1180 2577 pene
1203 2503 1377 2561 imminebat
1402 2506 1466 2577 ojus
1492 2507 1640 2566 videlicet
1655 2511 1782 2583 obitum·
1794 2511 1837 2571 fig.

129 2565 165 2620 de
180 2564 289 2637 quibus
300 2564 436 2637 superius
448 2563 704 2632 dicebamus,eam
721 2561 873 2665 ecclesiam
888 2566 957 2664 adi·
1012 2608 1100 2667 quam
1128 2593 1304 2665 promiserat
1326 2592 1426 2659 oblim,
1442 2596 1525 2667 prius
1550 2595 1728 2657 ealliditate
1741 2602 1836 2658 mlh

129 2654 299 2720 ficaverunt,
316 2659 404 2725 atque
419 2653 448 2709 in
460 2670 494 2709 ea
509 2654 623 2724 quotics
636 2652 766 2753 piscandi
781 2658 873 2723 gratia
886 2653 957 2711 iiiuc
1011 2681 1161 2752 coepitsibi
1172 2681 1331 2753 subjugare
1341 2683 1406 2753 ejus
1420 2684 1527 2756 oppida
1538 2702 1616 2742 rum
1627 2693 1660 2743 et
1672 2688 1833 2762 municiph:

128 2741 324 2813 advenistcnt,
342 2742 480 2815 mysteria
503 2740 600 2797 misse
616 2742 789 2798 audiverint.
807 2742 862 2798 Sed
878 2748 906 2799 et
920 2744 956 2800 de
1010 2770 1114 2826 deinde
1138 2770 1275 2826 amicitiis
1302 2772 1534 2843 muneribusque
1563 2774 1718 2849 colligam
1742 2778 1835 2835 nobile

127 2830 213 2888 beato
228 2830 340 2887 Pientio
356 2831 490 2900 retertur,
502 2831 579 2901 quod
595 2830 750 2902 cujusdam
762 2831 893 2888 custodis
907 2849 954 2889 eo·
1008 2873 1141 2930 quosque
1156 2875 1189 2915 ω
1203 2875 1258 2915 Μ
1272 2859 1410 2917 castella:
1428 2865 1579 2934 postremo
1591 2871 1752 2925 omem
1762 2882 1834 2925 m

126 2917 221 2974 ciesiae
236 2919 313 2975 beati
325 2917 400 2974 Petri
415 2918 539 2974 Pictavis
556 2917 642 2974 luerit
652 2917 742 2984 iilius,
758 2926 844 2990 atque
858 2921 888 2975 in
905 2936 953 2977 ea·
1006 2946 1114 3003 latione
1123 2947 1270 3005 Piotmm
1282 2949 1431 3007 civitatem
1441 2955 1530 3008 noctu
1540 2952 1647 3010 musto
1660 2956 1835 3029 mmmm

127 3006 194 3062 dem
210 3011 357 3064 crescente
372 3006 647 3080 religionevitaquc
663 3007 766 3063 merito
778 3010 952 3080 posteaoiii·
1006 3032 1228 3108 iltfflumpem
1239 3052 1396 3112 aggressus
1405 3038 1834 3113 eskffiliquaquonihflomim

126 3095 206 3152 cium
216 3095 378 3169 susceperit
387 3095 581 3168 episcopatus.
593 3097 697 3152 Verum
710 3096 770 3153 hec
781 3103 881 3153 utrum
892 3099 952 3156 sint
967 3103 989 3173 c
1007 3124 1089 3197 regni
1104 3125 1254 3196 possidere
1264 3126 1345 3196 jum,
1360 3126 1411 3183 sod
1427 3129 1533 3184 avorti,
1546 3145 1623 3187 eum
1643 3132 1832 3208 Momm

127 3199 204 3254 vers,
221 3188 254 3240 ut
283 3183 422 3285 diximus,
451 3184 612 3284 dubitator.
643 3184 708 3241 Hac
738 3186 781 3287 de.
801 3187 953 3260 antiquata
1008 3211 1831 3295 mundialementia.Postquamitequeexdiepofllilw

125 3271 319 3330 Malliacenais
335 3272 438 3329 insulsa
449 3273 534 3330 nobis
545 3279 693 3347 comperta
704 3274 829 3332 fideliter
844 3276 953 3333 descri-
1007 3302 1089 3375 regni
1104 3301 1233 3374 itemqu„
1258 3304 1463 3375 Pmoumqqong
1481 3305 1528 3361 sup
1551 3307 1620 3367 dux
1636 3311 1765 3370 verbum
1777 3328 1830 3370 m.

125 3362 250 3434 1181111118·
264 3362 367 3419 nimi
375 3361 475 3434 1111119
490 3367 523 3419 ¹st
537 3380 602 3436 (1¹¹ae
614 3365 831 3437 PP⁰P⁰⁵U5¹1¹U⁸2
843 3366 954 3422 ⁰mi⁸⁵³
1007 3387 1095 3445 clusit
1110 3396 1299 3448 sacrosancta
1307 3392 1447 3465 mysteria
1460 3399 1570 3453 nostres
1582 3401 1830 3470 rapamuoniiob

125 3451 317 3524 dissfflflssiffllei
333 3466 539 3524 ⁸¹⁸³q¹¹⁸¹11¹¹l·
1006 3477 1073 3533 nixa
1096 3479 1232 3551 expetiit:
1258 3479 1365 3552 quiqus
1389 3483 1553 3556 assumptis
1581 3501 1693 3546 coram
1716 3490 1830 3559 suiad

158 3591 222 3665 ἓν.
241 3592 396 3652 mmmm
409 3594 467 3650 dux
481 3602 508 3650 et
524 3593 687 3652 Emeum
699 3596 801 3668 conjux
814 3597 916 3653 amm
1006 3566 1149 3638 scriptum
1165 3571 1220 3638 est,
1235 3567 1265 3624 in
1278 3573 1428 3627 senectute
1439 3570 1516 3627 bona
1525 3571 1653 3631 vivendi
1665 3577 1828 3636 tinemicrit

453 3668 623 3722 imm„
1004 3653 1143 3727 Sepultus
1158 3672 1229 3712 sane
1251 3659 1296 3712 est
1311 3662 1378 3729 post
1399 3657 1532 3714 triduum
1557 3661 1593 3717 in
1610 3663 1827 3726 sinistrosano‘

1005 3742 1143 3800 Maxentii
1158 3743 1248 3801 latare
1262 3749 1350 3818 atque
1364 3746 1525 3804 multorum
1537 3752 1692 3821 precibus
1706 3773 1741 3813 ac
1753 3755 1826 3828 lersy·

1004 3831 1061 3888 mis
1070 3833 1127 3889 Deo
1136 3835 1359 3892 commendatus
1367 3835 1693 3901 Christianoconditus
1704 3849 1824 3903 mimae

1004 3920 1072 3977 Post
1084 3921 1148 3993 eius
1163 3922 1316 3994 exsequias
1331 3924 1367 3981 ad
1381 3930 1563 3998 preceptum
1582 3928 1639 3986 ulii
1656 3933 1708 3990 sui
1721 3930 1825 3991 Phiara

1002 4014 1086 4067 terre
1101 4011 1239 4071 nobilitas
1253 4012 1387 4069 convenit
1397 4013 1601 4075 deliberatura
1611 4035 1676 4092 quo
1691 4027 1776 4095 pecie
1786 4036 1825 4096 μ

1002 4104 1119 4156 ternum
1134 4101 1261 4159 dedecus
1275 4102 1305 4157 in
1316 4102 1401 4159 hoste
1415 4103 1517 4161 ulcisci
1528 4111 1562 4163 et
1578 4107 1682 4168 divisa
1697 4111 1824 4186 provincia

1001 4186 1110 4245 valeret
1124 4189 1303 4246 concordari.
1320 4190 1447 4248 Breviter
1475 4201 1673 4268 compertum
1689 4205 1737 4259 est
1749 4216 1779 4257 ao
1790 4214 1822 4256 aa·

1001 4283 1149 4336 eramento
1164 4278 1324 4349 firmatum,
1340 4296 1434 4353 neque
1453 4281 1553 4340 adhuc
1570 4285 1706 4347 Bosonis
1720 4287 1823 4347 audaci

1000 4367 1177 4440 quiescebat.
1575 4392 1580 4401 ·

266 1842 280 1909 ᾖ
300 1838 347 1896 iv.
368 1867 403 1878 -
421 1839 460 1893 ile
478 1838 593 1894 ccclesia
610 1840 702 1894 coacti
720 1838 827 1894 Pientii'

158 3779 285 3854 Uterque
300 3782 405 3854 conjux
416 3782 493 3838 unda
507 3798 602 3838 sermo
614 3782 670 3839 hoc
681 3798 775 3855 usque
787 3789 951 3856 pertractus

122 3873 178 3935 est,
195 3870 302 3926 iteruin
319 3871 490 3927 adinvicem
506 3871 683 3942 irascuntur,
699 3876 729 3927 et
742 3872 857 3928 mulieri
873 3873 950 3930 mui-

121 3956 949 4032 tiplieespoenaeminantur.Quidampiiusmorerilicruin

119 4044 248 4117 lugetur.
276 4047 343 4111 Quae
372 4048 408 4102 ad
440 4063 509 4103 suos
537 4046 654 4103 veniens
683 4047 788 4120 tilium,
812 4064 899 4120 quein
916 4067 950 4106 cx

120 4132 253 4205 principe
276 4140 456 4207 susceperat,
485 4134 542 4207 ipsi
572 4134 662 4191 iurari
692 4135 777 4191 iecit:
800 4137 948 4195 estimans

119 4235 249 4293 namque
259 4221 387 4279 furorem
399 4222 453 4277 viri
464 4223 874 4296 suiimplacabilem,suumve
882 4227 947 4282 red·

118 4306 194 4364 itum
210 4310 380 4383 desperans,
407 4310 599 4385 burguliense
622 4313 788 4369 caenobium
804 4314 948 4373 adificare

119 4397 207 4470 cepit
221 4399 310 4472 quod,
325 4405 444 4456 auctore
468 4400 603 4468 Domino,
628 4401 657 4456 in
674 4402 753 4458 brevi
768 4402 946 4477 completum

118 4502 290 4544 consecrare
304 4488 384 4554 iecit,
401 4489 538 4562 beatique
552 4489 630 4547 Petri
645 4490 744 4547 Roma
755 4491 858 4551 ditioni
874 4494 944 4551 sub·
960 4474 984 4541 Ῑ)

117 4575 209 4634 misit.
227 4576 341 4635 Interea
355 4578 479 4636 maritus
496 4578 587 4636 multo
598 4581 663 4652 jam
683 4579 764 4639 senio
780 4582 947 4641 confractus
1001 4553 1703 4690 ἕζὲνὲιῑὲἔίἵῖὥέθέἐῃῶᾜρῌοω
1714 4570 1820 4647 m
1874 4622 1876 4641 ι

1559 4645 1686 4709 cctccioe,
1708 4639 1819 4712 etqui·

116 4666 300 4724 mundialem
313 4684 453 4743 pompam
465 4686 606 4743 spernens
617 4671 693 4742 apud
705 4669 822 4728 beatum
833 4673 947 4745 Cypria·
1035 4706 1079 4755 m.
1089 4699 1249 4756 Agapmodf,
1271 4703 1408 4758 mmmm
1430 4703 1486 4773 sugg
1511 4713 1646 4768 mma
1675 4712 1750 4769 did,
1762 4710 1819 4768 quq.
1874 4740 1876 4751 .

117 4769 188 4810 uum
204 4755 329 4813 Pictavis
344 4762 453 4815 sanctas
478 4757 630 4832 religionis
652 4759 787 4815 habiturn
803 4761 944 4833 suscepit,
1034 4771 1117 4828 tetmo
1129 4769 1203 4840 daci,
1220 4776 1324 4830 mortuo
1339 4775 1397 4847 ejus
1410 4776 1522 4851 morito,

116 4859 150 4900 ao
165 4843 381 4903 Malliaccnsem
396 4845 550 4905 ecclesiam
572 4847 709 4920 projectis
724 4848 945 4908 Turonensibus
1874 4890 1876 4909 .

115 4933 320 4991 monacbisoh
346 4939 546 5008 contemptum
575 4936 674 4991 uxoris
702 4935 944 5009 beatoCypriano
1032 4937 1203 4997 adalmodis
1218 4938 1337 5011 quidem
1352 4957 1425 4998 uxor
1444 4942 1510 5015 ejus
1527 4943 1725 5008 observatrix
1735 4949 1818 5007 adme·
1874 4974 1876 5059 p

114 5021 251 5093 subjecit.
265 5026 323 5080 Neo
338 5024 432 5080 multo
443 5028 507 5098 posi
518 5024 617 5080 abbati
628 5025 761 5096 ejusdem
773 5027 943 5085 monasterii
997 5028 1068 5084 dum
1090 5029 1254 5102 caraqorum
1281 5037 1367 5103 atque
1395 5030 1616 5095 maleficiorum
1643 5041 1817 5114 quodamm-
1874 5086 1876 5093 .

113 5108 208 5168 iratus
218 5128 286 5169 euin
298 5113 437 5184 deseruit,
449 5117 478 5170 et
488 5112 566 5170 beati
576 5112 714 5170 Maxentii
726 5114 891 5172 cmnobium
901 5115 943 5172 in·
996 5117 1254 5190 sponsodiabolico
1260 5119 1430 5191 jactabatse
1439 5124 1596 5196 accepisse
1604 5127 1637 5185 in
1650 5129 1733 5187 bravi
1742 5129 1816 5186 Picta·

113 5199 249 5270 grediens
264 5218 358 5275 usqua
374 5202 410 5259 ad
439 5207 564 5260 mortem
579 5201 649 5259 illuc
675 5218 706 5259 se
720 5210 941 5276 perveraturum
996 5223 1117 5263 venscm
1139 5223 1170 5264 se
1192 5206 1816 5293 comitissamiore,Maritusautemquinca·

113 5289 279 5358 spopondit.
292 5290 940 5366 Postquinquenniumquoquegraveincom·
996 5294 1078 5352 nulla
1092 5312 1159 5352 vera
1173 5296 1237 5367 ejus
1251 5296 1391 5370 presagio
1415 5297 1585 5373 audiverat,
1600 5303 1813 5366 taionnacus

113 5373 235 5433 modum
252 5378 384 5448 incurrit,
400 5381 479 5454 quod
491 5380 548 5439 sibi
563 5381 848 5439 accidissenonnulli
864 5400 940 5441 aase-
995 5384 1104 5458 puippe
1120 5401 1240 5441 uxorem
1261 5384 1373 5458 absque
1397 5402 1430 5444 se
1450 5393 1658 5453 conscendere
1673 5413 1733 5453 non
1747 5405 1814 5469 pesa·
1874 5372 1876 5437 i

111 5461 217 5522 rebant
231 5466 267 5522 ob
281 5467 394 5526 lacinus
404 5471 519 5529 amissa
530 5469 638 5528 uxoris.
650 5469 779 5527 Credidit
791 5472 878 5531 bomo
894 5491 939 5532 ac·
995 5474 1031 5532 ad
1046 5473 1199 5545 conjectati
1214 5473 1333 5530 bonoria
1358 5475 1481 5535 eredens
1496 5477 1614 5541 laetum
1637 5485 1764 5558 jamjam
1777 5497 1812 5555 pe·
1874 5486 1876 5547 j

112 5552 341 5619 cusatoribusac
351 5556 537 5624 honorabiles
546 5558 681 5641 regniaci
687 5557 817 5639 deligens
826 5560 938 5641 legatos
993 5562 1056 5625 tulo
1071 5566 1100 5625 et
1113 5562 1199 5624 dictis
1213 5565 1242 5623 et
1255 5561 1340 5623 iactis
1355 5563 1545 5659 pictavorum
1566 5572 1708 5637 detectae
1721 5580 1764 5636 ait
1774 5568 1812 5631 at·
