3892 6096
110 247 187 321 stol
615 244 772 307 elatee.
794 246 847 306 DE
868 245 1011 310 celeus
1033 247 1348 320 QUAESTIONIBUS.
1759 258 1834 325 'iffi

112 379 252 438 uirtutes
261 375 541 449 contingitactionc,
547 375 605 433 nisi
615 391 679 448 qua
689 377 813 435 interior
822 379 956 451 concepit
964 406 967 411 2
970 389 997 457 Α
1010 380 1075 452 iore
1088 397 1140 453 pro
1153 381 1208 438 hec
1223 382 1348 454 quilibet
1361 384 1456 443 ildelis
1471 386 1576 444 mereri
1586 385 1664 445 valet
1677 387 1745 446 lldei
1760 406 1832 462 pre·

125 467 254 534 ratione,
270 470 400 540 excepto,
416 483 482 522 cum
507 467 644 534 necdum,
659 468 736 523 sicut
756 466 893 536 inientes,
909 485 956 524 ra·
1012 469 1081 525 mia.
1093 471 1137 525 ed
1153 469 1214 526 hec
1224 471 1314 527 etiam
1324 475 1421 530 omnis
1431 476 1608 532 Testamenti
1619 476 1731 535 Veteris
1745 477 1835 535 biste-

124 557 219 617 tionis
234 572 338 629 capax,
349 555 394 611 vel
410 571 477 611 cum
493 555 621 626 peccatis
637 555 820 628 exigentibus
836 557 957 613 insanire
1011 558 1054 613 ria
1068 559 1203 630 pertinet,
1216 576 1279 631 que
1304 562 1459 618 carnaliter
1482 570 1564 636 gesta
1578 566 1619 622 ita
1633 566 1787 624 denuntiat
1801 570 1834 624 ut

125 647 233 705 morbo
247 643 373 702 laborat.
386 644 513 716 ldeoquo
527 644 557 701 in
573 644 720 701 interioris
733 645 845 702 ratione
860 646 958 703 omnis
1011 648 1042 703 in
1057 647 1099 705 eis
1123 647 1284 720 spiritualis
1298 650 1361 705 vitm
1378 651 1600 724 intelligentiam
1624 656 1833 728 exquirendam

126 734 286 795 exterioris
301 733 408 806 pendet
422 731 507 789 actio.
1012 738 1141 793 edoceat.
1153 738 1219 802 Oua
1235 739 1305 811 quia
1320 743 1389 795 sunt
1403 744 1483 796 tanta
1499 746 1531 796 ut
1545 747 1573 798 et
1586 743 1756 814 peritissimi
1772 745 1836 818 qui·

164 823 371 882 Abscisicnem
381 838 508 895 quoque,
517 822 562 879 vel
573 822 825 880 circumcisionem
839 825 898 896 pati
910 841 957 897 po
1012 842 1069 898 que
1082 827 1130 881 vix
1144 828 1179 881 ad
1194 826 1255 882 beo
1270 827 1455 884 discutienda
1468 830 1617 886 sulficiant
1631 837 1660 887 et
1673 833 1835 906 sepissime

128 918 189 973 test
202 913 291 972 bomo
312 911 436 968 interior
459 911 701 984 numerosiorem,
718 929 805 985 quam
822 913 957 971 exterior.
1012 914 1177 971 aPatribus
1198 916 1308 972 sanctis
1333 917 1516 988 reperiantur
1539 918 1683 991 discussa,
1699 923 1837 980 universa

124 1005 187 1064 Sed
202 1003 233 1060 iu
248 1002 304 1060 boc
318 1000 475 1073 utriusque
490 999 675 1058 circumcisio
690 1002 781 1058 distet
796 1003 865 1074 quia
880 1007 958 1059 exte·
1012 1005 1076 1061 sine
1090 1004 1274 1061 discussione
1288 1006 1482 1077 preterimus.

128 1095 192 1153 rior
203 1109 263 1167 quo
277 1091 346 1166 plus
362 1091 449 1146 luerit
459 1089 664 1159 circumcisus,
677 1107 710 1146 ec
722 1091 816 1164 magis
831 1093 867 1147 ad
882 1093 959 1149 bona
1048 1093 1080 1148 ln
1097 1092 1249 1149 elementis
1264 1110 1380 1166 quoquc
1391 1100 1420 1151 et
1434 1096 1464 1151 in
1480 1096 1568 1152 rebus
1579 1097 1761 1169 quibuslibet
1771 1099 1836 1156 vite

117 1188 161 1241 :et
174 1180 255 1239 mala
267 1178 412 1252 explenda
426 1179 558 1235 redditur
569 1179 715 1236 infirmus.
729 1180 877 1237 interioris
890 1198 959 1237 vero
1014 1182 1174 1253 presentis,
1201 1199 1252 1239 nec
1275 1199 1333 1239 uon
1357 1185 1386 1239 in
1412 1186 1690 1254 consecrationibus,
1708 1188 1837 1246 maxima

117 1269 318 1330 circumcisio
338 1269 375 1325 ad
389 1267 461 1323 vitia
483 1268 601 1340 quidem
626 1272 784 1341 utrumque
809 1269 958 1326 bominem
1013 1271 1152 1343 mysteria
1166 1272 1364 1328 inveniuntur.
1378 1273 1529 1330 Elementa
1541 1275 1657 1332 audiam
1674 1277 1749 1345 dico,
1761 1294 1838 1350 quas·

134 1359 235 1419 reddit
248 1358 408 1425 intirmum,
422 1357 457 1414 ad
472 1357 595 1414 virtutes
610 1362 708 1414 autem
723 1359 864 1414 validum.
878 1358 960 1416 Unde
1014 1376 1130 1431 cunque
1145 1360 1199 1416 sub
1215 1360 1369 1433 corporali,
1384 1361 1428 1418 rel
1442 1363 1581 1419 invisibili
1597 1365 1764 1422 substantia
1778 1366 1836 1424 bu·

135 1454 167 1507 et
180 1448 230 1505 illa
244 1447 363 1505 omniuo
378 1451 425 1503 est
438 1448 597 1503 exercenda
611 1463 675 1519 que
690 1447 758 1504 vitia
775 1448 960 1504 solummodo
1014 1449 1111 1504 manis
1139 1450 1243 1505 usibus
1271 1451 1449 1508 deserviunt.
1464 1451 1545 1508 Unde
1568 1453 1657 1509 etiam
1681 1454 1836 1525 elementa,

132 1537 270 1607 abscidit,
283 1536 405 1592 virtutes
420 1539 518 1592 autem
535 1536 639 1604 nutrit,
652 1553 775 1609 quaeque
788 1554 848 1593 non
862 1538 960 1594 solum
1015 1538 1100 1610 quasi
1115 1537 1303 1609 elevamenta,
1316 1540 1344 1594 id
1360 1544 1403 1595 est
1417 1540 1622 1613 supplementa
1632 1543 1771 1600 dicuntur
1784 1560 1837 1616 pro

130 1629 163 1685 in
177 1627 268 1697 Nove,
284 1626 335 1683 sed
359 1625 447 1681 etiam
463 1625 492 1681 in
508 1625 602 1681 Veteri
617 1625 805 1682 Testamenta
827 1626 961 1698 jubetur,
1015 1642 1048 1682 co
1059 1627 1136 1697 quod
1147 1626 1282 1681 bumana
1294 1627 1441 1698 fragilitati
1455 1645 1505 1700 pro
1516 1629 1721 1702 supplemento
1731 1647 1836 1688 couce-

131 1719 292 1774 attestante
304 1714 432 1771 leremia
447 1712 599 1787 propheta.
612 1713 661 1786 qui
678 1714 768 1773 dicit:
781 1715 962 1772 Circumcidi-
975 1757 1000 1823 B
1016 1716 1137 1785 duntur,
1150 1720 1182 1771 ut
1196 1715 1250 1781 sol,
1268 1715 1347 1780 luna,
1359 1715 1461 1781 stello,
1480 1718 1629 1784 animalia,
1641 1719 1740 1775 bestiae
1754 1727 1837 1776 eete-

132 1806 208 1862 ntai
220 1805 351 1874 Domino,
367 1810 393 1859 et
403 1803 510 1874 essene
520 1805 662 1876 preputio
674 1804 797 1860 cordium
812 1812 961 1861 uestrorum
1015 1819 1105 1875 reque
1120 1802 1301 1873 hujusmodi.
1317 1804 1379 1859 Non
1400 1802 1442 1859 sol
1463 1809 1600 1860 eternam
1617 1807 1666 1862 Dei
1681 1810 1710 1862 ct
1726 1807 1838 1865 bomini

131 1894 206 1969 (ter.
220 1909 259 1950 tv.
1015 1891 1108 1947 nostri
1122 1891 1193 1946 lesu
1208 1891 1316 1947 Christi
1328 1891 1499 1959 claritatem,
1514 1892 1586 1949 lone
1599 1900 1732 1952 sanctam
1747 1904 1778 1953 et
1790 1912 1837 1953 cs·
1875 1940 1878 1948 .

169 1983 203 2040 si
225 1984 328 2039 autem
351 1980 459 2054 queris
488 1981 634 2055 quomodo
657 1983 754 2039 cordis
777 1983 960 2040 circumcisio
1014 1980 1152 2036 tholicam
1178 1981 1335 2036 Ecclesiam
1360 1981 1481 2054 mystice
1502 1982 1837 2057 designantquouiam,

136 2075 253 2147 agatur,
262 2069 586 2142 audi.Quotiescunque
596 2069 686 2143 igitur
695 2071 797 2128 efferos
808 2071 897 2129 animi
908 2073 962 2128 im·
1015 2069 1092 2125 sicut
1105 2067 1185 2136 luna,
1197 2069 1238 2124 ita
1252 2073 1281 2124 et
1295 2075 1396 2125 sancta
1406 2070 1543 2135 Ecclesia,
1556 2089 1634 2128 nuuc
1648 2073 1838 2143 incrementa,

118 2165 223 2236 ‚petas
235 2156 502 2230 delectationesque
512 2174 664 2230 perversas
675 2161 860 2233 represseris,
875 2161 961 2218 toties
1016 2175 1093 2213 nunc
1107 2157 1281 2214 detrimenta
1303 2159 1348 2214 sui
1375 2160 1493 2231 patitur.
1510 2160 1545 2215 Et
1560 2161 1636 2217 siout
1660 2160 1732 2219 luna
1746 2180 1839 2237 appa·

137 2250 168 2307 iu
183 2248 272 2306 corde
286 2247 384 2321 agitur
393 2247 577 2303 circumcisio
589 2247 639 2303 ubi
652 2264 752 2305 eorum
763 2250 796 2305 fit
806 2250 960 2322 repressio,
1015 2252 1097 2303 rente
1111 2247 1242 2303 claritate
1254 2246 1325 2303 solis
1341 2247 1461 2304 minime
1476 2249 1564 2316 lucet,
1576 2252 1725 2307 occidente
1740 2257 1839 2309 autem

120 2343 168 2397 ·et
181 2338 260 2395 uude
273 2335 393 2410 emperit
415 2352 518 2393 eorum
542 2336 680 2410 egressio.
696 2338 729 2394 ln
752 2339 838 2394 corde
853 2339 962 2413 quippe
1016 2352 1084 2391 mox
1096 2335 1194 2392 lucere
1213 2335 1295 2398 solet,
1312 2338 1353 2392 ita
1367 2341 1396 2392 et
1410 2336 1548 2404 Ecclesia,
1564 2339 1667 2394 divinoe
1683 2341 1838 2413 perlectio-

135 2427 276 2485 oriontur
296 2429 326 2481 et
349 2425 385 2481 de
409 2424 496 2481 corde
517 2423 717 2497 egrediuntur,
733 2425 810 2481 sicut
831 2425 964 2482 Salvator
1016 2427 1061 2481 nis
1077 2425 1204 2481 claritati
1220 2430 1400 2497 comparata,
1417 2425 1528 2482 nullam
1539 2427 1663 2498 justitie
1677 2427 1772 2484 lucem
1786 2429 1840 2484 ba·

138 2520 240 2574 noster
253 2515 283 2572 in
297 2513 454 2588 Evangelio
467 2513 556 2570 dicit:
573 2515 609 2570 De
622 2514 701 2570 corde
715 2517 792 2571 euim
806 2519 906 2572 emetat
918 2531 962 2572 co-
1016 2515 1080 2583 bet;
1097 2530 1149 2587 per
1167 2531 1197 2570 se
1220 2531 1297 2584 vero,
1314 2515 1402 2570 idest
1418 2515 1493 2570 inter
1517 2516 1665 2585 mortales,
1681 2517 1840 2575 virtutibus

121 2605 288 2680 ,simiam
306 2604 399 2672 mule,
415 2603 574 2669 homicidio,
592 2603 741 2670 adelerio,
756 2606 963 2676 fornicationes,
1017 2602 1155 2675 plurimis
1179 2601 1265 2657 lucet.
1281 2601 1376 2658 Stella
1405 2602 1537 2674 singulos
1562 2620 1694 2675 quosque
1722 2610 1841 2661 sanctos

121 2698 227 2767 ‚terte
241 2691 501 2767 sclceteetimoaic,
519 2692 696 2763 blasphemie
710 2693 813 2765 (licttb.
829 2696 887 2766 xv).
1019 2694 1168 2762 denotant,
1184 2690 1253 2762 quia
1269 2691 1346 2746 sicut
1367 2690 1452 2747 stella
1473 2691 1570 2748 differt
1582 2709 1600 2747 a
1614 2692 1698 2749 stella
1711 2690 1841 2751 claritate

175 2783 285 2849 Quade
300 2799 330 2838 re
343 2781 491 2855 colligitur
501 2782 580 2853 quia,
591 2797 658 2836 cum
673 2780 794 2838 interior
808 2782 895 2839 bomo
907 2799 964 2840 non
1019 2786 1044 2850 (1
1060 2780 1122 2836 Cor.
1139 2783 1195 2850 rs),
1215 2779 1297 2835 itaet
1311 2784 1431 2835 sanctus
1446 2779 1570 2852 quilibet
1585 2782 1620 2837 ab
1636 2781 1757 2838 alterius
1771 2798 1840 2838 sen·

138 2888 226 2931 secus
240 2886 365 2944 parvum
377 2869 576 2927 membrorum
589 2869 785 2943 corporalium
796 2888 964 2941 numerum,
1020 2869 1130 2926 etitate.

136 2962 189 3019 sed
200 2961 289 3034 juxta
300 2959 442 3016 vitiorum
466 2957 686 3015 multitudinem
708 2958 856 3016 infinitam
870 2961 967 3018 valeat
1056 2956 1203 3013 Animalia
1216 2972 1282 3012 vero
1300 2956 1370 3013 illud
1395 2957 1517 3030 mystice
1538 2958 1704 3031 designant,
1720 2962 1752 3014 ut
1766 2958 1844 3015 sicut

137 3048 323 3122 circumcidi,
348 3046 512 3104 innumeris
540 3047 629 3104 etiam
654 3048 749 3104 modis
774 3053 870 3120 potest
893 3050 967 3106 bene
1022 3048 1087 3118 ipsa
1100 3046 1204 3104 usibus
1214 3045 1303 3103 variis
1314 3045 1468 3103 bominum
1484 3049 1617 3118 subjecta
1629 3045 1702 3103 nibil
1714 3047 1843 3104 renitun-

125 3154 226 3213 agere
247 3154 280 3195 ae
302 3135 550 3207 circumcidendo,
563 3134 607 3192 vel
632 3135 707 3192 male
732 3154 788 3193 oon
813 3127 1003 3195 circnma-C
1022 3142 1081 3207 tur,
1098 3136 1148 3191 sed
1165 3135 1310 3207 usquead
1333 3140 1456 3191 mortem
1479 3136 1641 3208 patiuntur,
1658 3136 1699 3193 ita
1714 3137 1844 3193 ethome

139 3227 246 3285 dendo.
262 3226 337 3283 Nam
352 3224 584 3300 quotiescunque
610 3225 741 3282 incitaris
765 3228 801 3282 ad
825 3227 911 3296 iram,
922 3226 966 3283 vel
1023 3225 1158 3298 potestati
1180 3224 1283 3280 divine
1300 3241 1349 3296 per
1364 3224 1463 3279 omnia
1479 3225 1595 3280 studeat
1618 3224 1755 3281 subditus
1769 3240 1843 3280 esse.

139 3316 176 3374 sd
192 3312 452 3382 luxuriam,veled
469 3314 685 3385 rependendam
698 3314 968 3386 contumeliam,vel
1024 3314 1102 3372 Unde
1132 3312 1286 3368 Psalmista
1314 3311 1405 3368 dicit:
1425 3314 1456 3369 Ut
1479 3312 1636 3382 jumentum
1663 3312 1756 3385 [aetus
1784 3327 1846 3367 sana

140 3405 176 3463 ad
192 3403 362 3473 avaritiam,
379 3402 422 3458 vei
438 3403 474 3458 ad
489 3401 705 3471 infidelitatem,
720 3403 765 3460 vel
782 3405 818 3459 ad
834 3405 969 3476 quelibet
1023 3402 1097 3475 opud
1124 3410 1150 3457 te
1172 3401 1257 3471 (Ptol.
1274 3401 1370 3472 exau),
1387 3417 1420 3455 ac
1444 3399 1468 3454 si
1493 3405 1592 3471 aperte
1620 3399 1729 3455 diceret
1745 3416 1752 3454 :
1767 3398 1847 3454 Sicut

140 3494 229 3558 ritis,
245 3492 272 3549 si
286 3491 347 3548 baec
361 3492 503 3549 constanti
519 3492 617 3548 animo
641 3493 788 3564 respueris
804 3497 832 3547 et
853 3510 905 3565 pro
923 3492 970 3550 his
1025 3491 1097 3547 mibi
1113 3492 1284 3562 jumentum
1314 3504 1412 3544 meum
1442 3488 1471 3542 in
1496 3488 1634 3544 omnibus
1662 3492 1706 3544 est
1729 3488 1847 3558 subjec-

143 3579 326 3654 respuendis
335 3578 449 3635 Domini
465 3578 606 3636 auxilium
623 3580 783 3652 quesieris,
797 3581 881 3637 toties
897 3582 971 3637 bene
1025 3586 1100 3648 tum,
1116 3577 1157 3634 ita
1172 3583 1200 3634 et
1215 3594 1267 3650 ego
1287 3577 1340 3632 tibi
1363 3577 1484 3633 subesse
1501 3575 1574 3634 volo.
1590 3576 1672 3641 Quod
1687 3581 1785 3633 autem
1796 3576 1847 3647 ju-

126 3669 217 3730 daeis
232 3673 265 3727 et
277 3685 415 3726 coronam
431 3669 494 3724 vite
518 3669 655 3740 perennis
670 3670 828 3742 promereri
845 3672 970 3727 conaris.
1026 3673 1126 3726 menta
1152 3671 1213 3722 tam
1238 3667 1335 3723 occisa
1362 3682 1450 3738 quam
1465 3665 1530 3721 viva
1555 3666 1592 3721 ad
1619 3680 1693 3721 usus
1720 3663 1849 3723 hominis

147 3759 265 3825 Quoties
276 3762 377 3815 autem
388 3757 449 3814 bec
463 3774 521 3814 non
535 3757 682 3830 respueris
695 3762 724 3815 et
736 3759 766 3814 in
781 3775 882 3815 eorum
898 3759 973 3817 dele·
1026 3757 1174 3830 quoslibet
1200 3755 1340 3821 alliciunt,
1363 3754 1419 3810 boo
1445 3755 1600 3828 designare
1628 3755 1744 3811 videtur
1771 3754 1849 3826 qued

146 3848 274 3904 ctatione
296 3851 326 3904 et
346 3845 560 3919 perpetratione
578 3846 754 3904 immoratus
769 3849 870 3920 fueris,
886 3849 972 3905 toties
1027 3847 1169 3919 scriptum
1185 3851 1231 3900 est
1246 3863 1252 3900 :
1270 3844 1339 3916 quia
1351 3846 1408 3899 sive
1421 3846 1551 3910 violence,
1566 3845 1623 3900 aive
1635 3844 1781 3910 memor,
1796 3843 1850 3898 llo·

147 3936 221 3993 male
235 3935 303 4010 agis
317 3938 347 3992 et
360 3934 466 3991 interni
481 3933 626 4008 supplicia
645 3938 830 4009 promereris.
1026 3937 1099 3993 mini
1112 3951 1207 3990 semus
1222 3934 1309 4005 (liora.
1324 3934 1396 4003 xrvl.
1410 3933 1489 3988 Sicut
1502 3933 1581 3989 enim
1596 3933 1625 3987 in
1641 3935 1784 4005 potestate
1798 3931 1850 3987 bc·

430 4041 547 4098 CAPUT
571 4041 693 4098 XXXffl,
1030 4024 1117 4081 minis
1132 4028 1176 4080 est
1191 4022 1299 4078 animal
1322 4039 1409 4078 suum
1425 4022 1469 4078 vcl
1488 4022 1596 4094 vivum,
1611 4024 1655 4078 vel
1670 4021 1800 4077 occisum
1815 4020 1851 4076 ad

148 4130 220 4187 pem
232 4132 264 4186 in
278 4130 330 4187 eac
343 4131 402 4187 ma
413 4131 515 4187 idcirco
530 4132 657 4203 qum„
668 4131 746 4188 7201,ss
760 4132 884 4198 omum,
898 4132 974 4205 yyy.
1029 4113 1189 4186 quemlibet
1204 4128 1292 4169 usum
1308 4117 1417 4184 aptare,
1429 4112 1471 4167 ita
1484 4116 1514 4168 ct
1529 4114 1657 4183 potestas
1673 4111 1724 4167 Uei
1739 4113 1785 4167 est
1799 4125 1853 4165 nes

181 4204 253 4259 eilia
264 4206 292 4258 et
306 4201 423 4259 adverse
437 4202 569 4276 relinquit
579 4207 611 4260 ut
623 4203 702 4259 nobis
717 4206 819 4261 occasio
834 4208 871 4261 stt
883 4205 975 4275 fidem,
1030 4203 1059 4258 in
1076 4202 1130 4257 bac
1142 4202 1201 4257 vita
1215 4206 1244 4258 ct
1257 4202 1287 4256 in
1303 4202 1403 4256 lutura
1415 4201 1527 4273 positos
1541 4200 1616 4271 loco,
1627 4216 1685 4272 quo
1699 4197 1772 4267 vult,
1788 4199 1853 4255 des·

185 4288 262 4345 spem
275 4280 302 4329 et
314 4274 479 4331 cleritatem
490 4274 640 4346 probandi.
1029 4291 1133 4347 qnare,

187 4378 268 4435 luter
280 4378 343 4436 hec
357 4380 446 4437 etiam
460 4381 645 4451 pensandum
656 4386 700 4438 est
714 4382 785 4454 quia
799 4383 902 4441 divina
919 4384 977 4456 pie·
1067 4380 1167 4436 Bestia
1184 4379 1353 4452 significant
1368 4379 1478 4435 seroces
1498 4383 1527 4434 ct
1548 4376 1699 4434 instabiles
1715 4392 1855 4449 quorum·

149 4466 222 4524 tatis
236 4467 416 4542 dispensatio
432 4469 539 4526 idcirco
549 4469 579 4526 in
591 4469 645 4527 hac
658 4471 718 4527 vita
727 4472 860 4544 quedam
871 4478 977 4545 myste·
992 4497 1015 4561 D
1031 4469 1098 4524 dom
1115 4468 1241 4536 animos,
1258 4468 1327 4540 quia
1355 4467 1432 4523 sicut
1453 4467 1552 4523 bestie
1582 4463 1663 4522 nulla
1686 4467 1798 4521 ratione
1809 4461 1854 4519 vel

149 4556 203 4624 ria,
220 4559 252 4613 et
265 4556 398 4615 diflicilia
413 4562 442 4615 et
456 4558 578 4615 adversa
598 4558 725 4631 reliquit,
740 4563 774 4615 ut
788 4560 818 4616 in
834 4560 876 4616 eis
892 4577 977 4634 expe·
1032 4558 1188 4630 disciplina
1202 4557 1384 4625 cohibentur,
1397 4557 1448 4613 sed
1464 4569 1650 4628 quocumque
1664 4568 1714 4609 eas
1727 4553 1855 4623 impetus

151 4646 246 4703 riatur
260 4645 590 4721 cujuslibetildes,spes
601 4647 909 4722 atquecbaritas,que
920 4667 977 4707 non
1031 4647 1201 4714 voluntatis,
1222 4645 1266 4701 vel
1296 4662 1381 4701 cesus
1410 4643 1569 4716 impulerit,
1594 4641 1664 4697 illuc
1693 4639 1856 4713 precipites

151 4734 208 4792 aiei
223 4751 278 4809 per
292 4735 368 4792 dura
382 4740 411 4793 et
425 4752 529 4809 aspera
549 4724 665 4810 probari
688 4741 821 4810 possunt,
838 4743 867 4794 ct
881 4742 914 4794 ut
929 4755 981 4812 per
1033 4737 1176 4803 seruntur,
1195 4736 1235 4790 ita
1262 4739 1291 4790 ct
1319 4733 1530 4806 indisciplinati
1555 4736 1584 4788 et
1612 4730 1737 4803 inquieti
1760 4728 1857 4787 laxate

152 4823 211 4880 bec
226 4823 436 4897 unusquisque
447 4825 554 4882 babeat
566 4825 735 4882 facultatem
748 4830 838 4900 atque
851 4829 980 4886 occasio·
1035 4830 1142 4893 mente,
1166 4824 1216 4880 ubi
1239 4822 1350 4891 volunt,
1376 4827 1518 4895 vagantur
1540 4819 1610 4895 (eod.
1627 4819 1717 4888 Grae,
1732 4818 1783 4876 ubi
1806 4818 1856 4875 ubi

153 4926 220 4970 uem
241 4912 317 4970 bene
345 4912 532 4987 agendi‚nec
561 4930 621 4970 non
649 4915 834 4987 promerendi
861 4919 981 4989 premia
1034 4917 1198 4987 vagantur].

153 5006 273 5071 emma,
290 5002 412 5059 credens
437 5002 585 5076 mysteriis
609 5002 727 5074 quidem
752 5003 888 5060 virtutem
904 5005 980 5060 divi·
1071 5004 1135 5060 lieo
1150 5003 1240 5075 igitur
1255 5017 1347 5073 pauca
1358 5002 1393 5057 de
1404 4999 1615 5058 elementorum
1627 4998 1774 5072 mysteriis
1788 4995 1859 5053 dixi·

153 5105 221 5147 uam
232 5089 885 5164 velari,difficiliaveroctadversaperlteum
896 5111 982 5167 posse
1037 5111 1113 5165 mus,
1131 5092 1328 5163 relinquentes
1349 5091 1459 5161 majora
1474 5090 1647 5162 majoribus,
1663 5088 1714 5144 sed
1732 5102 1796 5141 cum
1813 5083 1860 5140 bis

150 5178 300 5252 superari.
1037 5189 1134 5239 tamen
1162 5181 1321 5237 excitantes
1345 5180 1489 5252 quosdam
1514 5177 1694 5251 negligentes
1710 5174 1745 5231 ad
1762 5172 1859 5244 inqui·

188 5267 246 5324 Sed
261 5268 299 5324 ad
316 5268 457 5343 mysteria
471 5269 702 5342 pertinetomnis
717 5269 875 5328 Dominicae
888 5273 981 5330 incar·
1037 5272 1128 5328 rcnda
1142 5269 1312 5342 hujusmodi
1328 5284 1445 5336 arcana,
1456 5284 1520 5339 qum
1535 5273 1563 5322 et
1578 5266 1664 5320 fidem
1681 5263 1819 5319 roborant
1830 5266 1861 5316 et

155 5357 296 5428 nationis,
306 5357 464 5431 passionis,
476 5357 699 5416 resurrectionis
711 5358 900 5431 dispensatio,
915 5362 984 5434 quia
1038 5364 1166 5416 mentem
1182 5359 1217 5413 ab
1239 5356 1348 5413 infimis
1363 5356 1486 5412 elevant.

156 5442 187 5499 in
199 5444 244 5501 eis
259 5445 397 5503 bumana
414 5447 519 5504 salutis
535 5463 624 5503 causa
642 5447 683 5503 ita
705 5451 749 5504 est
769 5448 862 5504 velato
877 5454 910 5505 ut
925 5467 983 5507 non
1072 5445 1456 5520 similiaquoqoemysteria
1467 5442 1589 5500 inveniri
1599 5443 1710 5515 queunt
1720 5440 1751 5496 in
1762 5439 1860 5496 rebus.

157 5533 214 5590 uisi
226 5534 313 5591 avida
323 5539 353 5592 et
366 5535 540 5593 fidelissima
555 5535 747 5608 inquisitione
760 5537 870 5610 percipi
879 5539 981 5597 valeat.
1039 5539 1095 5594 ltes
1111 5541 1207 5594 autem
1225 5551 1290 5591 reor
1303 5533 1499 5605 aliquomodo
1511 5531 1666 5605 possedioi
1678 5529 1861 5601 omniaque

157 5622 275 5694 Quanto
291 5624 501 5700 magistatem
515 5624 638 5701 mystice
651 5629 696 5685 est
708 5622 814 5697 velata,
825 5629 906 5687 tanto
922 5645 984 5690 ma·
1039 5644 1097 5686 nou
1121 5642 1172 5702 per
1194 5622 1391 5684 substantiam
1417 5622 1567 5699 propriam
1590 5620 1731 5691 esistunt,
1747 5621 1780 5676 ut
1802 5615 1860 5675 sle·
