3892 6096
109 246 179 311 ees
713 260 717 269 ·
797 242 914 306 crona
935 240 1137 310 uereruu.
1516 203 1520 210 ’
1760 250 1820 317 eet

111 374 252 450 erenaei
265 388 319 452 per
330 374 501 434 eorumdem
516 378 686 433 sanctorum
701 374 940 434 intercessionem
955 385 983 453 Α
997 394 1048 451 per
1061 381 1195 453 tempora
1209 379 1302 438 muita
1315 382 1445 440 obtinere
1457 378 1546 441 valui.
1555 382 1636 441 Unde
1650 385 1759 443 iactum
1775 390 1820 444 cst

112 470 210 547 pietas
224 467 323 524 divina
337 471 367 523 et
381 465 454 522 mibi
470 465 666 535 misereretur,
676 470 705 522 et
721 464 847 538 qualiter
857 464 939 522 iilum
998 474 1039 537 ut,
1056 468 1125 541 quie
1141 468 1221 526 nulla
1235 470 1313 542 apud
1328 486 1395 527 eum
1411 473 1569 546 impetrare
1585 472 1739 546 potui,cclo
1752 476 1820 549 plus

109 556 252 636 juvenem
267 557 472 628 exasperatum
487 553 602 627 placare
621 570 737 628 possem
753 556 881 629 pendere
895 556 942 610 di·
994 558 1075 629 justo
1090 559 1197 614 ductus
1214 575 1316 631 aspere
1331 559 1506 634 incautaque
1530 561 1608 620 diota
1627 565 1761 636 quedam
1776 565 1818 622 ita

114 650 267 725 gneretm.
279 644 353 704 Nem
368 643 445 700 inter
458 646 577 699 ceteras
590 643 680 700 animi
695 643 845 701 molestias
860 642 944 700 valde
998 650 1100 702 contra
1115 664 1182 703 eum
1198 649 1356 721 proferrem
1373 654 1405 705 ut
1420 667 1466 706 me
1479 667 1596 724 quoque
1616 652 1820 711 meledictione

114 756 152 798 ex
165 734 384 807 booetiiigebar
396 733 542 804 quomodo
553 731 701 805 illum,qui
718 733 790 789 mihi
807 733 945 790 subditus
998 740 1211 793 connecterem.
1230 737 1283 793 Pro
1300 738 1418 810 quibus,
1441 739 1508 796 iicet
1534 741 1736 813 penitentiam
1751 747 1822 800 tunc

115 820 457 898 erat,‘opportunissimc
467 819 579 892 absque
587 837 640 877 suo
651 838 774 895 meoque
784 823 891 878 damno
903 837 946 880 re.
1000 839 1099 881 coram
1115 826 1219 882 abbate
1243 826 1380 899 egissem,
1401 832 1499 884 tamen
1514 829 1697 901 quiscerem
1714 836 1781 899 Deo,
1795 833 1826 888 in

116 909 327 975 conciliarem?
342 926 378 966 en
394 909 518 983 genibus
534 908 626 979 llexis,
642 915 675 966 ut
688 909 945 984 placentureenio·
1002 926 1090 986 quem
1106 914 1201 971 solum
1218 914 1344 971 maxime
1359 915 1484 988 peccavi,
1496 916 1574 973 idam
1590 919 1684 976 iacere
1699 920 1825 994 neglexi,

118 1004 186 1064 resi
200 1019 240 1060 en
254 1005 370 1058 tantum
384 997 493 1071 verbis,
518 1003 552 1053 ut
575 997 709 1072 placetur
733 1000 831 1056 minor
852 1000 947 1057 atesi
1002 1006 1069 1075 post
1083 1002 1145 1060 dies
1161 1019 1269 1077 paucos
1285 1003 1313 1059 in
1331 1005 1531 1062 infirmitatem
1545 1006 1718 1064 decidi.Haeo
1730 1013 1826 1064 eutem

119 1087 947 1169 siquidcmdexisgenibusutriusquedemnumessesum
1000 1090 1042 1147 ita
1057 1107 1120 1148 esse
1135 1094 1234 1159 credo,
1249 1093 1320 1166 quia
1334 1094 1526 1165 correptionis
1542 1094 1645 1151 divine
1661 1097 1785 1169 gratiam
1810 1113 1828 1154 a

119 1184 297 1249 arbitratus;
310 1181 385 1253 ejus,
401 1175 523 1250 scilicet,
539 1181 657 1251 propter
676 1177 842 1251 eletionem,
858 1194 948 1252 quam
1003 1181 1130 1255 pueritia
1143 1198 1237 1255 usque
1252 1184 1282 1239 in
1298 1200 1426 1257 presens
1439 1184 1527 1241 habui
1543 1186 1710 1259 sepiusque
1734 1186 1789 1244 hoc
1813 1203 1830 1243 a

119 1272 247 1333 fomitem
261 1269 319 1328 eibi
333 1267 522 1342 postmodum
537 1266 605 1322 inde
619 1267 794 1336 vindicaret3
811 1268 868 1324 mei
881 1284 949 1324 vero
1003 1271 1127 1328 Domino
1148 1270 1227 1344 petii,
1244 1276 1277 1328 ut
1299 1273 1531 1346 quotiescunque
1545 1273 1663 1347 aliquod
1678 1277 1830 1348 peccatum

120 1360 285 1435 ideo,quod
302 1356 443 1431 arguendi
458 1353 542 1412 illum
559 1362 626 1428 post
640 1355 838 1414 humilitatem
849 1356 951 1428 hujus·
1004 1376 1090 1435 grave
1105 1359 1182 1417 clam
1197 1378 1249 1418 seu
1265 1361 1361 1435 pelam
1378 1362 1602 1436 committerem,
1624 1364 1763 1422 continuo
1784 1363 1830 1421 vel

120 1451 204 1511 modi
218 1446 380 1507 exhibitam
396 1445 520 1502 ulterius
535 1445 633 1501 minor
647 1446 755 1503 ilducia
770 1446 844 1502 mihi
857 1450 950 1502 reste·
1005 1454 1072 1524 post
1087 1466 1195 1522 paucos
1211 1449 1272 1507 dies
1287 1451 1366 1524 gravi
1381 1451 1470 1507 etiam
1486 1451 1666 1510 infirmitatis
1678 1470 1729 1510 scu
1739 1453 1831 1510 tribu·

120 1547 177 1601 ret.
191 1536 267 1596 (ium
291 1552 361 1611 ergo
384 1534 415 1591 ln
437 1533 490 1591 tali
513 1534 629 1608 positus
654 1534 788 1592 molestia
813 1534 950 1608 iacrymis
1004 1537 1124 1596 lationis
1139 1538 1264 1611 alicujus
1289 1539 1426 1596 molestia
1449 1540 1595 1609 afficerer,
1610 1543 1689 1598 uude
1703 1541 1830 1599 etiniir·

121 1628 322 1706 precibusque
336 1623 462 1698 copiosis
476 1639 570 1696 usque
590 1625 626 1679 ed
643 1623 721 1680 diem
744 1622 856 1680 clarum
879 1622 950 1679 insi·
1006 1628 1137 1684 mitatem
1155 1627 1285 1700 proxime
1300 1629 1409 1684 dictam
1424 1630 1509 1685 credo
1524 1646 1576 1703 pro
1591 1647 1624 1686 ee
1640 1647 1831 1703 causa‚quam

123 1726 234 1779 ctorem
249 1720 279 1774 et
293 1715 330 1772 ab
350 1713 550 1786 omnipotente
574 1713 631 1769 Deo
656 1712 726 1784 quid
750 1729 839 1787 super
861 1711 953 1770 ambi·
967 1760 992 1827 B
1007 1717 1093 1774 modo
1106 1716 1226 1790 protuli,
1238 1717 1378 1774 evenisse.
1391 1716 1551 1775 infirmitas
1561 1723 1659 1776 eutem
1674 1720 1776 1777 eedem
1792 1720 1832 1776 ita

124 1800 955 1885 guiteteimminentiagendumieret,depoeceremaliqua
1008 1807 1152 1864 recteest.

125 1894 313 1956 manifestari
335 1892 455 1958 indicia,
480 1907 546 1948 ecce
570 1891 667 1947 subito
691 1891 856 1965 egrediente
876 1906 955 1947 mea
1044 1901 1116 1952 cum
1131 1912 1182 1969 per
1197 1897 1271 1953 duos
1285 1897 1329 1954 vel
1345 1901 1405 1953 tree
1427 1898 1489 1954 dies
1515 1895 1638 1972 languor
1651 1898 1833 1956 invalescens

130 1986 261 2063 quodem
275 1982 401 2042 oratorio
416 1978 571 2054 predictus
581 1980 700 2052 juvenis
715 1981 852 2048 occurrit,
864 1984 892 2037 et
907 1996 954 2037 co·
1009 2000 1056 2041 me
1072 1985 1102 2040 in
1117 1986 1203 2042 domo
1219 1986 1403 2042 intirmorum
1419 2002 1537 2043 manere
1553 1993 1677 2061 cogeret,
1685 1986 1792 2044 accidit
1803 1991 1836 2045 ut

127 2090 195 2133 nm
218 2089 268 2131 me
290 2070 443 2129 humiliter
464 2085 529 2126 sese
553 2073 751 2141 prosternens,
768 2086 819 2142 pro
837 2069 954 2141 injuria,
1009 2072 1049 2131 lbi
1065 2074 1094 2130 in
1111 2073 1184 2130 lecto
1199 2076 1325 2130 nimium
1341 2074 1499 2149 languidus
1510 2075 1612 2146 jecens
1627 2080 1694 2149 post
1705 2076 1833 2150 comple·

128 2180 221 2240 qnam
236 2162 334 2237 pridie
348 2159 522 2232 correptioni
538 2175 609 2215 mee
624 2159 802 2216 detrahendo
815 2175 868 2215 seu
886 2175 957 2216 con·
1010 2161 1119 2220 terium
1135 2178 1283 2235 sperarem
1295 2179 1341 2218 me
1357 2162 1461 2219 melius
1476 2163 1690 2234 habiturum,ei
1705 2181 1832 2238 surgens

129 2253 305 2312 tradicendo
332 2248 518 2324 perpetravit,
542 2248 656 2305 veniam
680 2250 763 2321 petit,
784 2248 958 2322 promittens
1011 2253 1143 2307 sederem
1159 2255 1225 2307 ante
1240 2251 1425 2318 lectumouo
1440 2251 1836 2327 iacto,videbamperlumen

130 2346 163 2402 in
176 2341 329 2416 reliquum
344 2356 376 2397 se
389 2353 542 2410 nunquam
563 2336 635 2394 talia
660 2336 734 2393 mibi
755 2337 902 2394 iacturum
917 2336 957 2392 si·
1011 2340 1052 2397 ibi
1068 2357 1223 2397 accensum
1240 2341 1325 2413 quasi
1342 2341 1422 2397 iumo
1438 2339 1578 2413 repletam
1594 2358 1658 2399 esee
1674 2346 1764 2401 totam
1782 2343 1837 2399 do-

131 2432 255 2506 mulque
278 2426 451 2502 suppliciter
473 2440 580 2501 rogans
594 2430 637 2498 ut,
654 2427 680 2482 si
695 2426 812 2497 quando
827 2426 959 2482 humana
1012 2430 1172 2494 mum.Ouo
1186 2430 1221 2486 de
1236 2447 1266 2486 re
1280 2434 1308 2486 et
1323 2429 1427 2485 horror
1440 2429 1530 2485 simul
1545 2437 1573 2486 et
1587 2431 1677 2487 timor
1690 2431 1838 2488 meitain-

132 2520 293 2596 begiiitste
305 2534 356 2576 seu
372 2517 460 2574 etiam
475 2515 642 2589 ignorantie
656 2520 775 2588 cogente
794 2515 824 2570 in
839 2515 958 2587 aliquod
1012 2518 1087 2575 vasit
1102 2523 1135 2574 ut
1149 2535 1222 2590 pene
1242 2517 1322 2574 omni
1344 2518 1401 2574 lide
1424 2522 1454 2573 et
1477 2518 1595 2588 iiducie,
1610 2536 1699 2591 quam
1725 2520 1754 2575 in
1779 2519 1837 2576 Deo

133 2610 250 2682 sitium,
266 2608 344 2682 quod
368 2604 505 2679 perfacile
524 2605 687 2677 ¹juvenibus
711 2604 852 2676 subrepit,
878 2603 958 2660 labe·
1013 2606 1120 2663 babere
1135 2605 1278 2674 solebam,
1303 2606 1462 2663 destitutus
1487 2624 1636 2681 surgerem
1662 2611 1691 2663 ct
1712 2608 1748 2664 ad
1771 2625 1838 2665 eum

134 2706 224 2769 retur,
237 2715 298 2756 non
313 2712 382 2753 mox
400 2712 418 2751 a
433 2710 489 2762 me,
502 2695 587 2766 juxta
601 2693 653 2750 celi
670 2693 812 2749 fervorem
827 2693 958 2763 solitum,
1012 2695 1131 2763 laicum,
1148 2696 1196 2768 qui
1212 2693 1273 2751 iilic
1288 2697 1325 2751 ad
1340 2693 1521 2769 vigilandum
1538 2696 1695 2770 deputatus
1711 2701 1839 2771 erat,pro

135 2804 233 2848 cerem
243 2781 710 2856 ceterlsoorreptusscholasticis
721 2782 959 2851 contunderetur,
1014 2801 1061 2841 me
1075 2784 1273 2842 benedicendo
1289 2786 1479 2841 nutabundus
1495 2784 1689 2842 ambularem.
1706 2787 1839 2860 Cumque

137 2877 233 2937 redut
246 2875 346 2950 potius
360 2873 468 2947 pietate
482 2871 609 2946 gratuita
623 2869 718 2938 illum,
735 2886 822 2943 quem
838 2869 961 2926 minime
1015 2876 1156 2945 anicetus
1169 2873 1275 2930 lectum
1292 2874 1526 2948 starem,pudore
1541 2874 1633 2931 nimio
1644 2878 1749 2948 captus
1759 2874 1839 2947 quod

136 2966 293 3025 ediliceret
306 2962 451 3036 correptio
467 2976 570 3033 aspera
584 2964 613 3016 et
627 2958 794 3027 manifesta,
808 2958 852 3015 vei
866 2962 960 3015 atton·
1015 2963 1051 3019 ab
1065 2979 1098 3019 eo
1112 2963 1326 3019 benedictionis
1350 2963 1475 3036 gratiam
1500 2962 1591 3020 ullam
1616 2967 1712 3036 petere
1725 2961 1840 3036 vellem,

137 3054 350 3113 uremndeam
365 3051 448 3124 prius
462 3064 529 3105 eum
546 3047 644 3120 aliqua
658 3048 838 3121 correptione
854 3046 913 3103 leni
928 3062 961 3102 ec
1016 3050 1088 3106 redii
1113 3051 1177 3107 sine
1204 3052 1319 3107 ellectu.
1351 3051 1479 3108 Rursum
1505 3052 1541 3108 ad
1565 3053 1720 3124 cujusdem
1745 3050 1843 3108 fratris

138 3150 267 3213 sacrem
280 3140 327 3200 sin
341 3140 371 3197 id
388 3154 492 3213 perum
509 3138 650 3211 prolicere
670 3137 700 3193 in
722 3136 786 3210 ipso
802 3152 961 3205 cernerem,
978 3126 1000 3196 C
1019 3139 1117 3212 egroti
1132 3137 1240 3195 lectum
1255 3157 1307 3212 pro
1323 3155 1413 3196 causo
1427 3140 1529 3196 eadem
1545 3140 1738 3197 deambulans
1760 3156 1843 3196 eum-

138 3238 209 3291 tunc
235 3231 363 3298 sibimet,
379 3232 467 3309 prout
482 3229 533 3300 jus
550 3225 720 3300 postularet,
746 3225 965 3282 districtissima
1019 3243 1076 3300 que
1091 3228 1219 3284 dormire
1235 3229 1366 3283 sentiens
1381 3225 1517 3282 similiter
1531 3228 1596 3284 ieci.
1614 3229 1728 3284 Interea
1748 3227 1844 3299 magis

139 3323 258 3381 ratione
277 3332 465 3376 occurrerem.
475 3320 542 3372 iiaec
555 3320 585 3372 et
610 3315 658 3371 his
673 3312 783 3371 similia
793 3316 901 3386 juvene
915 3312 966 3369 iilo
1019 3317 1139 3373 horrore
1154 3315 1273 3372 visionis
1287 3317 1408 3371 fumosa
1423 3315 1553 3388 repletus
1569 3316 1606 3370 ad
1622 3315 1730 3371 lectum
1744 3328 1844 3370 meum

136 3408 329 3485 supplicibus
342 3405 553 3481 sagacibusque
567 3404 662 3461 verbis
676 3403 840 3477 proterente
861 3407 890 3458 et
904 3418 965 3458 me·
1020 3405 1093 3461 redii
1109 3405 1204 3461 tessus
1218 3403 1453 3474 ibiqueresidens
1465 3402 1628 3460 meditabar
1638 3403 1708 3475 quid
1719 3402 1845 3459 iacerem

141 3498 345 3572 met‘benigne
358 3498 393 3554 ad
408 3511 509 3570 preces
531 3495 595 3567 ejus
618 3493 821 3567 respondente,
837 3490 967 3547 intellexi
1022 3511 1114 3568 quove
1124 3495 1254 3567 lugerem
1265 3492 1323 3548 taie
1334 3492 1611 3564 monstrumNeque
1622 3492 1701 3549 enim
1713 3490 1846 3547 dubitavi

143 3593 261 3665 gestum
271 3586 304 3644 in
319 3588 452 3660 utrisque
468 3584 572 3641 divine
588 3597 662 3656 opus
677 3581 853 3650 clementie3
870 3581 900 3636 in
916 3578 967 3636 illo
1021 3584 1077 3640 hoc
1093 3583 1152 3639 iore
1167 3599 1219 3656 per
1234 3580 1380 3655 malignos
1393 3580 1525 3654 spiritus,
1536 3581 1587 3654 qui
1598 3579 1675 3637 inter
1690 3582 1788 3653 ipsum
1804 3578 1848 3635 lu-

144 3679 276 3752 quidem,
287 3676 359 3750 quia
372 3677 568 3747 compunctus
584 3689 636 3745 pro
651 3671 790 3728 admissis
804 3671 884 3744 prior
894 3684 970 3744 que-
1020 3684 1105 3729 mum
1122 3681 1231 3729 certare
1242 3669 1367 3743 qualiter
1377 3687 1424 3726 me
1433 3673 1570 3726 vexarent
1583 3668 1654 3724 mihi
1662 3668 1848 3725 videbantur.

148 3767 213 3824 sivit
233 3766 371 3835 reniam3
398 3763 428 3820 in
458 3778 504 3819 mc
530 3765 639 3830 autem,
664 3760 734 3833 quia
757 3760 912 3817 humiliato
935 3776 969 3817 co
1023 3762 1096 3818 Cum
1106 3765 1202 3817 eutem
1215 3761 1420 3817 diucertamcn
1430 3758 1602 3831 hujusmodi
1611 3775 1670 3814 non
1682 3756 1848 3826 carnaliter,

149 3870 253 3933 megm
266 3852 341 3911 mibi
355 3854 473 3910 iuterim
499 3850 686 3924 compunctio
710 3850 859 3907 oriebatur
880 3848 970 3906 simul
1025 3851 1075 3908 scd
1091 3848 1262 3923 spiritaliter
1274 3848 1320 3922 agi
1331 3847 1690 3920 sentirem,neminemquo
1700 3844 1760 3903 lllic
1772 3862 1850 3902 com·

147 3947 176 4002 et
196 3943 382 4029 paenitentia.
407 3941 516 3998 Dehinc
540 3939 636 3997 ablata
659 3943 703 3996 est
727 3939 825 3996 omnis
851 3938 901 3995 illa
924 3954 970 3995 re·
1026 3944 1189 3997 morantem
1214 3938 1288 3994 mibi
1303 3954 1473 3995 succurrere
1488 3953 1635 4010 sperarem
1651 3936 1732 4008 (nam
1747 3951 1851 3991 omnes

154 4048 216 4093 cone
242 4031 380 4091 molestia
407 4031 577 4101 factumque
606 4032 651 4085 eet
679 4032 712 4084 ut
739 4044 773 4085 cx
800 4026 972 4100 hujusmodi
1026 4029 1117 4086 nimio
1133 4033 1217 4085 erant
1230 4044 1334 4084 somno
1346 4027 1499 4099 depressi),
1513 4031 1585 4082 tunc
1598 4026 1655 4081 fide
1668 4018 1853 4097 aliquantula

152 4120 215 4182 'vitio
244 4122 385 4194 deinceps
412 4119 525 4176 cautior
551 4133 615 4175 sese
645 4117 794 4174 studerem
825 4116 855 4172 in
887 4116 973 4173 corri-
1027 4117 1289 4192 receptapsalmos
1304 4117 1448 4189 quosdam
1463 4131 1566 4172 canere
1581 4114 1665 4188 coepi.
1681 4113 1785 4170 ittbac
1800 4112 1854 4168 de·
1907 4164 1910 4168 ,

157 4208 264 4284 pindo.
1028 4200 1854 4281 cantationeegressueproximamsanctiGelliilcciesiem

425 4316 521 4373 Vlgqo
540 4314 695 4380 qugqp,
1027 4296 1134 4353 intravi
1145 4296 1244 4368 ibique
1255 4311 1352 4351 coram
1368 4292 1459 4350 altare
1470 4296 1688 4367 prostratus,eo
1705 4306 1762 4364 quo
1773 4287 1856 4364 potui

163 4404 328 4468 mgb„
346 4404 382 4463 ag
399 4406 616 4479 desperationem
639 4412 666 4460 σε
686 4401 834 4476 perfidiam
856 4402 975 4459 megan.
1030 4387 1097 4443 nisu
1113 4383 1264 4458 psallendo
1288 4383 1377 4440 oravi.
1399 4381 1512 4438 interea
1534 4397 1613 4449 vero,
1636 4381 1706 4452 quia
1727 4377 1855 4451 pcccatis
1920 4414 1931 4431 -.

183 4478 416 4612 *mmm
438 4478 544 4544 monitu
567 4474 699 4532 oratores
712 4477 743 4531 in
756 4488 803 4546 Spe
817 4489 850 4530 ac
862 4474 915 4547 fide
928 4488 976 4530 ro·
992 4494 1015 4562 D
1031 4491 1105 4532 mers
1120 4472 1302 4546 exigentibus
1317 4471 1414 4528 omnis
1429 4470 1512 4543 vigor
1526 4468 1634 4526 mentis
1645 4472 1674 4524 et
1685 4466 1815 4539 corporis
1826 4465 1857 4521 in
1882 4440 1938 4531 tf·

295 4592 312 4608 ··
1032 4580 1080 4620 me
1095 4563 1151 4619 cito
1167 4560 1282 4633 deiecit,
1299 4559 1378 4616 sensi
1394 4557 1595 4631 perspiritum
1611 4554 1758 4628 quomodo
1782 4551 1858 4609 mibi
1877 4620 1881 4627 .

190 4663 263 4718 unte
276 4657 453 4717 demanium
469 4659 572 4730 agente
595 4670 642 4711 mc
662 4652 814 4711 decaniam
830 4652 860 4707 in
876 4668 977 4709 mona·
1032 4652 1112 4710 labie
1127 4669 1144 4707 a
1158 4650 1296 4724 malignis
1311 4648 1464 4720 spiritibus
1479 4645 1758 4717 comprimebantur,
1769 4657 1805 4699 ne
1820 4641 1858 4698 ed

168 4749 242 4807 iterio
255 4752 370 4821 nostro,
385 4751 414 4804 et
428 4746 544 4814 abbate,
559 4760 617 4801 non
629 4745 716 4815 juxto
739 4739 846 4816 regula
870 4744 978 4798 sancte
1033 4739 1220 4816 psallendum
1247 4737 1354 4794 moveri
1382 4738 1511 4809 possent.
1535 4733 1592 4789 Sed
1613 4749 1659 4788 mo
1681 4734 1783 4788 contra
1796 4729 1859 4786 hec

168 4832 300 4908 institute,
322 4836 375 4895 sed
394 4833 559 4893 secundum
583 4832 712 4906 episcopi
735 4835 912 4905 preceptum
934 4828 978 4886 vel
1034 4830 1171 4886 menibus
1186 4828 1318 4900 utrisque
1341 4824 1377 4880 ad
1402 4822 1479 4880 labia
1505 4822 1662 4896 aperienda
1684 4817 1855 4894 aliquandiu

166 4918 981 5000 briommquorumeemeuectumplurimaillucdispo·
1035 4910 1861 4989 concertante,iatigatussumitautiacileosaperirene-

168 5022 307 5092 teateego
318 5015 438 5090 jugiter,
456 5015 600 5086 quantum
616 5009 709 5083 potui,
716 5008 866 5082 preceptis
879 5008 981 5080 hujus·
1036 5009 1160 5083 quirem.
1171 5007 1252 5063 'lunc
1264 5006 1299 5061 ab
1310 5003 1432 5061 ccclesia
1443 5002 1493 5058 illa
1503 5003 1601 5058 exiens
1611 5000 1751 5073 reptando
1762 4997 1861 5072 potius

91 5120 94 5129 “
168 5106 234 5164 bodi
250 5105 417 5164 consentire
441 5101 532 5159 nolui.
550 5102 613 5168 Qua
628 5100 663 5156 de
678 5115 709 5155 re
722 5101 798 5155 inter
813 5114 859 5154 me
883 5101 912 5154 et
930 5098 981 5153 ab·
1036 5115 1125 5172 quam
1139 5094 1327 5161 ambulando,
1344 5093 1373 5148 in
1398 5092 1490 5161 illam,
1512 5109 1576 5164 que
1603 5090 1643 5145 ibi
1659 5089 1788 5145 maxima
1805 5093 1859 5156 est,

164 5188 252 5254 hem
265 5199 405 5254 nostrum
417 5191 565 5248 discordia
587 5204 695 5263 magna
718 5192 816 5244 exorta
839 5191 893 5259 est,
914 5201 981 5243 cum
1036 5183 1130 5242 sancti
1145 5179 1353 5239 limmeremmi
1368 5179 1521 5237 ecclesiam
1538 5178 1667 5252 perveni,
1683 5181 1716 5232 ut
1730 5174 1774 5231 vel
1800 5171 1861 5231 illic

167 5292 251 5358 deque
264 5282 315 5341 lile
328 5298 396 5352 sue,
411 5298 465 5339 neo
487 5294 541 5354 ego
561 5294 627 5334 mea
647 5281 714 5332 vota
736 5280 851 5333 mutere
865 5274 979 5331 vellem.
1037 5273 1155 5346 aliquod
1183 5268 1335 5326 immeritis
1361 5268 1485 5324 miseria
1512 5266 1644 5323 levamen
1672 5262 1861 5337 adipiscerer.

165 5366 353 5432 interserere
366 5382 443 5444 cepe
456 5384 508 5444 per
522 5366 740 5439 memetipsum,
757 5381 832 5438 sepe
848 5381 900 5438 per
909 5362 983 5420 alios
1037 5364 1179 5420 Ceterum
1192 5360 1293 5417 eedem
1310 5375 1375 5433 quse
1385 5358 1468 5432 prius
1483 5355 1524 5412 ibi
1539 5356 1648 5428 pariter
1661 5370 1768 5428 passus
1778 5357 1807 5410 et
1816 5352 1863 5410 rix

160 5460 243 5522 uun
257 5464 419 5539 rogansut,
431 5458 501 5534 quia
512 5472 607 5515 mores
619 5454 873 5513 moieibiomnino
885 5450 984 5526 dispii-
1038 5450 1186 5524 aliquibus
1201 5448 1297 5506 verbis
1316 5466 1374 5521 pre
1399 5445 1569 5503 infirmitate
1592 5445 1702 5501 orando
1727 5441 1861 5517 prolatis,

161 5558 269 5627 urent,
282 5564 334 5613 me
349 5566 367 5613 a
380 5548 502 5611 decania
516 5547 676 5609 commisse
691 5543 919 5618 absolveret,neo
929 5542 984 5602 boo
1037 5556 1142 5623 gressu
1151 5536 1265 5599 difficili
1276 5537 1311 5597 ad
1323 5536 1467 5596 lectulum
1478 5533 1687 5612 redii,sperens
1698 5531 1799 5593 mevel
1809 5546 1862 5613 pro
