3892 6096
132 268 190 332 103
638 258 810 322 cruceni
832 258 1010 322 Monacflt
1033 260 1066 320 S.
1088 258 1335 324 adunatum
1780 262 1838 326 ibt

132 403 242 469 menta,
258 400 308 456 sed
327 394 415 455 alicui
434 393 603 450 substantie
619 393 780 450 accidentia
793 390 952 461 intellectu,
968 394 996 460 Α
1011 392 1240 466 omnipotentem
1255 394 1286 450 in
1302 410 1367 451 esse
1387 394 1546 467 perlectum
1562 396 1649 468 atque
1668 394 1836 469 simplicem

131 492 177 549 vel
193 495 259 548 artu
283 488 345 546 solo
361 485 527 558 capiuntur,
545 488 578 541 ut
600 501 751 555 numerus,
767 482 830 539 dies
844 487 873 538 et
888 500 955 554 nox,
1011 480 1212 554 utipsemnlto
1221 484 1360 556 indigeat,
1368 481 1590 556 sineipsonulla
1599 486 1837 542 autemcreatura

131 581 257 653 languor
279 583 307 634 ct
330 575 484 647 medicina,
502 575 585 647 eopia
607 578 635 630 el
650 573 772 646 penuria
796 577 957 644 catenaque
1010 570 1133 627 existere
1156 570 1258 628 valeat.
1272 572 1382 628 Deinde
1405 588 1472 629 cum
1497 572 1575 628 idem
1601 573 1677 630 Deus
1701 574 1836 648 omnipo-

132 670 212 727 talia.
229 668 296 733 Quas
307 665 461 721 'nimirum
484 664 583 720 omniu
606 664 674 719 licet
690 664 776 733 juxta
799 660 956 718 dialecticas
1010 664 1085 731 tens,
1099 663 1127 716 et
1143 677 1231 732 unus,
1247 665 1275 717 st
1294 661 1405 730 trinus}
1418 678 1496 717 unus
1511 661 1630 733 quidem
1650 661 1681 717 in
1696 663 1837 720 substan-

132 757 204 816 artis
219 754 412 812 subtilitatem
434 754 617 826 distinguere
633 768 787 824 nequeam,
803 751 955 806 nonenim
1012 748 1060 816 tia,
1076 749 1172 805 trinus
1187 765 1254 806 vero
1273 751 1302 805 iu
1325 752 1473 822 personis3
1488 754 1573 806 Pater
1587 749 1731 820 videlicet,
1743 754 1773 808 et
1786 751 1836 808 Fi-

133 848 226 902 merui
251 843 333 900 illius
357 844 465 899 habere
480 842 625 909 notitiam,
641 842 665 897 si
689 845 787 897 tamen
812 839 957 896 sententia
1009 837 1078 905 lius,
1094 843 1122 894 et
1137 838 1274 910 Spiritus,
1291 842 1377 911 atque
1401 844 1475 895 Deus
1490 838 1574 895 Pater
1588 839 1623 895 de
1638 839 1730 912 nullo,
1744 840 1835 901 Filius

128 936 213 1007 juxta
227 950 338 991 morem
354 950 442 989 sacra
458 931 615 1004 Scripturas
628 929 816 1002 aliquatenus
831 929 957 1002 prclcra·
1009 944 1076 984 vere
1093 929 1166 984 Deus
1181 929 1216 983 de
1230 933 1316 984 Patre
1335 928 1400 984 sine
1419 928 1566 1002 passione,
1578 927 1621 985 vel
1639 929 1836 988 diminutione

130 1030 190 1092 tur,
206 1027 271 1097 pcto
288 1040 324 1080 ne
336 1026 453 1094 propter
468 1020 660 1076 rusticitatem
675 1019 820 1076 sermonis
835 1034 954 1090 respna-
1010 1017 1138 1089 genitus,
1155 1020 1184 1072 et
1199 1032 1250 1089 per
1265 1017 1362 1089 ipsum
1379 1033 1464 1073 omne
1480 1017 1605 1085 laetum;
1622 1017 1747 1089 Spiritus
1763 1034 1836 1091 quo·

130 1119 190 1183 tur,
204 1130 270 1170 num
286 1115 399 1169 constet
414 1109 557 1183 plurimos
572 1108 784 1166 ecclesiastices
799 1107 955 1180 scriptores
1010 1121 1066 1176 que
1079 1109 1199 1162 sanctus
1216 1123 1273 1162 non
1284 1106 1320 1161 de
1335 1106 1419 1162 Patre
1435 1110 1463 1162 et
1479 1106 1550 1163 Filio
1561 1106 1688 1179 genitus,
1703 1108 1753 1164 sed
1770 1124 1836 1180 pro-

132 1220 237 1276 perum
267 1200 427 1258 excoluisse
455 1197 652 1266 dialecticam,
680 1197 795 1252 etiamsi
823 1195 957 1251 noverint
1009 1195 1116 1250 cedens
1131 1195 1254 1263 dicatur,
1269 1195 1474 1268 proferendum
1489 1199 1534 1252 cst
1554 1196 1609 1252 etsi
1631 1196 1731 1252 miuus
1746 1197 1836 1270 digne

131 1291 223 1348 illam.
235 1290 401 1347 Maluerunt
415 1305 543 1359 namque
559 1285 645 1360 plano
656 1302 744 1357 quam
755 1286 879 1341 obscure
895 1301 954 1340 ser·
1009 1283 1087 1355 (quis
1102 1284 1180 1340 enirn
1197 1283 1356 1340 ineffabilia
1369 1284 1464 1341 valcat
1478 1285 1620 1358 condigne
1637 1283 1722 1359 lari‘l)
1732 1290 1835 1344 tamen

133 1398 218 1438 mone
233 1378 396 1453 spiritualia
420 1378 557 1450 prolerre.
574 1376 656 1432 Unde
670 1380 698 1430 et
712 1377 832 1431 sanctus
856 1373 954 1428 Hieru-
1008 1377 1157 1445 utcunque
1178 1373 1312 1446 qualiter,
1328 1373 1389 1429 hac
1413 1373 1513 1430 omnia
1536 1390 1586 1446 per
1611 1391 1769 1432 numerum
1784 1392 1834 1433 va·

133 1488 240 1544 aymus
264 1469 357 1525 dicit:
379 1468 443 1524 Sint
467 1466 515 1522 alii
541 1466 653 1536 diserti,
671 1463 827 1520 laudentur
851 1467 883 1517 ut
904 1478 953 1518 vo·
1009 1461 1087 1519 leant
1113 1463 1271 1536 designari.
1288 1463 1367 1527 Quod
1384 1478 1453 1538 ergo
1479 1480 1531 1536 per
1555 1463 1697 1520 unitatem
1727 1481 1780 1537 per
1803 1482 1834 1523 se

129 1558 204 1625 lunt,
222 1562 251 1614 et
264 1556 373 1613 inflatia
388 1555 488 1612 buccis
510 1554 679 1627 spumantia
691 1552 779 1608 verba
794 1551 953 1619 trutinent3
1008 1551 1217 1608 subsistentem
1234 1552 1311 1608 Deus
1331 1569 1408 1608 unus
1434 1569 1485 1624 per
1509 1568 1540 1608 sc
1564 1552 1652 1609 etiam
1668 1553 1833 1612 subsistens

130 1647 203 1703 mihi
218 1647 328 1703 sufficit
343 1645 385 1701 sic
400 1644 481 1717 loqui
505 1647 538 1698 ut
563 1641 720 1713 intelligar,
737 1644 766 1696 ct
782 1644 814 1695 ut
828 1640 863 1695 dc
877 1638 954 1696 Scri·
1008 1640 1186 1712 designetur,
1198 1642 1261 1714 jam
1276 1641 1422 1715 prelatum
1439 1646 1493 1698 est.

128 1737 224 1808 pluris
239 1736 394 1807 disputans
415 1733 633 1804 Scripturarum
654 1729 751 1784 imiter
774 1728 950 1801 simplicita—
1043 1729 1173 1796 Qualiter
1185 1747 1253 1787 vero
1269 1748 1347 1787 uuus
1366 1731 1502 1802 idemque
1517 1731 1594 1788 Deus
1611 1731 1707 1788 trinus
1723 1733 1830 1790 intelli·

126 1830 196 1881 tem.
227 1823 306 1878 ldem
337 1837 453 1894 quoque
483 1820 562 1890 alibi,
593 1820 680 1886 Deus,
709 1818 816 1890 inquit,
846 1833 951 1873 sensus
1005 1821 1168 1891 gotur,per
1187 1819 1241 1876 boc
1266 1820 1390 1892 exprimi
1405 1820 1520 1876 videtur
1534 1819 1605 1892 quia
1629 1821 1743 1894 primns
1758 1821 1831 1879 dici·

128 1912 222 1985 magis
241 1927 331 1983 qnam
355 1910 443 1966 verba
458 1909 591 1981 requirit.
607 1912 672 1963 Hac
694 1912 792 1963 autem
817 1905 881 1962 ideo
905 1905 950 1961 in·
1004 1910 1064 1976 tur,
1081 1908 1158 1965 sicut
1173 1909 1316 1981 scriptum
1331 1914 1375 1965 est
1400 1910 1435 1966 de
1461 1909 1525 1982 ipsc
1548 1909 1662 1966 dicente
1678 1929 1685 1967 ε
1700 1912 1754 1984 Epo
1768 1928 1831 1969 aum

129 2001 195 2068 tuli,
212 2005 244 2056 ut
257 2000 281 2056 si
298 1999 364 2072 quis
388 1999 461 2055 sorte
476 2014 522 2053 me
538 1996 731 2069 reprehendat
754 2012 815 2051 rem
840 1994 950 2052 solum·
1003 1997 1111 2068 primia
1139 2002 1164 2053 et
1186 2000 1350 2054 nouissimus
1365 1998 1455 2070 (Aper.
1472 1998 1503 2067 ι).
1523 1998 1640 2054 Primus
1664 1999 1742 2056 enim
1770 2017 1830 2058 nen

129 2089 216 2145 modo
243 2106 295 2161 pro
324 2087 523 2143 accidentibus
550 2085 693 2158 posuisse,
714 2101 802 2156 quam
831 2082 951 2157 plurimi
1006 2085 1104 2142 minus
1119 2103 1208 2158 quam
1225 2088 1299 2143 inter
1314 2091 1373 2143 tres
1394 2087 1451 2143 dici
1466 2086 1552 2143 valet.
1568 2092 1623 2144 Ast
1644 2089 1779 2161 quamvis
1793 2091 1831 2147 de

128 2194 206 2235 nunc
226 2195 278 2250 pro
303 2176 478 2239 substantia,
494 2191 570 2230 nune
595 2191 647 2246 pro
674 2173 872 2230 accidentibus
898 2189 948 2244 po·
1004 2175 1138 2246 pluribus
1154 2176 1212 2231 diei
1232 2175 1325 2245 liceat,
1341 2175 1423 2232 valde
1444 2181 1542 2232 tamen
1568 2177 1763 2250 incongruum
1780 2194 1829 2235 ex·

125 2274 212 2336 nunt,
228 2266 340 2323 noverit
358 2283 403 2322 me
426 2282 531 2322 sensus
546 2263 763 2337 simplicitatem
778 2261 846 2334 plus
860 2276 949 2334 quam
1004 2267 1071 2331 stat,
1088 2268 1121 2320 ut
1135 2281 1202 2320 cum
1224 2270 1315 2320 Deum
1340 2265 1466 2321 dicimus
1490 2265 1629 2337 primum,
1644 2266 1700 2323 hcc
1715 2265 1828 2323 solum·

125 2357 280 2413 verborum
310 2354 503 2411 subtilitatem
533 2368 674 2424 exponere
701 2351 774 2407 vella
801 2350 951 2422 simulque
1004 2352 1090 2408 modo
1119 2354 1155 2408 ad
1182 2357 1321 2410 crenturae
1348 2353 1497 2422 ordinem,
1524 2359 1552 2410 et
1579 2371 1636 2411 nen
1665 2357 1763 2428 potius
1791 2356 1828 2413 ad

126 2445 200 2502 sciat
224 2444 337 2516 quiain
357 2442 504 2514 aliquibus
534 2441 703 2497 auctoribus
728 2440 778 2509 ita,
805 2444 838 2495 ut
862 2456 879 2494 a
903 2454 950 2495 me
1003 2445 1114 2498 aterna
1138 2442 1289 2498 Trinitatis
1313 2459 1453 2515 personas
1476 2442 1828 2517 reseramusprmsertim

127 2533 238 2588 dictum
254 2536 308 2601 est,
324 2531 479 2587 invonitur.
494 2531 545 2586 His
567 2546 635 2602 ergo
650 2529 821 2602 praemissis,
833 2529 897 2600 jam
912 2529 948 2583 ad
1003 2545 1070 2586 cum
1091 2530 1192 2586 emnia
1206 2530 1328 2587 relativa
1344 2548 1407 2603 qua
1423 2532 1458 2587 dc
1474 2531 1573 2588 divina
1597 2533 1711 2606 proprie
1723 2532 1828 2590 dicun·

127 2621 239 2678 noviter
258 2621 474 2694 propositorum
499 2619 637 2692 mysteria
660 2617 843 2674 discutienda
865 2633 949 2673 acce·
1001 2623 1051 2673 tur
1065 2618 1240 2687 substantia,
1257 2619 1338 2675 nulla
1357 2624 1441 2676 extra
1462 2636 1493 2677 se
1508 2621 1674 2677 substantia
1688 2623 1724 2678 ad
1738 2638 1827 2679 suam

127 2710 211 2780 dens,
236 2711 266 2766 in
294 2710 398 2783 primis
422 2709 490 2781 quid
515 2724 656 2764 numerus
681 2706 825 2779 significet
853 2705 948 2762 dicere
1001 2706 1153 2780 indigeant
1168 2707 1349 2778 relationem,
1366 2712 1399 2765 ut
1418 2713 1514 2781 Pater,
1529 2713 1559 2766 et
1572 2709 1672 2780 Filius,
1689 2715 1718 2767 et
1732 2711 1826 2784 Spiri-

126 2798 200 2855 volo.
1000 2799 1050 2852 tus
1065 2801 1196 2854 sanetus.
1646 2818 1652 2829 ’

410 2905 525 2962 CApUq
544 2903 663 2960 XXXIV·
1038 2886 1102 2941 ttaee
1115 2888 1214 2959 itaque
1230 2888 1285 2942 tria
1299 2888 1471 2943 substantias
1486 2888 1591 2944 divina
1604 2887 1738 2946 relationi
1752 2905 1826 2946 con·

127 3001 168 3053 De
182 2996 323 3068 ›repeteriia
336 3010 524 3061 numerorum,
536 2995 564 3049 in
577 2994 677 3065 primia
691 2993 807 3049 iteritatis
820 2999 846 3048 et
857 2999 948 3048 terric-
1000 2979 1148 3047 &merenti
1162 2975 1248 3032 filiam
1266 2976 1289 3032 Sl
1315 2975 1397 3032 nunti
1411 2978 1592 3050 ssssgsslffltlssh
1608 2977 1653 3034 vel
1668 2977 1825 3034 hminum

162 3069 214 3129 rii:
242 3067 374 3138 quomodo
401 3068 586 3123 sirnetieaima’
613 3065 755 3120 Trinitatis
779 3068 805 3119 et
830 3065 947 3121 licitatio
1000 3064 1167 3120 substantia
1180 3065 1325 3121 existeret.
1341 3066 1441 3138 Neque
1459 3066 1538 3122 enim
1558 3083 1610 3139 pro
1625 3084 1658 3123 eo
1674 3067 1751 3139 quod
1768 3084 1828 3124 an·

161 3139 341 3211 &instituent
354 3138 498 3194 deducati-
962 3136 1085 3226 Ggelus
1109 3158 1137 3208 et
1160 3153 1365 3220 hamaticum
1390 3155 1524 3227 laudans,
1550 3154 1708 3228 aliquando
1734 3155 1831 3212 defuit

162 3244 308 3301 Numerus
319 3244 397 3300 enim
411 3260 478 3300 cum
492 3243 638 3300 maximus
649 3242 688 3299 sit
703 3243 805 3298 divinas
821 3241 948 3298 scicntia
1003 3251 1125 3297 summm
1140 3246 1311 3316 aeternaeque
1331 3244 1483 3301 Trinitatis
1507 3261 1651 3317 perscnae3
1674 3244 1829 3302 relationis

127 3332 248 3402 delator,
268 3333 423 3390 insinuans
450 3332 534 3388 nobis
562 3349 613 3405 per
640 3331 842 3403 ecquomodo
871 3331 948 3387 Deus
1002 3347 1061 3387 suas
1090 3332 1290 3389 convenientia
1324 3350 1455 3405 unquam
1489 3335 1643 3404 carebant,
1671 3335 1748 3392 sicut
1774 3351 1829 3392 nec

126 3425 232 3478 cuncta
246 3422 300 3478 sub
317 3438 456 3478 mensura
470 3427 498 3477 ct
512 3422 640 3493 pondere
652 3424 740 3493 atque
754 3420 856 3476 ordine
871 3424 948 3477 carte
1002 3436 1089 3492 aqua,
1102 3420 1132 3475 in
1146 3425 1223 3477 terra
1238 3421 1424 3477 inhabitabili
1438 3422 1544 3488 fluens,
1555 3422 1620 3479 idac
1636 3423 1672 3479 ad
1687 3422 1829 3480 haurien-

124 3510 232 3568 habeat
251 3511 326 3583 (Sap.
351 3512 403 3583 xi),
429 3515 537 3583 quanto
566 3510 713 3566 efficacius
742 3510 842 3565 omnia
868 3526 946 3566 com·
1001 3509 1073 3565 dum
1088 3513 1133 3567 est
1147 3510 1246 3583 inepta
1260 3511 1337 3583 qued
1354 3527 1439 3567 nemo
1454 3511 1494 3567 ibi
1510 3511 1614 3568 exinde
1629 3511 1770 3569 hauriens
1783 3510 1830 3569 in·

123 3599 289 3671 prehendit,
306 3604 384 3655 lanto
400 3599 603 3670 prestantiora
618 3597 757 3670 mysteria
772 3598 854 3670 gerit.
872 3600 947 3662 Ouo·
1000 3597 1127 3653 venitur.

123 3703 190 3742 rum
204 3702 257 3760 ego
273 3687 428 3758 imperitus
443 3686 486 3743 vel
503 3685 601 3758 aliqua
618 3686 681 3741 ideo
698 3700 839 3758 exponere
854 3685 946 3757 gestio
1036 3686 1117 3750 Quod
1134 3703 1200 3742 eum
1221 3687 1262 3743 ita
1285 3688 1333 3759 sit,
1349 3689 1385 3744 da
1401 3689 1506 3761 primo,
1521 3690 1598 3761 quod
1615 3690 1717 3763 utique
1731 3689 1832 3747 relati·

124 3779 157 3830 nt
172 3774 242 3845 illis,
259 3776 308 3849 qui
325 3775 448 3831 scientie
463 3774 542 3847 varia
561 3773 708 3845 instructi,
724 3774 753 3829 in
770 3773 946 3847 multiplica·
1000 3791 1069 3831 rum
1091 3792 1197 3832 nomen
1220 3782 1274 3845 est,
1289 3794 1342 3833 nec
1362 3779 1462 3834 minus
1476 3795 1564 3851 quam
1581 3780 1617 3834 de
1640 3779 1736 3836 tribus
1750 3778 1831 3837 valet

122 3863 202 3920 tione
217 3868 246 3921 et
261 3864 403 3921 divisione
418 3854 534 3920 numeri
556 3879 619 3919 sese
639 3865 724 3934 juxta
748 3862 874 3919 litteram
899 3880 946 3919 so·
1001 3864 1058 3920 dici
1081 3864 1158 3921 idem
1174 3865 1262 3931 datur
1285 3865 1419 3939 intelligi.
1435 3868 1508 3923 Nam
1532 3868 1609 3924 sicut
1624 3873 1710 3937 Deus,
1727 3868 1828 3942 prins·

123 3952 274 4010 lummcdo
289 3956 423 4008 exercent
439 3968 640 4026 magnumque
654 3956 768 4024 putant,
785 3951 810 4008 si
824 3952 947 4025 quemli-
1001 3970 1088 4026 quarn
1105 3954 1140 4009 ab
1157 3953 1216 4010 ullo
1232 3956 1376 4012 diceretur
1391 3961 1478 4024 Deus,
1497 3961 1569 4023 crat,
1581 3957 1623 4013 ita
1636 3958 1725 4013 etiam
1748 3974 1826 4015 sem·

123 4040 173 4096 bet
188 4041 219 4096 in
235 4040 298 4097 sola
312 4040 485 4097 numerandi
501 4038 604 4113 peritia
619 4038 796 4111 precelleret,
812 4043 861 4094 aut
877 4039 946 4095 inci·
999 4059 1051 4114 per
1065 4043 1095 4097 in
1118 4058 1149 4099 se
1174 4043 1278 4100 habuit
1302 4045 1379 4100 unde
1406 4045 1518 4118 primus
1543 4046 1599 4102 dici
1624 4046 1779 4119 potuisset,
1795 4047 1826 4104 in

26 4175 29 4180 .
121 4131 254 4185 tamenta
269 4128 430 4202 spiritualis
445 4129 572 4185 exercitii
590 4130 745 4201 prabeam,
758 4132 809 4184 aut
822 4144 945 4184 excusa·
999 4132 1133 4204 personis
1162 4131 1274 4189 scilicet
1302 4135 1408 4190 tribus.
1434 4132 1530 4191 Claret
1557 4151 1625 4209 ergo
1649 4136 1730 4208 quic,
1756 4151 1825 4192 eum

121 4217 232 4274 tionem
261 4217 443 4291 negligentia
470 4218 610 4274 auferam.
636 4217 706 4273 Mihi
730 4233 868 4289 namque,
893 4217 944 4289 qui
1001 4222 1825 4295 Deumomnipotsntemprimumlatemur,trinumetiam

120 4304 188 4378 plus
202 4306 362 4380 vulgariter
376 4323 465 4379 quam
481 4307 659 4363 scholastica
674 4306 746 4362 artis
762 4306 852 4376 hujus
868 4307 943 4361 noti·
998 4309 1101 4365 exinde
1116 4308 1202 4399 lateri
1218 4311 1384 4367 edocemur.

119 4393 192 4451 tiam
205 4412 324 4469 parvam
340 4397 467 4468 suscepi,
484 4396 615 4468 amplum
631 4400 718 4463 esset,
736 4400 769 4450 ut
783 4396 878 4463 credo,
895 4412 942 4451 ex·
1033 4397 1089 4453 Sed
1118 4414 1305 4470 summopere
1329 4400 1543 4456 observandum
1568 4404 1611 4469 ut,
1628 4402 1705 4456 sicat
1731 4401 1825 4459 Deum

119 4485 280 4542 cusaticnis
304 4485 461 4558 retugium,
477 4486 564 4541 etiam
584 4484 609 4539 si
625 4483 739 4539 nullum
764 4485 867 4540 exinde
891 4501 942 4540 ex·
957 4507 981 4573 D
997 4486 1111 4548 Patrem
1127 4491 1267 4543 eternum
1284 4488 1424 4558 dicentes,
1436 4489 1541 4545 Filium
1554 4507 1671 4562 quoque
1685 4491 1752 4563 ejus
1768 4489 1824 4547 sibi

120 4573 267 4646 quirerem
280 4573 412 4646 spiritale
427 4573 570 4630 studium.
997 4580 1170 4631 coeternum
1184 4593 1218 4632 ex
1233 4577 1298 4649 ipsa
1325 4577 1418 4634 Patris
1433 4580 1532 4635 aterni
1558 4595 1682 4651 persona
1706 4579 1824 4636 credere

155 4663 236 4721 Unde
251 4664 276 4721 si
291 4663 401 4736 aliquid
413 4661 614 4719 aedificationis
627 4663 662 4719 de
677 4661 792 4718 numeri
802 4662 940 4735 mysterio
996 4663 1135 4733 solemus,
1150 4665 1192 4721 ita
1206 4666 1306 4737 etiam,
1321 4683 1388 4723 cum
1403 4667 1495 4723 Deum
1511 4667 1627 4724 Patrem
1643 4668 1673 4724 in
1689 4667 1823 4741 personis

117 4753 179 4804 tam
203 4751 357 4822 imperitus
373 4751 531 4823 protulero,
551 4755 631 4807 tanto
654 4750 816 4807 euidentius
841 4751 940 4824 gratia
994 4753 1124 4825 primum
1146 4753 1277 4826 aliasque
1292 4754 1399 4811 dehinc
1419 4772 1559 4828 personas
1582 4757 1666 4828 juxta
1688 4756 1822 4813 ordinem

116 4836 220 4892 divina
235 4839 290 4893 erit
303 4822 413 4894 donum
427 4839 646 4911 quantominus
657 4840 693 4896 ab
709 4840 827 4895 homine
841 4840 939 4913 accepi
994 4841 1253 4914 dicimus,nullam
1264 4848 1416 4914 earum,ut
1427 4844 1503 4901 inter
1514 4845 1648 4903 homines
1660 4845 1723 4903 lieri
1735 4846 1821 4916 solet,

116 4923 287 4996 hujusmodi
304 4926 522 4983 documentum.
677 4953 682 4971 ι
992 4931 1134 5004 temporis
1157 4932 1331 5004 antiquitate
1354 4932 1492 5006 priorem,
1508 4935 1559 4990 scd
1576 4939 1654 4992 totns
1679 4938 1739 4993 tres
1755 4952 1820 5008 per·

149 5016 290 5070 Caeterum
301 5014 370 5086 quio
384 5015 480 5070 omnis
495 5032 636 5073 numerus
648 5034 682 5073 cx
693 5017 804 5073 unitate
819 5019 939 5074 descen·
994 5037 1092 5092 sonas,
1109 5020 1202 5077 Patris
1226 5026 1254 5076 et
1277 5021 1341 5077 Filii
1364 5026 1392 5077 et
1410 5023 1536 5094 Spiritus
1558 5024 1662 5091 saneti,
1679 5024 1735 5081 sub
1761 5040 1819 5080 une

114 5101 157 5159 dit
182 5108 210 5158 et
238 5103 348 5175 unitaS,
365 5121 416 5176 per
440 5121 471 5160 se
500 5104 677 5173 subsistens,
705 5106 797 5162 totius
824 5108 938 5163 numeri
994 5113 1106 5164 aternu
1116 5109 1267 5165 Trinitatis
1280 5110 1409 5181 primatu
1420 5111 1577 5169 existentes
1587 5114 1754 5170 credamus.
1767 5112 1821 5169 Ne-

80 5176 93 5187 “
113 5207 213 5249 semen
229 5208 376 5266 causaque
391 5192 498 5260 existit,
514 5194 549 5248 do
571 5194 702 5265 ejusdem
718 5195 840 5253 unitatis
856 5213 936 5269 mys·
994 5213 1051 5270 quc
1065 5198 1143 5254 enim
1159 5214 1194 5254 ex
1208 5215 1241 5254 eo
1265 5200 1343 5271 quod
1367 5200 1453 5256 nobis
1468 5201 1651 5274 impossibile
1662 5206 1709 5259 est
1722 5200 1820 5260 verbis

112 5281 185 5336 terio
215 5281 313 5354 aliqua
342 5280 504 5355 opitulante
534 5287 588 5337 Deo
618 5283 646 5336 in
675 5283 778 5354 primis
808 5286 937 5356 prol'erre
993 5286 1082 5342 simul
1107 5287 1192 5343 edere
1214 5303 1355 5359 personas
1379 5288 1473 5346 Patris
1498 5296 1527 5348 et
1550 5291 1614 5347 Filii
1639 5296 1668 5348 et
1692 5291 1820 5364 Spiritus

114 5368 218 5441 gestio.
992 5375 1142 5443 sancti,de
1155 5376 1307 5432 Trinitatis
1322 5376 1413 5449 hujus
1428 5379 1589 5437 eternitate
1603 5380 1747 5437 debemus
1762 5379 1819 5437 du-

150 5457 231 5522 Quod
241 5457 331 5531 igitur
341 5460 439 5516 unitas
451 5461 541 5516 totius
552 5459 668 5515 numeri
679 5475 776 5532 causa,
785 5464 936 5521 utdictum
991 5465 1094 5537 bitere,
1103 5466 1153 5522 sed
1167 5467 1246 5538 qued
1259 5465 1346 5523 labiis
1358 5467 1447 5523 simul
1459 5469 1561 5540 nequit
1576 5469 1709 5541 proferri,
1721 5472 1821 5526 ments

112 5548 167 5615 est,
178 5561 270 5618 porse
281 5547 399 5619 quidem
415 5549 560 5618 subsistit,
571 5547 671 5604 nullus
684 5554 782 5607 autem
795 5568 936 5610 numerus
990 5559 1019 5610 et
1033 5555 1138 5627 spiritu
1154 5555 1233 5612 fideli
1247 5554 1322 5612 valet
1344 5561 1493 5631 utcunque
1513 5557 1668 5629 contineri,
1684 5562 1712 5615 et
1728 5574 1821 5631 quam

111 5635 224 5713 absque
236 5652 271 5698 ca
289 5637 451 5699 subsistere
464 5637 550 5709 valet,
566 5636 714 5713 siguificat
735 5657 829 5702 unum
842 5641 935 5703 ileum
989 5659 1120 5720 congrue
1134 5644 1238 5704 divine
1260 5645 1490 5721 dispensationis
1509 5647 1712 5723 sententia,·ut
1726 5647 1819 5724 Deus,
