3892 6096
744 343 859 408 ACTA.
1593 342 1654 409 958

91 474 205 533 inviam
216 475 334 547 rediret,
344 477 499 535 educatum
509 476 770 542 babueraouibns
784 477 812 546 Α
826 492 959 534 sororum
974 493 1052 551 spes,
1069 481 1170 552 portos
1198 480 1282 537 tutus
1297 494 1350 552 per
1373 476 1430 535 boc
1456 475 1652 551 procellosum

91 565 175 634 irari,
187 582 241 623 nec
253 567 334 624 luror
342 566 437 634 leniri,
448 583 549 622 verum
561 567 590 623 in
602 567 666 624 dies
676 567 772 642 magis
826 583 907 623 mare
917 567 1118 641 navigantium
1132 587 1139 636 ;
1151 573 1190 636 st,
1205 586 1240 626 ne
1252 567 1352 626 multis
1361 584 1413 625 vos
1424 566 1654 640 detineam,ipsa

103 654 219 712 insania
233 656 346 713 malove
356 655 462 729 spiritu
472 655 595 728 agitari,
610 656 771 713 damonem
825 658 870 711 est
884 672 948 728 que
963 670 1022 712 non
1034 654 1131 713 solum
1143 655 1230 730 [qus]
1242 657 1380 724 interris,
1392 655 1560 728 sedqusin
1570 655 1653 712 omlis

93 742 207 811 xillum,
225 745 296 818 prob
311 744 411 801 nelasl
438 743 605 818 appellare,
631 745 683 816 [et]
699 744 771 800 mihi
826 748 905 811 sunt,
922 748 1026 817 pacate
1052 745 1267 818 tranquilleque
1296 746 1387 813 t'acit;
1403 760 1531 818 spesque
1545 747 1652 803 nostre

91 833 280 900 consciscam,
304 833 477 905 exclamare,
507 833 537 889 ni
559 833 628 890 binc
642 839 771 891 extraxe-
827 849 929 890 omnes
943 835 973 890 in
988 850 1023 890 eu
1036 833 1098 890 sits
1112 839 1191 891 sunt.

92 938 168 978 mum
184 920 224 977 nil
237 922 294 979 nisi
309 922 407 979 insani
423 923 527 996 cupitis
542 938 662 996 prorsus
677 923 772 979 dicere
861 923 925 979 382.
953 923 1112 996 Postquam
1138 940 1274 996 accepere
1301 940 1335 980 ee
1363 923 1413 996 qui
1444 923 1567 980 aderent
1586 922 1652 994 viri,

92 1024 118 1064 e.
135 1008 186 1067 llis
204 1007 330 1082 aliisque
346 1011 435 1067 rebus
458 1011 562 1067 elfines
576 1009 692 1067 ninium
708 1027 772 1084 per·
826 1011 880 1068 etsi
896 1012 975 1068 baud
1003 1028 1089 1069 secus
1117 1029 1150 1070 ao
1179 1013 1271 1069 abbas
1299 1012 1478 1069 disseruerat
1499 1011 1652 1080 sentirent,

92 1113 116 1154 m
131 1099 465 1172 necquidagere,[nec]
481 1117 540 1173 quo
555 1101 772 1168 severtere,ad
826 1103 927 1157 tumen
951 1100 1135 1174 postulavere
1163 1100 1294 1174 plerique
1321 1101 1376 1174 [ut]
1405 1102 1654 1173 proponerstqua

92 1185 283 1259 stelligerent,
296 1188 459 1246 insanusne
466 1193 553 1257 esset,
565 1205 602 1246 an
615 1189 773 1245 ademone
826 1189 874 1246 via
887 1189 944 1246 boc
970 1189 1091 1264 aggredi
1118 1190 1267 1247 deberent.
1295 1189 1416 1258 Censeo,
1440 1186 1536 1261 inquit
1550 1187 1652 1258 abbas,

95 1275 177 1333 mnia
190 1277 405 1334 dubitationem
420 1278 533 1334 afferre.
558 1278 773 1336 cunctantibus
827 1277 951 1336 aliorum
961 1295 1042 1337 more
1053 1279 1115 1335 lieri
1127 1283 1226 1336 votum
1238 1295 1290 1352 pro
1301 1295 1353 1336 eo:
1370 1295 1439 1335 nem
1449 1276 1545 1351 spolia
1554 1276 1655 1350 opime

92 1381 171 1439 uque
197 1381 298 1423 secum
315 1366 504 1440 agitantibus,
532 1366 714 1424 utilevisum
729 1370 775 1424 est
828 1384 931 1442 regum
957 1369 1137 1442 ducumque,
1167 1367 1353 1441 aliorumque
1381 1366 1548 1438 bominum,
1565 1382 1653 1423 cerea

92 1454 199 1525 clean,
216 1454 345 1527 Virginis
358 1456 465 1529 Maris,
481 1461 510 1513 et
524 1457 553 1514 S.
567 1456 690 1514 loannis
705 1473 772 1530 gra·
828 1456 972 1531 imagines
988 1473 1052 1531 qua
1082 1458 1177 1515 oculis
1205 1456 1433 1531 ingredientium
1457 1456 1547 1513 edem
1571 1453 1653 1510 illam

92 1543 169 1601 eriri.
827 1543 1654 1619 sacratamueofferuntoccurruntque,quideliudquem

92 1649 162 1691 sum
191 1632 291 1706 itaque
318 1633 493 1691 vinctumin
523 1633 618 1690 lucem
647 1632 773 1707 prodire,
828 1633 859 1689 in
873 1633 962 1691 variis
977 1632 1195 1692 calamitatibus
1210 1639 1276 1690 vote
1289 1632 1403 1708 Virgini
1413 1632 1511 1690 Maris
1526 1630 1655 1706 obligata

92 1720 301 1780 orabominum
312 1722 434 1795 spiritus
443 1722 573 1795 plenum,
584 1723 675 1779 torvis
689 1723 773 1779 terri·
828 1725 987 1791 ostentant,
1000 1722 1318 1796 vehementissimeque
1346 1722 1426 1778 adid
1442 1722 1653 1795 peragendum.

92 1827 116 1869 rs
143 1811 237 1868 oculis
266 1815 446 1885 spectantem
468 1810 545 1867 trabi
565 1812 681 1884 jubent.
698 1811 772 1878 Quid
828 1810 1656 1885 siquisdareturoasus,intuentiumaccendentanimosi

92 1898 179 1957 ocium
190 1899 294 1969 animi,
310 1915 401 1972 quam
413 1898 542 1957 babebat
557 1898 587 1955 in
596 1899 690 1967 vultu,
702 1917 775 1957 nun·
829 1900 890 1957 Hoc
906 1900 985 1957 idem
1000 1916 1062 1974 vos,
1076 1901 1103 1958 ui
1117 1899 1234 1975 sapitis,
1246 1899 1273 1958 si
1287 1915 1353 1956 vere
1367 1898 1422 1956 viri
1436 1898 1519 1971 estis,
1535 1899 1655 1972 aggredi

92 1988 134 2045 risi
159 1993 329 2062 recuperate
352 1989 488 2061 sanitate,
512 1987 657 2062 deposuit.
683 1989 776 2061 Igitur
829 1988 916 2061 longe
930 1988 991 2046 fore
1004 1988 1076 2046 utile
1090 1989 1164 2046 dico.
1179 1988 1341 2062 Postquam
1356 1993 1456 2045 autem
1483 1986 1594 2044 amicos
1607 2002 1655 2044 eo·

93 2076 401 2150 ,compositisexvoto
410 2077 510 2146 rebus,
523 2077 776 2150 proficiscentibus
829 2094 897 2135 rum
912 2078 948 2135 ad
965 2077 1084 2151 aliquod
1099 2083 1202 2136 votum
1227 2078 1423 2136 emittendum
1443 2075 1554 2135 alacres
1567 2075 1656 2153 videt,

120 2164 172 2221 illo
201 2167 315 2222 iurante
337 2165 555 2240 procaciterque
582 2165 776 2236 exclamante,
828 2165 1004 2236 valedicens,
1014 2167 1348 2243 eosdimisit.llliigitur
1358 2165 1529 2240 posterodie
1538 2181 1657 2223 summo

93 2254 488 2311 minumbinoindedextre
505 2255 634 2327 levaque
650 2254 775 2311 circum·
830 2271 917 2312 mune
945 2255 1127 2325 testinantes,
1157 2256 1210 2313 bas
1224 2272 1293 2330 spes
1306 2261 1336 2313 et
1350 2254 1540 2329 cogitationes
1555 2269 1656 2310 aecum

97 2360 177 2413 eum,
194 2344 345 2414 admirari,
359 2348 398 2411 et,
415 2359 474 2416 qua
485 2344 623 2413 iteraret,
635 2360 671 2400 ex
686 2344 776 2418 agris,
831 2349 991 2418 portantes,
1007 2346 1110 2402 urbem
1126 2344 1323 2403 Florentinum
1347 2343 1472 2418 ingressi
1488 2346 1568 2399 sunt.
1585 2341 1657 2397 Inde

93 2433 491 2505 iuscunquesexusadeum
508 2449 775 2491 concurreremor-
830 2433 953 2506 virginis
980 2434 1076 2490 lteris
1104 2433 1248 2507 templum
1277 2434 1428 2498 adeuntes,
1454 2447 1522 2488 eum
1538 2429 1655 2486 Floren-

93 2537 137 2595 qre
149 2521 287 2593 denique,
311 2521 425 2593 asperis
446 2521 601 2578 itineribus
616 2520 776 2578 difficulte·
830 2521 902 2579 tinis
915 2523 1138 2580 occurrentibus
1152 2521 1324 2596 conspicum
1341 2519 1468 2578 insania.
1484 2518 1656 2591 novitasque

93 2627 149 2668 um
164 2610 246 2678 lessi,
264 2610 319 2666 boc
333 2611 365 2667 S.
392 2610 490 2666 Maria
506 2610 716 2668 monasterium
731 2627 777 2668 se·
831 2627 935 2669 vocum
950 2615 980 2669 et
992 2611 1110 2684 ineptis
1125 2627 1273 2684 nusquam
1287 2610 1356 2667 visa
1375 2608 1531 2666 iaciebant.

93 2699 777 2774 gesimal'erebore(222'),tertiadiaquadomo
867 2700 1019 2757 383.th
1032 2701 1096 2758 real
1112 2701 1209 2758 sadie
1237 2717 1297 2775 qua
1327 2697 1503 2756 Florentiam
1526 2696 1659 2754 isticon·

93 2793 237 2852 ‚tenuere
250 2787 420 2845 Liberaliter
429 2788 715 2861 itaqueamonacbis
725 2788 777 2845 ba·
831 2790 998 2858 tenderent,
1029 2807 1095 2848 ecce
1123 2790 1197 2848 alter
1224 2793 1353 2863 repente,
1383 2787 1503 2855 nostrie,
1520 2785 1571 2859 qui
1586 2790 1658 2843 tuno

93 2878 296 2949 tentionibus,
311 2882 340 2935 et
363 2878 546 2936 orationibus
570 2881 780 2951 persenserunt
831 2874 903 2933 ioris
917 2880 1026 2945 essent,
1042 2878 1190 2951 apparuit,
1205 2877 1255 2950 qui
1267 2893 1302 2934 ex
1312 2876 1415 2934 eodem
1429 2874 1536 2948 oppido
1550 2872 1658 2931 castel·

93 2996 96 3023 ι
110 2969 213 3025 morbo
237 2968 426 3038 demoniaco,
451 2984 551 3024 verum
575 2966 691 3025 insania
706 2983 778 3039 qua·
831 2965 910 3038 lano,
926 2966 1027 3024 eodem
1042 2967 1131 3024 etiam
1150 2966 1262 3025 insana
1284 2965 1393 3023 mentis
1407 2963 1510 3021 morbo
1525 2963 1658 3031 effectus,

93 3073 179 3114 orare.
202 3058 283 3123 Quod
299 3057 432 3129 equidem
458 3073 525 3113 cum
550 3073 607 3113 non
622 3056 695 3112 satis
710 3073 779 3112 con·
832 3053 888 3112 boo
901 3059 930 3111 S.
943 3056 1039 3112 Muris
1054 3056 1266 3113 monasterium
1280 3070 1349 3128 spes
1363 3055 1445 3111 bone
1458 3053 1566 3111 mentis
1580 3069 1661 3109 recu·

93 3146 184 3205 illices
194 3147 348 3219 cererique
362 3146 434 3203 socii
446 3147 619 3218 perterrent,
630 3146 778 3202 utimmo·
834 3144 970 3217 peranda
985 3148 1104 3216 peteret.
1120 3144 1173 3202 Hic
1188 3161 1246 3201 non
1261 3160 1385 3216 parvum
1410 3141 1468 3200 sibi
1482 3141 1659 3199 occurrenti·

93 3236 142 3292 rba
154 3236 293 3292 indecora
307 3236 402 3304 edere,
416 3252 446 3292 se
463 3236 522 3292 Deo
537 3234 710 3308 sanctisque
724 3235 779 3292 rite
795 3217 817 3287 G
836 3233 902 3301 bus,
919 3233 989 3305 quie
1008 3233 1121 3306 absque
1148 3231 1281 3305 exemplo
1310 3231 1462 3298 insaniret,
1486 3230 1617 3287 dolorem
1633 3232 1663 3286 et

93 3327 137 3383 ‚ud
153 3325 276 3383 ulterius
291 3342 387 3398 posse,
404 3325 584 3382 asserebant.
832 3321 1057 3379 admirationem
1073 3322 1215 3397 incutere.
1240 3318 1407 3377 Sciscitanti
1430 3319 1530 3390 itaque
1550 3316 1661 3388 abbati,

94 3431 136 3471 ne
150 3431 217 3471 cum
232 3415 331 3472 abbati
344 3414 562 3481 nuntiarentur,
579 3429 681 3470 eorum
695 3411 778 3486 igno·
834 3411 912 3467 unde
927 3410 984 3468 sibi
998 3408 1060 3469 bec
1075 3409 1190 3467 insania
1218 3408 1331 3482 [esset]
1349 3406 1392 3464 sio
1420 3405 1544 3464 comites
1557 3403 1663 3461 dedere

104 3502 348 3561 immoderatione
377 3503 484 3578 lingue
500 3506 660 3576 permotus,
676 3502 777 3575 bospi·
834 3500 1062 3573 responsum.1n
1076 3503 1202 3571 paterna
1216 3495 1396 3554 baereditatis
1410 3493 1552 3553 divisione
1566 3510 1584 3550 a
1596 3508 1662 3567 ger·

96 3594 209 3651 onecbo
237 3593 338 3650 alterio
366 3593 534 3661 comitante,
564 3591 645 3649 adire
670 3590 781 3649 curavit
835 3588 932 3644 manis
946 3586 1049 3645 fraude
1063 3584 1468 3660 deceptum,suisquebonis,
1482 3581 1660 3639 commentis

95 3698 187 3739 mum.
199 3681 397 3755 lbiimprimis
408 3698 459 3739 eos
469 3681 623 3754 castigare,
632 3681 710 3755 quod
720 3684 779 3737 tum
835 3675 1014 3749 quibusdem
1029 3677 1066 3734 ab
1081 3675 1128 3732 bis
1143 3675 1314 3749 spoliatum,
1342 3672 1423 3730 nulla
1446 3673 1524 3745 jure.
1538 3669 1664 3744 pecunia

93 3789 118 3829 re
131 3776 251 3844 tamque
265 3771 343 3828 leves
367 3774 476 3839 essent,
492 3770 547 3843 [ut]
562 3786 656 3842 nsque
671 3769 701 3826 id
716 3786 781 3842 per·
835 3765 1025 3837 amicitiaque
1052 3764 1289 3838 prohibentibus,
1320 3777 1489 3835 recuperrre
1513 3759 1662 3827 valuisse;

93 3864 159 3933 ent,
172 3862 249 3917 unde
260 3877 368 3932 magna
378 3876 456 3933 spes,
468 3860 562 3931 major
571 3858 659 3915 etium
670 3873 782 3915 meroes
837 3853 1140 3928 undepriusdolorsm
1152 3851 1395 3927 ingentem,benc
1405 3847 1663 3907 deindsinsaniam

94 3950 153 4023 ret].
167 3950 280 4014 Nonne,
297 3951 322 4006 si
333 3953 500 4005 constantes
515 3963 580 4005 esse
590 3946 782 4015 voluerimus,
836 3943 1006 4016 concepisse
1020 3943 1077 4000 sibi
1093 3943 1135 4000 ait
1146 3959 1153 3999 :
1166 3942 1315 3998 interdum
1325 3937 1662 3998 animitavebementis·

94 4055 180 4096 onas
203 4038 273 4095 lesu
302 4039 387 4094 nobis
412 4038 528 4094 abunde
556 4041 652 4101 erunt,
674 4036 783 4093 divitiae
837 4026 1665 4104 simemensejusineaniaoccupator,utnudatogladio

94 4146 152 4195 nae,
180 4128 280 4194 dacus,
310 4126 427 4200 glorie?
451 4126 494 4182 ad
509 4125 569 4182 beo
593 4125 719 4198 benigne
733 4140 784 4180 eos
837 4122 982 4195 quosdam
993 4119 1121 4194 graviter
1132 4118 1327 4192 atrociterque
1337 4116 1530 4183 vulnerasset,
1545 4114 1576 4171 ni
1586 4114 1665 4172 cauti

96 4217 265 4287 admonere,
279 4214 425 4272 constanti
437 4215 535 4272 animo
547 4214 709 4286 perterrent
721 4229 785 4287 age·
838 4208 1061 4283 quamprimum
1087 4208 1241 4281 petiissent
1268 4207 1379 4280 lugam.
1408 4204 1499 4262 Nobis
1513 4202 1604 4277 igitur
1618 4201 1666 4260 bie

94 4323 251 4375 erumnas,
276 4280 460 4362 calamitates
484 4318 597 4372 omnes,
612 4318 676 4375 quae
692 4301 786 4358 multa
839 4296 1062 4355 difficultatibus
1078 4297 1173 4355 anxiis
1188 4297 1337 4369 rebusque
1352 4293 1492 4351 humanis
1505 4289 1664 4350 diffidenti·

94 4395 125 4452 in
154 4394 308 4452 hominurn
336 4394 394 4451 vita
417 4394 593 4465 fortunaque
607 4395 783 4459 versantur;
839 4389 906 4456 bus,
923 4386 1064 4460 tuensqui
1075 4385 1115 4442 its
1126 4384 1323 4453 consulerent,
1334 4382 1509 4457 priusquam
1520 4380 1600 4438 eliud
1611 4395 1665 4436 no·

102 4488 131 4540 S.
159 4484 279 4541 iterium
308 4484 465 4540 Servorum
493 4479 643 4537 Florentia
658 4478 786 4535 consulit
839 4492 909 4535 vum
924 4476 1051 4532 oriretur
1065 4474 1188 4544 malum,
1203 4474 1261 4531 buc
1274 4473 1529 4529 contenderemus.
1546 4470 1587 4525 da
1610 4484 1663 4540 spe

94 4589 131 4630 er
143 4574 302 4646 devoteque
312 4571 537 4646 proficiscantur
548 4587 555 4639 ;
567 4568 640 4625 nibil
653 4572 784 4626 assatam
800 4585 825 4651 D
840 4564 932 4638 igitur
945 4568 974 4620 et
1002 4564 1112 4620 fiducia
1139 4560 1306 4636 carpsimus
1330 4560 1385 4618 iter
1398 4558 1455 4616 boc
1469 4556 1615 4623 ardunm;
1632 4555 1663 4612 S.

100 4664 220 4735 tamque
236 4658 423 4727 incurrabile,
440 4659 546 4727 dicere,
566 4658 643 4730 quod
658 4655 785 4730 Virginis
838 4657 992 4721 ioannem,
1004 4658 1035 4709 ut
1047 4652 1164 4709 miseris
1176 4649 1298 4719 aeteus,
1309 4649 1350 4705 ite
1364 4648 1449 4704 nobis
1460 4644 1506 4702 bis
1517 4645 1547 4700 in
1562 4659 1666 4700 arrum-

94 4751 221 4807 orecibus
236 4767 253 4806 a
280 4751 352 4805 iesu
367 4762 426 4805 non
439 4814 442 4821 q
453 4748 613 4821 impetrent
634 4745 784 4817 mortales,
841 4743 898 4799 mis
913 4758 999 4815 opem
1011 4740 1153 4809 laturum,
1169 4754 1332 4797 censemus.

96 4844 142 4896 cto
157 4840 242 4896 corde
258 4839 286 4893 id
303 4839 475 4910 inquirant,
500 4840 640 4909 preterea
654 4854 687 4892 ee
702 4852 786 4892 man·
876 4832 938 4888 384.
955 4831 1007 4888 His
1021 4829 1051 4887 P.
1069 4828 1171 4897 abbas,
1187 4826 1331 4884 cumatile
1346 4826 1398 4900 qui
1411 4824 1543 4891 aderant,
1560 4820 1596 4879 ed
1606 4820 1666 4894 pie

94 4945 117 4985 re
127 4934 157 4986 et
168 4928 369 4985 misericordia
379 4927 529 5000 Virginem
539 4926 660 4982 Mariam
672 4940 787 4996 semper
840 4925 931 4978 tatem
947 4923 1055 4988 motus,
1067 4923 1099 4976 ut
1110 4919 1194 4987 alios,
1206 4915 1366 4974 liberaliter
1374 4915 1405 4971 in
1419 4911 1547 4987 bospitio
1557 4910 1666 4968 babere

94 5018 259 5086 ,ilirmubab
273 5022 307 5073 nt
331 5032 416 5073 nemo
432 5031 563 5088 unquam
579 5016 615 5071 ab
629 5030 663 5071 ea
677 5014 788 5070 trustra
841 5009 962 5079 curavit,
973 5008 1099 5082 stpaulo
1113 5012 1225 5082 posteo
1241 5023 1273 5064 se
1285 5005 1447 5076 conferens,
1459 5002 1523 5060 cibo
1536 5003 1666 5074 potuque

94 5108 261 5182 rpetiverit.
292 5109 373 5174 Quod
402 5104 613 5162 etiamsieliud
638 5102 787 5160 mentibus
841 5102 987 5156 recreatos
1001 5113 1058 5155 non
1074 5113 1177 5171 parum
1194 5096 1248 5152 bac
1264 5092 1385 5169 parvula
1409 5088 1666 5150 crationeersxit:

94 5196 242 5270 gitaretis,
259 5195 389 5267 [inquit]
405 5198 482 5250 esset
496 5199 595 5250 tamen
611 5193 787 5267 quandoque
840 5189 911 5246 lesu
921 5187 1045 5259 Christo,
1058 5185 1243 5243 dilectissimi
1256 5184 1372 5251 iratres,
1384 5180 1569 5255 quiscunque
1578 5193 1667 5234 casus

94 5303 144 5342 um
159 5286 189 5341 in
205 5287 294 5355 viam,
310 5290 339 5341 et
353 5285 441 5340 corda
463 5289 560 5339 vestra
574 5283 609 5338 ad
624 5282 726 5338 lesum
742 5280 786 5336 in·
842 5276 991 5347 acciderit,
1007 5276 1111 5333 merito
1125 5275 1235 5348 gratias
1249 5288 1335 5347 agera
1350 5271 1534 5343 obligamur:
1549 5284 1584 5326 ea
1597 5283 1667 5340 pro-

99 5370 788 5447 ldatremqueejustotocorde[utlvobismisaro-
841 5373 907 5440 pter
920 5371 1051 5423 revocate
1079 5364 1213 5435 animos,
1230 5362 1298 5419 lorti
1324 5367 1413 5432 atque
1436 5361 1540 5431 pacato
1567 5356 1667 5414 animo

95 5481 201 5538 copem
231 5464 315 5533 ferat,
333 5467 365 5519 ut
392 5462 462 5532 dixi,
491 5458 786 5531 invocare[oportet].
842 5456 917 5525 sitis,
934 5461 961 5511 et
978 5452 1171 5511 memineritis
1189 5467 1291 5509 omnes
1315 5450 1392 5505 viros
1414 5446 1666 5523 egregiosvirtule

101 5552 267 5610 misericors
278 5556 332 5624 est,
344 5551 544 5608 desolatorum
560 5547 716 5621 refugium,
733 5547 787 5603 mi·
841 5544 1036 5621 gloriosisque
1050 5543 1145 5611 lactis,
1161 5558 1213 5616 per
1236 5539 1331 5598 varios
1346 5554 1432 5598 casus
1447 5554 1499 5612 per
1513 5535 1607 5595 multu
1621 5533 1665 5591 di·

103 5642 133 5700 ld
151 5648 195 5702 est
209 5644 299 5700 ferme
314 5641 392 5699 circa
404 5654 567 5714 vesperam,
