3892 6096
127 312 167 373 'ts

55 502 58 507 ,
131 462 189 502 non
212 447 289 502 esset
312 442 440 517 agnitus,
464 439 611 510 omnihus,
629 458 691 513 quae
719 441 755 497 de
779 440 843 514 ipso
859 441 995 511 orentii

130 533 290 609 Scripturis
307 531 454 589 instruxit.

165 642 270 702 Docuit
285 640 373 697 etiam
388 639 524 713 praelatos
539 640 666 712 quodem
682 637 814 709 exemplo
831 655 887 693 nou
903 637 953 693 de·

130 735 198 791 bere
208 730 371 805 precipites
382 746 446 787 esse
458 729 488 784 in
495 728 699 800 judicioNam
716 745 783 784 curn
793 727 953 798 quamdam

131 820 286 879 mulierem
309 820 339 876 in
364 818 506 875 adulterio
531 818 744 891 deprehensam
768 816 862 872 Judaei
887 820 954 872 ante

129 913 214 971 illum
233 912 420 981 deducerent,
436 912 464 965 et
477 924 529 979 pro
555 905 725 977 hujusmodi
744 905 866 961 crimine
876 905 955 975 judi·

132 1004 212 1060 rium
226 1001 320 1074 ipsius
334 1000 530 1071 exquirerent,
546 1014 604 1052 uon
629 996 728 1053 statim
745 1012 795 1068 pro
810 993 953 1066 exquisito

132 1092 283 1164 respoudit
305 1089 428 1161 judicio,
445 1088 495 1144 sed
521 1085 666 1142 inclinans
691 1102 722 1140 se
736 1083 908 1156 aliquandiu
923 1083 953 1138 in

131 1186 219 1250 terra,
235 1179 383 1238 scribebat
397 1178 488 1250 digito
504 1176 595 1247 (toan.
612 1176 685 1246 vrri),
701 1175 862 1231 admoneus
877 1172 953 1227 vide·

132 1271 200 1328 licet
226 1286 328 1328 omnes
352 1268 452 1325 fideles
480 1266 535 1324 hcc
560 1265 634 1322 laeto
662 1269 705 1330 ut,
721 1280 789 1320 cum
819 1260 955 1334 quaelibet

130 1360 202 1418 vitia
229 1359 428 1433 proximorum
453 1355 647 1428 conspiciunt,
669 1353 712 1409 vel
741 1352 873 1421 audiunt,
896 1367 954 1406 non

133 1454 200 1507 aute
228 1448 288 1504 hac
316 1445 553 1520 reprehendendo
579 1443 714 1515 judicent
746 1445 869 1513 [uterque
895 1439 952 1496 cod.

129 1539 273 1612 judicare]
290 1554 378 1610 quam
401 1537 436 1592 ad
461 1533 670 1591 conscientiam
695 1548 779 1587 suam
804 1529 955 1586 humiliter

133 1628 241 1685 reversi
255 1626 440 1684 discretionis
455 1625 546 1697 digito
569 1639 633 1679 eam
649 1620 805 1693 diligenter
819 1619 955 1691 sculpant

132 1722 162 1774 et
175 1717 206 1774 iu
225 1734 259 1773 ea
273 1716 343 1788 quid
370 1714 516 1777 conditori
532 1712 654 1785 placeat,
671 1710 776 1782 quidve
802 1707 956 1780 displiceat

132 1805 235 1864 sedula
249 1804 464 1862 examinatione
479 1801 649 1857 discutiant.
665 1800 720 1855 Per
735 1798 954 1855 inclinationem
971 1830 994 1895 B

131 1895 257 1966 denique
280 1892 350 1949 iesu
366 1890 529 1958 humilitas,
547 1905 597 1962 per
621 1888 744 1963 digitum
770 1886 955 1943 discretionis

134 1984 293 2053 subtilitas,
305 1999 356 2055 per
368 1985 475 2037 terram
491 1996 558 2035 vero
569 1995 619 2034 cor
632 1978 807 2049 humanum,
823 1976 901 2048 quod
912 1974 956 2031 vel

133 2077 289 2143 bonarum,
301 2072 345 2129 vel
356 2069 499 2127 malarum
516 2067 663 2125 actionum
677 2066 751 2123 solet
761 2065 880 2121 reddere
896 2064 955 2120 fru·

133 2168 208 2231 ctus,
225 2161 408 2237 exprimitur.

613 262 804 395 Ioruuom
826 305 1005 369 Monaesi
1026 305 1058 367 s.
1081 305 1328 369 arianarum

1793 305 1835 367 30
1877 336 1880 343 .

1316 438 1432 496 CAPUT
1450 439 1522 495 XVI.

1009 546 1164 603 detenditur
1178 547 1304 618 enernpic
1327 546 1429 602 Christi
1449 562 1500 618 pcr
1512 545 1642 617 faciliore
1666 553 1691 601 et
1702 547 1834 618 pleniora

1043 619 1078 674 art
1092 618 1284 689 difficiliorem
1309 626 1334 674 et
1355 619 1544 675 obscuriorum
1567 618 1750 689 coercitionem
1761 622 1835 692 ipre·

1045 690 1226 759 predicandam
1240 705 1304 746 esre.

1044 853 1144 907 Heinr.
1170 849 1310 915 Quamvis
1326 849 1386 906 sint
1408 852 1510 906 sancta
1526 854 1554 906 et
1579 850 1744 908 necessaria
1758 851 1835 921 vite,

1009 956 1073 1012 ques
1084 940 1148 1010 J'am
1173 938 1329 1010 protulisti,
1346 940 1532 1007 documenta,
1548 939 1651 995 ardore
1671 943 1771 996 tamen
1788 958 1836 998 so-

1009 1028 1141 1097 lutionis,
1156 1044 1245 1100 quarn
1268 1028 1399 1100 exquiro,
1413 1029 1550 1085 videntur
1563 1029 1693 1085 taediosa.
1710 1029 1793 1086 Unde
1808 1034 1837 1087 et

1009 1117 1063 1172 hoe
1079 1117 1152 1172 mihi
1178 1133 1276 1188 quasa
1291 1117 1414 1173 reserari
1431 1134 1482 1172 cur
1506 1118 1537 1174 in
1552 1117 1598 1174 his
1612 1117 1685 1174 velis
1709 1123 1769 1175 tam
1786 1119 1837 1199 diu

1008 1206 1173 1273 immorari,
1190 1206 1275 1279 quasi
1291 1205 1349 1273 illa,
1365 1224 1428 1278 quea
1444 1206 1523 1280 petii,
1549 1206 1719 1280 questionis
1734 1225 1838 1282 propc-

1008 1295 1071 1349 sita
1087 1295 1165 1351 dicta
1178 1311 1300 1367 prorsus
1316 1296 1479 1352 omittens?

1045 1383 1075 1438 0.
1092 1384 1187 1455 lpsius
1203 1384 1320 1440 Domini
1346 1385 1440 1441 nostri
1456 1386 1526 1442 lesu
1550 1384 1658 1442 Christi
1681 1387 1779 1443 verbis
1794 1403 1839 1444 rs·

1009 1473 1162 1544 spondeo:
1185 1473 1260 1541 Quod
1283 1476 1366 1545 facio,
1382 1478 1412 1529 tu
1438 1477 1527 1532 nescia
1551 1475 1724 1542 madesmei
1744 1480 1840 1535 cutem

1006 1569 1100 1635 pecten
1115 1563 1204 1633 (teon.
1221 1563 1294 1634 aru).

1045 1655 1082 1706 H.
1107 1651 1301 1707 Sanctissima
1324 1652 1443 1724 quidem
1469 1655 1556 1710 verba
1580 1654 1687 1723 audi0;
1705 1656 1756 1712 sed
1780 1671 1839 1728 quc

1009 1740 1141 1808 tendant,
1157 1741 1271 1813 ignoro.

1045 1830 1075 1885 0.
1092 1829 1203 1884 Dicam.
1222 1828 1395 1902 Ubicunque
1410 1831 1501 1903 igitur
1515 1832 1652 1903 obscura,
1667 1831 1711 1889 vel
1725 1833 1837 1905 ignota,

1011 1917 1053 1976 vel
1069 1917 1440 1990 difficiliasimplicicribus
1455 1925 1483 1977 et
1491 1920 1590 1978 idiotis
1600 1927 1669 1979 sunt
1683 1923 1839 1990 tradenda,

1010 2007 1092 2080 prius
1107 2007 1207 2080 aliqua
1238 2006 1326 2080 plana
1340 2012 1368 2064 et
1383 2009 1499 2081 cognita
1522 2014 1660 2067 constant
1683 2010 1841 2082 edocenda,

1011 2101 1052 2164 ut,
1069 2098 1099 2152 iu
1115 2097 1161 2153 his
1177 2097 1347 2165 assuefacti,
1362 2099 1399 2154 ad
1421 2099 1568 2172 incognita
1583 2106 1612 2156 et
1627 2100 1754 2156 obscura
1769 2098 1840 2156 faci·

1010 2185 1068 2241 lius
1101 2187 1281 2258 capessenda
1309 2188 1486 2259 quandoque
1519 2187 1723 2245 instituantur.
1755 2189 1839 2245 Hunc

169 2268 522 2341 Similimrssquoque]verc
548 2264 756 2338 poenitentihus
771 2266 799 2319 et
814 2263 956 2318 instanter
1010 2291 1137 2347 namque
1159 2291 1271 2332 morem
1288 2277 1429 2333 Dominus
1455 2281 1515 2333 tum
1540 2279 1570 2333 in
1596 2279 1841 2351 operibusquam

132 2361 284 2419 orantibus
299 2358 432 2415 Christus
447 2355 579 2428 exempla
589 2354 688 2423 dedit;
705 2353 879 2425 poenitentes
892 2351 957 2423 qui·
1009 2363 1104 2420 verbis
1120 2364 1183 2421 guis
1198 2365 1397 2422 observasset
1412 2383 1456 2435 ea,
1472 2383 1536 2438 qua
1552 2369 1721 2441 nuperrime
1738 2372 1841 2441 protu-

134 2452 200 2508 dem
224 2449 254 2505 iu
276 2449 363 2505 beata
386 2446 478 2502 Maria
500 2443 682 2517 Magdalena,
698 2442 841 2498 instanter
857 2445 954 2496 autem
1009 2451 1040 2519 fi,
1059 2457 1087 2509 e,
1102 2452 1160 2509 ulia
1175 2454 1289 2510 infinita
1303 2456 1395 2512 edidit
1409 2456 1497 2513 dicta.

132 2551 248 2600 ΟΜΝΗ
263 2541 294 2595 Ῑῧ
313 2537 435 2595 muliere
450 2535 613 2592 Chananaea
636 2533 795 2589 inslfflssns·
812 2530 875 2585 ΗΜ
899 2529 953 2602 igi·
1044 2541 1080 2596 nt
1095 2545 1127 2596 ut
1142 2541 1182 2596 ita
1200 2558 1263 2598 esse
1279 2543 1475 2617 perspicacius
1499 2545 1606 2602 intueri
1630 2545 1736 2614 valeas,
1752 2546 1835 2603 verbi

133 2636 182 2689 tur
209 2634 333 2702 ullaque
362 2624 494 2698 exempl&
528 2622 642 2678 ⁰¹¹⁰&ss
669 2621 780 2676 Miller
807 2618 954 2675 ⁰011V0t81'8
1009 2629 1149 2702 propositi
1165 2631 1339 2687 sententiam
1355 2631 1383 2687 in
1399 2634 1530 2689 medium
1540 2635 1734 2706 proferamus.
1748 2639 1834 2692 Petro

133 2722 259 2780 maximss
274 2716 544 2782 &llessdssfldssffissb
561 2711 631 2785 llum
654 2709 785 2782 nequltia
799 2708 953 2777 ditbttllffl,
1008 2718 1106 2791 itaque
1128 2719 1325 2792 interrogante
1349 2725 1375 2777 ct
1399 2722 1512 2778 dicente
1536 2723 1650 2780 Christo
1671 2740 1678 2779 :
1701 2725 1737 2779 Tu
1759 2724 1836 2780 milri

132 2809 266 2884 quamllss
285 2809 315 2865 in
339 2819 441 2864 ⁰11¹¹1⁰⁸
465 2801 567 2859 fideles
582 2798 782 2872 lmpussnflfld⁰
807 2797 953 2869 deflffiviflb
1009 2809 1084 2864 taras
1105 2809 1215 2881 pedes?
1238 2811 1389 2882 respondit
1414 2812 1476 2884 ipse
1499 2817 1528 2868 et
1552 2812 1625 2868 dixit
1649 2829 1655 2868 ε
1686 2813 1763 2882 Quod
1786 2827 1861 2886 eqo·

28 2876 32 2895 ⁸
132 2900 743 2974 a¹²¹l³¹i¹1⁸l²²ffll³¹¹‘³⁰³2111108P42ltefam
768 2891 953 2959 PssssssfllOPUffl
1007 2898 1090 2968 facio,
1117 2901 1149 2952 tn
1175 2899 1264 2953 nescis
1291 2898 1380 2966 niodo,
1408 2901 1475 2955 scies
1504 2902 1596 2956 entem
1623 2909 1714 2972 porca
1743 2902 1833 2972 (toan.

132 3005 253 3046 suorum
280 2983 483 3060 paenitentiam
507 2984 536 3036 et
558 2977 699 3035 orationis
721 2975 892 3032 instantiam
917 2975 954 3031 ad
1008 2987 1081 3057 xm),
1107 2987 1239 3059 qumque
1265 2987 1304 3042 ng
1330 2987 1397 3060 plus
1412 2990 1448 3045 d,
1472 2989 1561 3061 hujus
1586 2990 1731 3048 solutione
1752 2991 1835 3048 verbi

132 3076 290 3135 Dominum
306 3074 460 3146 confugere
483 3067 632 3143 perspicit,
648 3066 813 3138 impugnat·
831 3064 911 3119 Unde
925 3069 954 3120 el
1009 3074 1138 3142 adderet,
1151 3077 1201 3131 sed
1214 3075 1536 3151 lavansdiscipulorum
1546 3080 1634 3151 pedes
1649 3078 1735 3151 ope're
1747 3081 1836 3136 verba

133 3166 231 3242 plures
246 3162 377 3221 conversi
392 3164 480 3216 tautae
491 3155 723 3254 impugnationis
740 3153 873 3210 molestia
888 3170 953 3226 gra·
970 3195 991 3263 G
1010 3163 1159 3236 incognita
1186 3166 1377 3237 expffiutsset,
1395 3171 1466 3223 tunc
1496 3168 1615 3224 demum
1632 3168 1703 3240 quid
1732 3169 1830 3246 verba.

130 3256 199 3326 vati,
215 3255 462 3328 dssspfllflfllssflqm
477 3248 552 3305 ¹¹⁸⁰ss
573 3246 602 3300 5¹¹
625 3245 954 3317 D⁰¹1¹¹¹¹⁰ll⁰⁸⁵0ffl¹t³tl·
1010 3253 1080 3324 quid
1108 3269 1195 3325 opera
1218 3253 1287 3310 talia
1308 3254 1506 3326 significarent
1529 3256 1683 3324 intimavit,
1706 3256 1833 3314 dicens:

131 3345 201 3413 rari,
218 3345 253 3400 ad
278 3342 415 3400 vitiorum
439 3335 694 3401 consuetudinem,
710 3336 791 3405 quasi
814 3334 891 3388 coriis
911 3348 954 3387 re·

129 3451 223 3494 versus
239 3433 278 3491 ad
291 3434 424 3490 comitam
437 3445 518 3484 saum
532 3427 567 3498 (ll
582 3423 718 3495 Pensa),
734 3421 893 3478 redierunt.

1007 3344 1092 3399 Scitis
1109 3341 1176 3416 qnid
1189 3345 1302 3414 jecerim
1324 3344 1423 3400 trebir?
1445 3346 1494 3402 Vos
1508 3348 1609 3402 vocatis
1633 3362 1686 3413 nra,
1703 3349 1836 3417 tlaqistcr

1007 3435 1033 3487 ct
1050 3432 1171 3501 Domine,
1196 3435 1222 3487 et
1238 3431 1303 3488 berre
1326 3433 1430 3503 dicitis,
1456 3451 1517 3489 sam
1537 3437 1648 3491 danim.
1663 3434 1694 3490 st
1708 3451 1771 3506 erqo
1784 3451 1835 3507 eqo

167 3545 200 3600 ln
214 3541 331 3598 Simone
354 3539 442 3594 ctiam
469 3535 565 3605 Mage,
591 3532 641 3602 qui
665 3544 717 3602 pro
737 3546 770 3585 ec
795 3529 873 3600 quod
896 3529 956 3600 spi-

133 3631 229 3688 ritalia
256 3630 334 3685 dona
359 3643 427 3682 curn
451 3621 575 3695 pecunia
610 3634 777 3690 caniparare
802 3618 885 3672 nisus
910 3620 955 3673 est

131 3719 371 3796 (Act.V111),nam
393 3712 502 3786 legitur
524 3710 552 3765 id
569 3726 627 3764 non
652 3706 808 3779 perfecisse
822 3706 872 3761 scd
890 3710 953 3762 tau-

129 3809 284 3868 tummodo
298 3806 363 3873 niti,
380 3819 437 3860 non
453 3799 548 3858 solum
573 3797 687 3854 veniam
703 3794 816 3851 nullam
832 3812 883 3867 pro
899 3795 953 3850 hu·

127 3899 260 3972 jusmodi
274 3895 359 3969 culpa
374 3890 512 3958 obtinuit,
528 3888 578 3945 sed
593 3887 682 3943 etiam
699 3885 811 3941 malitia
826 3885 955 3941 maxima

129 3989 291 4045 obcaecatus
301 3989 467 4054 aeternaque
480 3977 684 4035 maledictione
695 3992 852 4049 percussus
866 3975 954 4032 inter-

128 4077 173 4133 iit.
189 4077 221 4132 ln
250 4076 314 4146 hcc,
335 4074 468 4145 inquam,
492 4069 609 4124 Simone
638 4071 713 4123 Deus
738 4081 840 4121 omncs
862 4065 952 4122 eccle·

131 4165 243 4224 siastici
257 4163 368 4221 ordinis
389 4161 466 4217 viros
481 4157 600 4214 instruit
615 4172 660 4227 nc,
677 4154 817 4227 spiritalis
833 4154 951 4226 regimi-

128 4256 176 4313 nis
191 4253 392 4311 monarchiam
407 4248 499 4323 prctio
522 4252 636 4304 terreno
661 4260 830 4316 comparare
844 4260 951 4315 prasu-

127 4349 251 4415 mentes,
265 4342 374 4400 similia
387 4341 543 4412 patiantur.
556 4335 643 4392 Scnret
658 4334 747 4403 enim,
764 4337 795 4387 ut
808 4332 949 4404 seriptum

1008 3521 1064 3575 tari
1087 3525 1185 3576 nestros
1210 3521 1289 3593 pedes
1313 3523 1444 3601 tiernium
1468 3526 1494 3579 et
1518 3524 1655 3595 Magister,
1671 3527 1697 3579 ct
1719 3540 1766 3580 vos
1789 3524 1835 3580 dc-

1009 3609 1074 3663 betis
1098 3610 1169 3664 alter
1191 3608 1311 3666 allerias
1335 3611 1427 3668 levore
1451 3611 1542 3683 pedes.
1573 3614 1736 3684 Exemplum
1757 3615 1833 3670 enim

1007 3696 1071 3752 dedi
1093 3698 1177 3766 cotta,
1193 3703 1224 3753 nt
1247 3700 1472 3770 quemadmodem
1494 3718 1542 3772 eqo
1563 3702 1619 3776 sect
1643 3703 1727 3769 volis,
1744 3704 1783 3758 ito
1807 3706 1834 3759 ct

1008 3803 1055 3842 vos
1069 3786 1185 3860 lactatis
1199 3788 1302 3861 (ibid).
1318 3788 1431 3852 Quibus
1458 3789 1599 3849 nimirum
1622 3792 1718 3851 verbis
1733 3796 1833 3864 aperte

1007 3875 1225 3932 demonstratur
1240 3878 1310 3949 quia
1334 3878 1359 3934 si
1375 3879 1475 3951 ignota
1498 3885 1642 3952 precepta
1656 3881 1768 3953 absque
1782 3897 1833 3937 ex·

1007 3965 1112 4038 amplis
1128 3966 1281 4037 factorum,
1293 3967 1338 4022 vel
1352 3968 1507 4025 verborum
1523 3970 1674 4042 proferret,
1687 3970 1831 4043 fragilitas

1005 4054 1137 4112 humana
1152 4072 1338 4128 nequaquam
1353 4063 1478 4129 caperet.

1041 4145 1831 4221 Sicutigiturhicdocumentasuapremissisfactorum

1005 4234 1829 4310 argumentisDominusnosteriesusChristusexpressit,

1002 4322 1043 4378 ita
1054 4323 1141 4379 etiam
1153 4323 1221 4379 alibi
1230 4324 1391 4396 saepissime
1402 4326 1499 4381 verbis
1508 4327 1724 4398 argumentosis
1734 4331 1831 4383 osten·

123 4441 179 4508 est,
195 4435 315 4506 loquitar
339 4432 408 4486 flens
433 4436 458 4484 et
484 4425 600 4484 serundo
623 4441 681 4481 nore
704 4424 803 4492 repetit
826 4422 949 4492 idipsum
1003 4412 1054 4513 flit-
1073 4412 1164 4479 Sicut,
1176 4429 1243 4467 cum
1257 4413 1425 4469 iudeorum
1440 4414 1603 4515 notissima·
1615 4414 1763 4487 prioribus
1779 4432 1829 4516 pe·

124 4527 194 4601 (lob.
210 4524 320 4595 samu).
343 4521 478 4591 Ideoque,
495 4534 558 4589 quie
573 4515 662 4572 semel
688 4530 740 4585 per
754 4513 873 4568 beatum
899 4512 948 4568 pe.
962 4570 985 4635 D
997 4516 1064 4601 Jora
1078 4503 1332 4600 demonstraturus
1348 4507 1435 4570 esset,
1451 4521 1534 4603 prius
1545 4504 1581 4560 de
1596 4505 1750 4605 immundo
1765 4521 1830 4576 spi.

122 4620 201 4671 trum
221 4610 388 4687 apostolum
414 4609 443 4663 in
459 4607 577 4663 Simone
602 4603 761 4671 damnavit,
779 4602 808 4657 in
832 4602 946 4658 eunctis
1000 4594 1057 4645 ritu
1073 4592 1109 4646 ab
1125 4590 1243 4646 homine
1259 4596 1382 4647 excunte
1408 4596 1557 4648 etiterum
1574 4610 1641 4649 cum
1657 4593 1722 4649 alus
1738 4610 1829 4666 spiri·

122 4703 213 4759 simul
234 4705 372 4775 perpetuo
395 4699 526 4763 damnat,
542 4695 643 4750 dicens
658 4693 694 4747 ad
720 4707 835 4746 ornnem
852 4690 946 4747 homi-

11 4808 13 4813 ’
122 4807 189 4848 nem
205 4790 333 4846 Simonis
348 4789 481 4861 ejusdcm
496 4788 669 4842 sectatorem
687 4799 693 4838 :
709 4782 831 4837 Pecunia
845 4789 893 4836 trra
907 4789 945 4836 te-

119 4896 184 4941 cum
197 4881 236 4937 sit
250 4880 280 4935 in
293 4879 446 4952 perditione
461 4876 530 4947 (det.
546 4874 617 4945 vru).

155 4986 221 5043 Hac
234 4985 325 5060 igitur
337 4983 436 5042 omnin
458 4981 573 5053 aliaque
586 4980 632 5036 his
648 4978 765 5047 similia,
782 4995 845 5050 qum
861 4993 942 5050 repe·

118 5075 170 5133 riri
184 5080 310 5149 possunt
331 5079 392 5130 tarn
415 5073 444 5127 in
459 5072 571 5127 Veteris
595 5086 684 5142 quarn
702 5070 730 5124 in
758 5067 829 5123 Novi
844 5068 943 5123 Tasta·

119 5168 211 5223 menti
223 5163 355 5234 historia,
372 5161 504 5218 omniurn
517 5159 648 5215 fidelium
664 5162 734 5213 sunt
748 5158 939 5224 documenta;

115 5259 145 5311 et
159 5254 188 5310 in
208 5254 255 5311 his
279 5253 355 5310 valet
379 5251 537 5308 admodum
553 5247 730 5304 considerari
756 5250 866 5318 quauta
889 5245 939 5301 Dci

116 5343 156 5399 sit
171 5343 337 5416 benignitas
352 5341 428 5397 circa
441 5338 585 5408 homines,
602 5336 720 5409 quibus,
737 5334 806 5406 quid
822 5332 866 5390 rel
883 5334 940 5390 sihi

112 5430 237 5505 placeat,
252 5431 297 5487 rel
319 5429 482 5502 displiceat,
499 5428 528 5484 in
543 5426 738 5499 quorumdam
764 5424 850 5480 factis
873 5423 937 5497 dig-

111 5525 201 5585 natur
210 5521 322 5596 iugiter
334 5518 482 5577 intimare.

1002 4680 1277 4753 tibusueqniorihus
1287 4682 1608 4755 revertenthuoddam
1621 4681 1828 4739 similitudinis

1001 4774 1209 4841 argumentum
1220 4770 1362 4842 sumpsit;
1377 4769 1479 4842 sicque
1487 4776 1588 4843 postca
1599 4769 1825 4841 intulit‚dicens:

999 4857 1044 4913 Sic
1058 4860 1110 4913 erit
1119 4866 1145 4913 ct
1154 4859 1326 4929 persecutioni
1338 4859 1400 4914 huic
1408 4862 1537 4931 pesairnae
1547 4861 1651 4932 (llettt.
1663 4862 1726 4932 xri).
1740 4860 1825 4934 Item,

999 4947 1260 5019 quandoiutimare
1270 4948 1516 5020 voluitquomodo
1526 4951 1730 5022 unnsquisque
1741 4950 1827 5006 fratri

998 5054 1050 5093 suo
1064 5053 1098 5092 ea
1109 5053 1172 5107 qum
1188 5040 1367 5092 contraeum
1384 5038 1755 5095 conimississetdimitterc
1772 5040 1825 5096 de-

996 5126 1087 5192 beret,
1100 5130 1307 5197 argumentum
1320 5126 1523 5183 similitudinis
1535 5128 1683 5200 quoddam
1697 5129 1733 5184 dc
1744 5144 1824 5202 rege,

996 5215 1047 5288 qui
1062 5213 1154 5269 voluit
1179 5215 1320 5269 rationem
1336 5232 1443 5285 ponere
1467 5233 1534 5272 curn
1553 5217 1644 5273 servis
1660 5217 1732 5283 suis,
1750 5235 1825 5289 pre-

997 5304 1095 5373 misit;
1113 5304 1213 5374 sicque
1227 5303 1346 5359 demum
1363 5306 1526 5377 subjunxit,
1538 5307 1636 5363 dicens
1649 5323 1655 5362 :
1667 5306 1714 5362 Sic
1728 5316 1754 5363 et
1768 5309 1825 5362 Pe·

994 5399 1035 5449 ter
1050 5409 1124 5449 tricies
1136 5394 1253 5448 colestia
1263 5392 1349 5465 faetet
1361 5395 1444 5466 rolris,
1455 5398 1483 5452 ri
1496 5412 1552 5451 non
1562 5397 1727 5452 rensircritir
1736 5413 1823 5452 reiras-

993 5486 1105 5556 qnisque
1124 5485 1209 5546 fratri
1222 5498 1270 5539 suo
1286 5483 1319 5539 cle
1343 5484 1470 5541 cordibus
1485 5488 1584 5541 vestris
1600 5485 1711 5555 (lleltlt.
1727 5487 1822 5558 xviri).

993 5573 1077 5637 ltem,
1093 5572 1209 5645 quando
1232 5571 1387 5644 explanare
1402 5573 1496 5630 voluit
1519 5573 1606 5648 quale
1631 5575 1773 5648 gaudium
1789 5577 1822 5634 in

992 5659 1063 5720 coelo
1079 5661 1118 5719 sit
1143 5677 1231 5736 super
1247 5677 1424 5738 unoquoque
1447 5668 1598 5737 peccatore
1613 5663 1821 5740 paenitentiam
