3892 6096
118 303 182 370 ool
525 306 736 372 Ameriola.
752 305 792 356 ’-
805 306 1030 372 auscultari
1051 302 1182 370 saeva
1203 302 1427 372 besuense.
1769 300 1830 368 662

108 444 115 455 ’
177 440 254 499 Tum
268 439 314 479 “⁰²
338 442 487 514 perpende
510 442 555 491 ⁸⁶⁰⁸
575 448 625 499 tuo
647 459 704 498 non
733 457 797 499 esse
821 440 991 516 ignobileA
1057 442 1101 497 'lu
1121 439 1212 498 solvis
1225 441 1272 479 ⁸⁶¹¹
1288 442 1392 498 duram
1414 436 1514 515 populi
1528 434 1574 479 ⁸⁸¹⁸
1588 456 1606 498 a
1619 438 1729 499 cervice
1751 444 1829 498 cate·

760 530 909 602 [elaustro
1696 532 1789 604 [nam‚

175 621 260 688 Quod
270 619 414 677 minimus
426 620 549 677 fratrum
564 621 685 693 perfecit
695 620 824 677 maxima
836 637 945 677 rerum.
1056 618 1283 691 Fascionlosque
1296 635 1397 692 graves
1411 621 1447 676 ab
1458 624 1567 677 onusta
1578 620 1662 694 plebe
1672 620 1826 693 repellens.

121 713 158 769 30
178 714 210 769 ln
226 709 335 784 quibus
348 709 477 766 ecclesia
491 708 590 767 lucent
603 709 765 783 primordia
776 714 893 781 nostre,
1054 707 1176 765 Alllictae
1192 707 1289 781 gentis
1304 725 1464 765 maerorum
1479 709 1510 765 in
1520 711 1628 783 gaudia
1641 709 1740 793 vertis.

172 798 504 872 Arctoumqne⁴⁸⁰⁸salus
514 799 690 873 populorum
703 799 945 873 seriptatenetur‚
1054 797 1097 854 Tu
1113 795 1224 854 olerum
1240 797 1352 870 injusta
1367 803 1518 870 raptorum
1533 799 1635 856 lraude
1648 802 1801 872 gravatum

172 891 209 947 lit
224 890 411 946 decessorum
425 887 592 961 pinguntur
606 889 681 945 lacta
694 893 814 945 tuorum
830 889 886 945 ⁸⁰¹⁰.
1000 885 1036 940 50
1054 885 1086 942 ln
1099 903 1154 942 sua
1167 886 1311 955 restituis,
1328 890 1362 967 tu
1378 903 1432 943 nos
1446 903 1543 944 errore
1557 892 1675 944 veterno

171 979 302 1052 Tempus
332 976 388 1034 erit
413 993 471 1049 quo
500 977 576 1034 lacta
600 981 658 1034 tue
685 976 875 1035 celeberrima
898 978 944 1014 “¹¹
1054 974 1174 1047 llximie,
1190 980 1280 1048 atque
1295 991 1349 1032 suo
1364 975 1468 1045 reddis
1477 992 1561 1032 saera
1575 976 1685 1049 templa
1699 976 1806 1033 decori.

802 1066 910 1137 [laudis
1053 1066 1097 1120 'lu
1112 1081 1215 1137 pacem
1229 1064 1317 1120 terris
1332 1063 1454 1138 antiqua
1467 1064 1519 1122 lite
1533 1065 1664 1138 iugatum

172 1159 231 1213 Aut
244 1171 299 1213 nos
313 1158 366 1212 aut
380 1152 488 1228 aliquis
502 1171 537 1211 ea
550 1155 637 1212 docta
652 1155 735 1228 plebe
750 1159 870 1213 tuorum
1053 1153 1190 1211 Ecclesiie
1202 1153 1402 1212 revocandam
1408 1152 1824 1228 tertiapreliasurgunwdl,

116 1248 155 1304 35
173 1251 341 1321 pangemus
357 1244 469 1316 majore
480 1242 553 1317 lyra,
569 1243 594 1300 si
608 1245 656 1282 ⁸⁶¹¹
669 1245 730 1301 vita
744 1248 904 1319 superstes.
1053 1241 1087 1298 lit
1102 1243 1303 1301 discordantes
1327 1246 1358 1299 tu
1373 1243 1421 1280 ⁴⁶¹⁸
1441 1243 1544 1318 jungis
1566 1245 1602 1301 ad
1618 1243 1720 1301 oscula
1743 1260 1825 1300 men·

173 1334 314 1403 Quamvis
330 1336 398 1391 nota
407 1332 481 1390 satis
491 1336 609 1406 pateant
619 1338 669 1391 tua
678 1337 761 1408 gesta
771 1350 823 1408 per
832 1336 945 1402 orbem,
1635 1334 1689 1407 [tes
1702 1333 1788 1407 (997).

170 1424 241 1489 Qua
255 1426 285 1479 et
299 1421 363 1479 elue
379 1421 520 1494 scriptore
533 1422 665 1497 vulgabit
678 1423 757 1480 lama
770 1422 942 1497 perhennis:
997 1421 1034 1476 55
1051 1420 1079 1477 Si
1094 1419 1165 1495 quid
1191 1421 1288 1478 adhuc
1312 1425 1457 1495 superest,
1473 1423 1551 1496 quod
1577 1422 1685 1496 gaudia
1707 1421 1826 1496 publiea

171 1513 265 1578 Quem
278 1514 332 1569 tua
344 1511 392 1548 ⁸⁶¹⁸
406 1510 544 1585 preteriit
558 1511 627 1568 lelix
640 1511 752 1581 electio,
768 1529 827 1586 qua
841 1518 880 1581 te,
1605 1511 1715 1585 [turbet
1730 1513 1788 1578 ⁴⁸²⁰,

171 1601 273 1659 Prisco
289 1616 372 1657 more
386 1603 514 1673 patrum,
530 1601 658 1674 pastoris
673 1601 792 1659 nomine
806 1601 929 1676 dignum
1051 1603 1105 1655 Per
1120 1603 1147 1655 te
1162 1599 1258 1656 sedari
1272 1600 1384 1657 tribuat
1397 1601 1443 1637 “²¹
1461 1601 1550 1668 Deus,
1565 1600 1740 1674 adiciatque,

117 1692 153 1749 lc
171 1689 363 1763 lllectumque
377 1689 435 1747 Deo
448 1689 590 1762 prodebat
603 1686 839 1762 Spiritus'indea‚
1051 1688 1088 1744 Ut
1102 1692 1208 1745 Brome
1221 1705 1289 1745 oum
1314 1688 1516 1763 flammaburg
1530 1706 1582 1763 per
1593 1693 1621 1747 te
1640 1689 1746 1747 redimi
1761 1705 1822 1745 me-

170 1778 261 1851 cujus
275 1781 346 1835 tuno
361 1778 468 1835 festum
483 1777 630 1836 recolebat
643 1779 731 1835 turba
744 1777 839 1836 fidelis
854 1777 943 1851 (elidii
957 1811 981 1877 B
1644 1781 1785 1848 [reantur,

171 1868 194 1925 0
209 1866 330 1941 quantis
340 1865 470 1924 lacrimis
485 1866 626 1941 populiis
638 1866 768 1924 vidimus
779 1870 923 1940 emptum,
1049 1866 1117 1932 Quae
1133 1865 1276 1923 diuturna
1291 1867 1338 1924 sui
1352 1868 1424 1925 flent
1436 1872 1571 1940 tempora
1584 1867 1821 1937 carcerisambe;

170 1957 249 2014 Dum
264 1954 348 2030 prius
359 1957 492 2030 oppressi
505 1955 580 2013 votis
593 1956 801 2013 communibus
816 1973 919 2014 omnes
1049 1955 1115 2012 Hae
1129 1973 1147 2012 a
1161 1955 1285 2029 paganis
1300 1972 1451 2029 oppressa,
1466 1956 1527 2013 haec
1542 1955 1643 2014 clausa
1657 1957 1704 1993 ⁸⁸¹²
1723 1960 1822 2031 tyran·

170 2043 316 2103 letalem
330 2044 377 2083 ⁵⁶¹⁸
400 2049 551 2119 cuperent,
565 2045 657 2103 immo
682 2045 766 2120 longe
779 2047 826 2083 *⁶¹⁸
840 2045 941 2104 melio·
1715 2046 1784 2119 [nis.

732 2135 806 2205 [rem
820 2135 905 2208 (995),
995 2134 1032 2190 60
1050 2132 1073 2190 0
1088 2132 1221 2191 liemare
1235 2138 1328 2208 pater,
1344 2135 1439 2192 lavent
1452 2135 1507 2192 tibi
1520 2134 1743 2208 gratiachristi,

117 2223 154 2281 s5
171 2222 267 2288 Quam
281 2222 329 2264 ‘⁸¹⁸
342 2237 411 2296 spes
434 2220 495 2280 ulla
514 2222 589 2280 soret
600 2221 644 2281 vel
668 2227 769 2282 nostra
782 2223 856 2281 fides
880 2239 941 2281 me·
1050 2221 1168 2295 Nosque
1181 2226 1238 2278 tue
1248 2223 1376 2296 pecudes
1389 2222 1444 2279 tibi
1459 2224 1545 2281 corde
1555 2227 1585 2281 et
1597 2240 1666 2281 voce
1675 2223 1819 2281 lavemus.

773 2312 903 2386 [misset.

790 2429 915 2486 VARIAE
934 2429 1143 2487 anemonas.

153 2527 201 2568 *Μ
215 2541 284 2583 oum
307 2528 354 2583 2a.
391 2526 437 2564 ⁸⁸⁰⁸
459 2528 606 2600 perpendo
631 2529 678 2585 20.
702 2528 729 2585 3.
751 2528 779 2584 5.
804 2529 952 2602 perdendo
975 2530 1005 2584 l'.
1043 2528 1089 2564 ⁸⁸⁰⁹
1111 2532 1303 2601 actorumque
1326 2531 1354 2585 1.
1379 2533 1592 2603 auctorumque
1614 2530 1660 2586 2a.
1698 2530 1745 2576 ⁶⁶¹⁰
1771 2533 1823 2586 To·
1849 2549 1853 2556 ’

115 2603 161 2655 tas
188 2598 233 2654 laic
258 2613 353 2655 versas
380 2598 453 2655 deest
478 2599 506 2653 2.
534 2599 562 2655 3.
576 2599 617 2656 ¹5.
656 2600 702 2643 ⁸⁶¹¹
734 2600 843 2658 lactum
871 2604 922 2656 tuo
949 2599 1146 2657 celeberrimas
1174 2600 1281 2670 laudis,
1309 2601 1358 2657 ati
1385 2602 1473 2658 brevis
1499 2601 1661 2675 pontificem
1688 2603 1823 2658 Bremen-

117 2672 195 2727 sium
210 2670 351 2742 comtcpus
365 2678 415 2727 etc.
430 2671 562 2742 sopater,
578 2687 705 2727 amaeam
719 2673 775 2744 fiac
806 2676 847 2727 oet
861 2670 926 2728 dato
940 2672 1040 2728 ianam
1053 2674 1088 2727 ab
1103 2672 1152 2729 boc
1174 2689 1253 2729 verca
1267 2678 1339 2730 recte
1353 2675 1452 2746 scripto
1466 2675 1625 2747 incipiente.
1662 2674 1711 2710 ⁴⁸¹¹
1726 2673 1765 2729 ait
1777 2674 1821 2729 2a.

118 2742 168 2780 “¹⁸
193 2757 264 2799 nam
291 2743 337 2798 2c.
353 2742 380 2797 3.
408 2742 435 2797 5.
474 2743 522 2779 “¹⁶
548 2742 637 2799 talem
666 2746 695 2799 te
708 2744 735 2799 5.
798 2743 819 2778 ¹⁸
847 2742 940 2800 multo
967 2747 1013 2800 2a.
1051 2744 1097 2779 “¹⁸
1125 2745 1202 2826 quod
1231 2745 1278 2802 io.
1315 2745 1362 2781 ⁸⁶¹⁷
1391 2744 1475 2802 solus
1502 2745 1529 2801 3.
1568 2745 1615 2782 ⁴⁶¹⁸
1642 2744 1743 2820 populi
1771 2745 1825 2802 du·

117 2813 225 2871 ram5.
264 2811 487 2871 malaleel.
525 2814 723 2872 ⁸⁸”turbat3.
761 2815 807 2852 ⁸⁶¹¹
824 2814 970 2872 laciat2o.
1007 2814 1054 2850 ⁴⁶¹²
1069 2814 1120 2872 sed
1136 2815 1187 2872 illa
1200 2816 1227 2873 3.

912 2929 1028 2988 NOTAE.

152 3026 229 3100 (996)
243 3024 363 3085 illectus
377 3026 443 3096 luit,
458 3030 492 3084 ut
505 3026 622 3086 videtur
634 3026 665 3085 in
679 3027 829 3087 Dominico
843 3028 944 3085 Pente
998 3028 1019 3086 l.
1035 3045 1075 3098 xi,
1092 3045 1118 3085 v.
1133 3029 1185 3084 631
1201 3033 1231 3086 et
1243 3029 1307 3086 635.

117 3103 225 3156 costes.
1034 3099 1109 3172 (997)
1124 3100 1286 3157 Referenda
1299 3099 1360 3157 beo
1376 3100 1512 3157 videntur
1527 3102 1562 3157 ad
1578 3104 1676 3174 partes
1686 3101 1823 3158 concilia·

164 3170 220 3226 995
244 3169 293 3227 Sc.
309 3168 449 3226 vidimus.
930 3204 937 3211 -
997 3170 1089 3228 terias
1114 3188 1189 3245 quas
1203 3171 1264 3244 egit
1288 3171 1441 3229 Liemarus
1464 3172 1495 3227 in
1519 3171 1596 3230 bello
1621 3174 1769 3231 Saxonum
1794 3189 1820 3229 a.

165 3241 221 3297 996
246 3242 338 3299 lertio
358 3243 459 3315 prelia
472 3272 508 3285 -
521 3243 610 3316 carpit
631 3257 735 3316 papae,
760 3240 864 3315 virgil.
878 3242 942 3299 AEn.
999 3243 1079 3299 1075.

706 3591 1237 3723 trasanii

479 3951 829 4072 CHRONIGON
874 3952 1071 4070 saliva
1112 3955 1451 4076 BRllMllNSll.

568 4168 569 4177 ¹
622 4178 730 4219 ΕΒΒΝΤΕ
747 4179 775 4219 V.
795 4179 838 4219 GL.
859 4179 921 4220 JOH.
940 4179 968 4220 E.
981 4179 1172 4222 'LAPPENBERG
1191 4183 1210 4222 1.
1232 4182 1261 4223 U.
1283 4183 1311 4222 D.

429 4315 533 4386 (Perta,
547 4316 722 4373 lineamenta
736 4313 893 4374 demonia
905 4315 1048 4386 Historiae,
1065 4314 1172 4389 Soript.
1187 4320 1259 4374 tom.
1275 4319 1337 4387 Vll,
1353 4333 1419 4393 pag.
1436 4319 1511 4392 389.)

145 4571 246 4629 llu‘us
259 4571 393 4629 Chronici
408 4589 463 4646 apo
518 4573 576 4647 pha
590 4572 675 4647 plura
689 4574 775 4631 nobis
790 4576 906 4648 cognita
921 4579 1013 4632 sunt:

143 4645 177 4726 ‚0
205 4661 224 4699 n
238 4643 337 4701 oodioe
349 4643 419 4702 olim
444 4652 468 4701 Α
490 4646 687 4719 dingholensi,
705 4646 782 4703 baud
798 4647 885 4704 dubie
901 4647 1033 4704 omnium
1049 4647 1257 4720 antiquissimo
1281 4650 1311 4703 ct
1326 4645 1437 4719 optimo
1463 4644 1544 4702 solus
1559 4646 1647 4703 etiam
1662 4645 1751 4704 habet
1764 4666 1819 4706 no-

116 4728 194 4771 nina
206 4715 415 4843 {piscoporum
430 4717 711 4775 SlesvicensiumAElx
725 4718 834 4791 quibus
849 4718 1008 4776 verisimile
1023 4719 1124 4774 sithen
1137 4723 1269 4790 tempore
1283 4717 1386 4774 Ratolli
1401 4691 1529 4790 episcopi
1541 4717 1647 4774 seculo
1662 4719 1818 4778 undecimo

116 4793 706 4944 αὲἳῗῃοιῑξὲἓὲξῗὲἷῖοθῗίῗᾶεοοη856006
720 4860 798 4934 typis
814 4861 959 4917 dederunt
973 4861 1101 4945 Martene
1116 4865 1145 4916 et
1159 4860 1277 4943 bussud
1290 4860 1320 4916 in
1335 4863 1464 4917 veterum
1478 4859 1658 4932 Scriptorum
1672 4865 1701 4918 et
1715 4863 1817 4921 Monu-

115 4935 280 4987 nentorum
294 4931 479 5004 amplissima
494 4931 678 5001 collectione,
694 4935 766 4989 tom.
778 4932 811 5002 V,
828 4949 894 5006 pag.
910 4934 973 4989 sol,
989 4931 1076 4990 Vrtns
1091 4931 1226 5004 plurimis
1241 4936 1341 4987 scatet.

143 5002 172 5073 3)
188 5002 222 5058 ln
238 5000 428 5060 collectaneis
443 5003 520 5060 Petri
535 5003 598 5061 Olai
614 5003 768 5060 minorita.
784 5006 866 5070 Quod
879 5021 934 5077 apo
956 5004 1082 5077 rapbum
1104 5003 1184 5086 prelo
1199 5004 1324 5086 subjecit
1338 5004 1502 5076 langebek,
1518 5003 1625 5086 Script.
1641 5021 1697 5061 rer.
1713 5005 1816 5064 Dauic.

114 5072 181 5130 tom.
194 5073 244 5158 l'l,
261 5089 328 5157 pag.
343 5076 396 5131 608
411 5092 456 5148 sq.
473 5075 525 5132 Hic
540 5075 669 5147 plurima
680 5075 706 5132 le
728 5079 819 5158 untur
832 5020 1007 5158 interpoqata
1021 5093 1038 5131 a
1052 5075 1136 5132 nobis
1152 5092 1235 5131 uncis
1250 5075 1374 5142 inclusa,
1391 5093 1455 5148 que
1470 5092 1569 5132 omnia
1583 5092 1617 5131 ax
1630 5077 1734 5133 Adami
1747 5078 1818 5134 Bre-

113 5157 222 5202 mensra
235 5145 332 5202 Gestis
343 5152 480 5220 excerpta
494 5163 558 5204 esse
572 5148 649 5204 haud
666 5091 838 5221 ambiguum
854 5148 977 5203 videtur.

143 5217 280 5290 Scriptor
292 5218 397 5275 Adami
411 5218 578 5276 bremensis
593 5222 856 5292 contemporaneus
871 5219 963 5275 luisse
976 5217 1100 5274 videtur.
1117 5217 1211 5275 Simili
1227 5234 1284 5291 quo
1299 5216 1348 5274 ille
1364 5234 1428 5274 com
1452 5222 1501 5274 uto
1516 5218 1551 5273 de
1567 5217 1653 5301 annis
1672 5217 1816 5291 archiepi-

112 5301 267 5367 scoporum
282 5291 550 5364 Hamburgensium
565 5295 594 5348 et
608 5290 811 5347 Bremensium
827 5307 900 5347 usus
915 5305 980 5346 esse
994 5289 1116 5354 vitetur,
1133 5291 1210 5363 qnod
1227 5290 1347 5361 quidem
1362 5236 1489 5363 ampiius
1504 5290 1669 5362 descripsrt,
1682 5290 1816 5362 quamvis

109 5362 376 5489 ssgomputatione
391 5380 535 5421 annorum
551 5379 764 5435 nonnunquam
780 5363 907 5436 graviter
928 5362 966 5418 sit
980 5359 1092 5434 lapsus.
1109 5362 1254 5419 lnotuisse
1268 5362 1294 5419 ei
1309 5378 1426 5435 quoque
1448 5361 1585 5417 videntur
1598 5361 1725 5419 Annales
1746 5363 1815 5419 Cor·

142 5448 151 5487 ι
170 5449 252 5491 neos.
