3892 6096
160 232 234 291 teet

805 228 1031 292 inexhausti
1053 232 1079 292 ll
1104 235 1216 298 PllPAE

1795 251 1867 311 liat

160 359 302 426 ltamiani,
319 357 436 429 scriptis
460 355 523 411 suis
538 355 734 412 Alexandrum
751 338 917 428 pontificem
942 360 978 415 ad
995 364 1021 428 Α
1036 336 1867 447 dieiudecernentesutnulladaincepseccelesiasticam·

158 432 219 486 hec
235 431 391 487 sancienda
401 429 541 498 rogantis.
554 428 674 483 Exstant
685 429 780 484 adbuc
795 429 865 501 ipsae
878 430 979 486 litterae

158 505 265 577 quibus
281 503 335 557 iste
350 500 526 572 praeponitur
540 498 663 555 titulus:
683 501 713 556 ot
727 504 906 566 canonicis,a
920 519 982 573 qni·

158 579 205 632 iins
230 576 259 629 in
283 574 495 642 conprcpntione
517 572 630 639 oiritnr,
645 574 827 643 proprietatis
850 573 983 631 ocilenda

156 647 269 702 licentia
288 644 445 714 dcaepatnr.
462 641 570 697 Deinde
587 661 593 698 :
618 644 731 698 Domino
747 644 901 699 Alexandro
918 646 980 700 bec-

156 718 261 772 tissimo
285 730 367 787 papae
383 716 475 769 Patrne
498 717 623 785 peccator
644 715 793 771 monachas
808 719 979 772 seruitutem.

156 790 294 856 Quantam
317 786 352 842 ad
376 795 476 841 nostrae
500 786 689 856 intelligentia
702 786 854 855 modulam,
869 787 980 842 nnllam

155 863 185 914 in
200 862 319 914 hnmano
333 873 434 929 penore
446 857 554 912 rnatum
568 858 775 928 perniciosioris
789 860 827 913 est
842 860 978 922 criminis,

154 948 238 1003 paam
249 931 372 1000 defensio
386 929 575 1000 proprietatis,
592 933 645 982 etc.
663 928 805 984 Prolixior
820 934 864 984 est
879 929 978 1001 dispu-

155 1003 226 1058 tatio
251 1002 281 1055 in
306 1000 413 1081 saepius
437 999 523 1054 citato
548 999 647 1055 codice
674 998 854 1055 bibliotheca
879 1000 978 1056 Sancti

155 1073 231 1129 Petri
247 1072 277 1127 in
288 1071 440 1126 Vaticano.
453 1070 514 1125 Non
529 1071 564 1125 de
576 1069 740 1135 monachis,
752 1072 801 1126 sed
819 1072 854 1126 de
864 1071 978 1127 clericis

156 1143 326 1215 hujusmodi
343 1149 387 1197 est
401 1141 533 1197 sancitos
549 1157 661 1208 canou;
678 1146 708 1196 at
722 1159 774 1197 nec
789 1142 824 1196 de
840 1144 977 1198 omnibus

154 1214 277 1283 clericis,
293 1215 343 1270 sed
368 1213 414 1268 his
429 1213 479 1284 qni
494 1212 655 1283 collegiatis
671 1213 814 1268 servirent
834 1213 976 1283 ecclesiis,

154 1303 228 1358 qnos
244 1287 284 1341 ire
309 1285 438 1340 acutiore
452 1301 508 1338 usu
524 1283 680 1338 canonicos
696 1283 844 1355 appellare
854 1301 976 1340 consue·

154 1360 262 1423 vimus,
274 1302 311 1412 oin
326 1357 354 1409 id
371 1354 483 1410 scilicet
494 1355 570 1426 quod
587 1353 667 1409 hisce
677 1360 847 1411 tenerentur
856 1355 976 1411 canoni·

152 1431 208 1484 bus
223 1427 354 1498 obligati,
371 1427 547 1497 adquorum
564 1425 765 1497 prescriptum
782 1427 871 1481 vitam
887 1428 974 1483 duce·

152 1495 975 1580 rentclericaleminomnibusregulerem,nihilsibipro·

150 1573 248 1642 prium
263 1570 472 1625 vindicantem.
489 1570 533 1623 Ad
550 1568 637 1622 tinem
653 1583 719 1624 vcro
755 1568 898 1624 rolixioris
913 1570 973 1625 dis·

151 1641 321 1715 putationis,
338 1642 477 1696 adversus
494 1638 699 1720 proprietarios
718 1585 838 1695 ciericos
854 1639 972 1695 institu-

964 505 968 515 ,
1037 453 1178 511 colorisve
1189 461 1866 531 personapraedictamlteataePriscesenclesiam

1037 559 1087 597 seu
1104 543 1230 600 eccleeiae
1246 547 1387 620 dignitate
1414 551 1456 607 eis
1480 553 1599 609 auterre
1615 563 1802 627 prasumat;
1818 560 1865 614 ab·

1036 631 1863 717 basVindocinensis‚qnialodiariusbealiPetrinoscitur,

1035 728 1070 783 ab
1084 730 1286 803 episcoparet
1302 752 1319 790 a
1334 736 1464 807 quolibet
1479 744 1587 796 nostre
1603 741 1690 796 sodis
1706 742 1861 809 vicario,ad

1034 817 1189 874 concilium
1206 820 1374 880 nullatcnus
1389 829 1515 883 vocetur.
1527 828 1591 884 Hoc
1605 828 1703 885 etiam
1720 835 1861 903 presentis

1034 905 1141 962 decreti
1152 909 1324 967 auctoritate
1338 913 1528 984 prohibemus
1540 921 1575 972 ut
1591 916 1692 986 nulla,
1705 920 1765 976 nisi
1780 921 1860 980 solius

1032 1011 1113 1066 papo
1129 1012 1263 1068 persona,
1280 1004 1452 1072 potestatem
1469 1003 1599 1075 aliquam
1617 1012 1675 1062 sut
1691 1007 1857 1068 dominatio

1032 1100 1097 1138 nem
1124 1085 1152 1140 in
1178 1088 1315 1159 predicto
1340 1089 1548 1150 Vindocinensi
1573 1096 1717 1153 coenobio
1737 1115 1857 1158 exercerc

1031 1174 1856 1254 audeat‚velproaliquibusrebusejusdemlociabbatem

1031 1260 1090 1316 sive
1101 1261 1205 1318 iratres
1221 1263 1378 1323 sollicitare
1391 1271 1558 1326 contendat.
1571 1271 1632 1328 Sed
1650 1274 1679 1330 si
1691 1274 1857 1347 quiscoutrs

1030 1365 1079 1405 eos
1105 1352 1220 1407 causari
1243 1353 1377 1423 voluerit,
1392 1373 1473 1429 pape
1498 1360 1663 1430 prasentia
1687 1364 1854 1436 requiratur,

1029 1448 1114 1519 cnjus
1130 1451 1341 1508 monasterium
1355 1452 1453 1525 ipsum
1477 1461 1506 1512 et
1525 1473 1572 1513 res
1587 1458 1629 1514 ad
1648 1464 1855 1522 monasterium

1028 1535 1206 1606 pertinentes
1222 1554 1287 1596 esse
1302 1547 1473 1598 noscuntur.
1489 1543 1571 1608 Quod
1587 1545 1616 1602 si
1634 1547 1770 1621 legatus,
1785 1568 1855 1608 ano

1028 1629 1088 1679 stro
1108 1625 1151 1679 vel
1168 1631 1333 1684 nostrorum
1349 1646 1553 1690 successorum
1568 1633 1669 1692 latere
1688 1637 1814 1709 missus,
1826 1641 1854 1699 nd

148 1721 196 1778 tae,
211 1714 315 1768 Petrus
330 1713 370 1767 ita
385 1715 510 1783 perorat,
526 1710 626 1764 dicens
641 1727 648 1765 :
667 1712 856 1766 Verumtamen
870 1714 900 1765 at
914 1712 973 1766 licea
989 1730 1011 1794 B
1027 1715 1853 1795 partesTransalpinasdescenderitetpraedictumlocum

147 1785 220 1855 apnd
244 1783 458 1839 inobedientiam
480 1783 652 1846 elericorum,
667 1782 722 1836 imo
740 1782 973 1837 nummicolarum
1026 1803 1105 1856 penti
1122 1804 1197 1857 peu-i
1212 1804 1354 1876 placuerit
1368 1807 1495 1881 visitare,
1512 1809 1553 1866 ibi
1568 1812 1758 1872 ohgrimive
1774 1821 1852 1875 gusti.

148 1857 323 1911 rebellionem
337 1853 487 1924 efficaciter
508 1853 626 1918 calcant,
641 1855 729 1906 soracti
744 1854 912 1934 apostolatus
928 1870 971 1908 ue·

147 1929 199 1980 stri
213 1930 291 1994 viper
304 1926 437 1995 impellat.
450 1924 530 1988 Quod
543 1923 611 1978 dicti
628 1939 660 1978 su
686 1922 763 1978 erius
773 1939 894 1979 canonis
908 1941 972 1980 sao-

148 1997 242 2052 ctione
258 1997 367 2051 iactum
384 1994 503 2050 audisti.
517 1996 547 2048 ln
563 1940 727 2049 hoceoiem
740 1992 863 2050 concilio
878 2011 970 2051 canon

146 2067 195 2123 ille
209 2069 245 2123 de
259 2066 453 2122 celebratione
469 2066 627 2120 missarum
642 2066 678 2120 ab
693 2066 793 2121 codem
808 2065 971 2122 Alexandro

146 2140 277 2194 sancitus
291 2155 354 2193 esse
370 2141 501 2208 putator,
533 2136 562 2191 ui
578 2137 717 2191 recitatur
731 2137 895 2192 aGraliano
910 2154 970 2193 vcr-

147 2210 192 2265 bis
208 2210 273 2265 istis
290 2226 295 2264 :
313 2209 420 2279 Sufficit
435 2153 568 2263 socerioti
581 2224 670 2262 renum
684 2209 798 2263 missam
813 2208 969 2264 indicano

143 2282 281 2337 celebrare
307 2286 360 2335 etc.
373 2279 513 2351 Cogendae
529 2279 631 2350 synodi
647 2279 829 2335 occasionem
845 2281 970 2350 praebuit

143 2356 248 2408 Petrus
258 2323 443 2407 Florentiam
453 2350 619 2421 episcopus,
628 2351 678 2422 qui
689 2367 706 2432 p
716 2349 792 2405 clero
803 2350 968 2433 populoque

143 2423 308 2479 Florentino
333 2439 385 2492 per
407 2421 528 2485 litteras,
545 2437 619 2492 quas
643 2426 743 2476 recitat
763 2421 915 2487 Baronrus,
932 2422 968 2478 de

144 2493 316 2549 Simoniani
329 2493 431 2547 haeresi
446 2498 610 2557 accusatus,
623 2491 780 2563 episcopali
792 2493 902 2548 honore
912 2493 969 2564 pri·

143 2637 220 2708 apud
238 2635 357 2691 Surium
373 2635 515 2690 baronius
531 2651 607 2776 anpo
622 2634 769 2706 predicto.

519 2722 567 2776 Xll
586 2765 592 2777 .

140 2812 294 2868 Alexandri
322 2814 345 2868 ll
369 2811 550 2883 priuilepiam
576 2825 626 2892 pro
650 2811 815 2866 monasterio
843 2810 965 2867 Vindoci·

506 2897 596 2936 nonar.

450 2973 545 3039 (huno
561 2969 653 3039 1063.)

343 3059 461 3128 [Mensa
478 3059 579 3113 dorecil.
598 3057 669 3124 XIX,
685 3057 761 3131 bid]

1025 1890 1133 1961 piatur,
1150 1895 1178 1947 et
1202 1894 1227 1948 ci
1252 1910 1315 1966 qua
1339 1897 1452 1969 corpori
1474 1903 1560 1954 erunt
1575 1905 1853 1978 necessariaiam

1024 1976 1079 2033 loci
1092 1979 1625 2059 possibilitatem,ministrentur.lpss
1634 2005 1712 2046 vero
1724 1991 1756 2048 in
1765 1996 1852 2051 eodem

1024 2064 1086 2121 loco
1111 2066 1184 2122 nihil
1208 2069 1354 2141 disponat,
1372 2070 1444 2127 nihil
1468 2075 1610 2148 corrigat,
1631 2095 1690 2136 nec
1712 2084 1853 2141 occasions

1023 2152 1177 2225 legationis
1200 2157 1362 2230 quidquam
1389 2159 1528 2217 molestie
1551 2163 1612 2220 loci
1637 2166 1852 2230 habitatoribus

1022 2242 1146 2312 inferat;
1163 2245 1213 2300 sed
1236 2245 1260 2300 si
1280 2247 1350 2318 quid
1366 2250 1517 2320 agnoverit
1531 2253 1768 2332 corrigendum,
1783 2279 1850 2334 papa

1022 2340 1171 2398 nodhcare
1186 2341 1294 2400 licebit.
1311 2344 1452 2402 Praelsrea
1467 2349 1637 2409 statuimus
1662 2360 1702 2410 ut
1728 2357 1850 2416 delendo

1022 2429 1126 2485 abbate
1141 2429 1236 2501 ipsius
1251 2430 1317 2503 loci,
1334 2449 1486 2492 successor
1499 2437 1526 2493 ei
1540 2438 1679 2513 eligatur
1701 2445 1740 2502 de
1761 2448 1849 2505 ecdem

142 2570 227 2621 vatus
251 2575 304 2620 est.
322 2564 386 2619 Hae
409 2580 443 2619 ex
467 2564 540 2618 actis
565 2564 657 2618 sancti
680 2563 802 2618 loannis
818 2563 966 2621 Gualberti
1021 2523 1268 2615 i⁰ngreg³t¹⁰ne'
1294 2538 1320 2577 εἰ
1339 2526 1438 2579 tmen
1460 2532 1563 2582 ⁸⁸⁰⁰i⁰
1581 2545 1740 2603 ‘egnum‘
1755 2536 1848 2610 ‘hini'

1021 2607 1196 2663 inveniatur.
1207 2608 1235 2664 Si
1250 2612 1327 2682 apud
1343 2627 1393 2669 eos
1403 2613 1511 2686 dignus
1525 2617 1711 2688 prelatione
1727 2624 1848 2682 inventos

1020 2710 1077 2749 uon
1094 2694 1220 2761 inscita
1235 2696 1382 2766 Cloninco,
1393 2716 1446 2757 seu
1462 2702 1596 2774 aMajori
1608 2709 1803 2779 Monasten'o,
1813 2711 1847 2768 oti

1019 2785 1213 2857 undecunque
1238 2785 1344 2844 melius
1365 2793 1513 2861 poterunt,
1529 2802 1704 2864 procurent
1725 2800 1847 2857 monachi

1019 2871 1134 2928 Patrem
1159 2873 1216 2929 sibi
1238 2876 1400 2932 secundum
1420 2883 1511 2935 neum
1526 2880 1653 2952 eligere.
1673 2887 1792 2945 Electus
1804 2905 1846 2945 sn·

1017 2963 1087 3028 tem,
1100 2961 1134 3016 ad
1147 2978 1211 3031 nos,
1222 2963 1266 3020 vel
1278 2965 1313 3020 ad
1326 2968 1440 3022 nostros
1452 2984 1658 3045 successores,
1671 2976 1846 3035 ordinandos

978 3087 1000 3154 c
1018 3050 1183 3119 secedat‚et
1195 3068 1211 3106 a
1221 3053 1289 3109 sede
1299 3053 1374 3110 beati
1383 3055 1460 3112 Petri
1471 3058 1600 3128 apostoli
1611 3063 1708 3134 nujus
1721 3069 1766 3122 est
1772 3066 1844 3138 juris

176 3156 352 3205 Acsxnnoen
366 3148 533 3220 episcopus,
550 3163 650 3202 servus
672 3163 821 3203 servorum
838 3147 899 3215 Dei,
916 3147 962 3203 di·
1017 3146 1155 3204 baculum
1171 3153 1199 3205 et
1213 3151 1462 3209 consecrationem
1477 3154 1617 3227 accipiet.
1635 3158 1672 3216 Si
1687 3177 1757 3218 vero
1770 3178 1844 3236 gran

137 3238 297 3295 lectissimo
309 3235 368 3293 illio
377 3237 486 3293 Ooarcn
498 3235 838 3306 abbati‚Vindocinenais
851 3253 964 3293 monas·

137 3327 214 3394 terii,
226 3327 398 3399 cunctisque
414 3325 635 3382 successoribus
650 3325 715 3396 ejus
730 3325 838 3381 ibidem
851 3325 963 3396 regula·

136 3417 206 3473 riter
221 3415 426 3489 promovendis
441 3416 471 3469 in
491 3418 673 3486 perpetuum.

1017 3235 1104 3291 luerit
1113 3235 1204 3293 electo
1219 3255 1271 3309 pro
1284 3255 1338 3295 sua
1350 3239 1533 3297 ordinatione
1543 3244 1656 3302 statim
1668 3251 1793 3308 Romam
1805 3266 1843 3307 rc·

1016 3324 1087 3393 nire,
1099 3324 1248 3382 licentiam
1262 3326 1370 3384 habeat
1382 3346 1400 3384 a
1414 3345 1594 3403 quocunque
1608 3333 1747 3396 voluerii
1756 3340 1841 3397 calbo·

1015 3409 1070 3468 lico
1082 3413 1216 3487 episcopo
1227 3415 1343 3473 abbatis
1353 3417 1592 3477 benedictionem
1603 3427 1841 3501 suscipembuo·

173 3505 316 3561 Omnibus
331 3504 405 3561 votis
421 3520 484 3576 quae
506 3503 541 3558 de
563 3503 646 3573 justo
669 3517 701 3557 ac
726 3518 798 3572 puro
815 3502 960 3559 desiderio
1015 3502 1102 3557 modo
1117 3506 1215 3559 tamen
1229 3503 1273 3560 vel
1289 3503 1414 3576 qualiter
1427 3505 1530 3563 electio
1547 3508 1617 3582 ipsa
1632 3513 1685 3571 vel
1709 3517 1840 3574 ordinatio

136 3595 297 3666 procedunt
315 3607 485 3649 succurrere
508 3607 561 3646 nos
586 3591 691 3646 debere
714 3590 778 3662 ipsa
801 3590 960 3662 apostolica
1013 3589 1838 3678 iactaexstiterit,etudeautmonachieiusdemlocipnps

136 3699 260 3738 censura
275 3698 439 3737 monemur.
453 3682 566 3747 Quanto
580 3679 660 3735 enim
675 3678 801 3751 quisque
815 3679 903 3736 altius
917 3681 958 3736 et·
1011 3675 1116 3735 litteris
1127 3679 1263 3736 intimare
1273 3683 1553 3749 utautemendet,si
1565 3690 1837 3759 opuslharitamon·

133 3769 189 3825 fert
203 3769 303 3826 oculos
314 3769 421 3825 mentis
434 3770 469 3823 ad
481 3767 584 3822 divine
595 3766 722 3838 speciem
734 3767 955 3839 contemplatio·
1011 3765 1152 3833 dandum,
1177 3773 1228 3824 aut
1242 3769 1266 3824 si
1291 3769 1379 3826 luerit
1401 3771 1567 3829 secundum
1595 3779 1701 3836 Deum
1725 3787 1754 3839 et
1771 3780 1834 3839 Bao

134 3859 189 3925 nis,
201 3863 281 3915 tanto
297 3875 350 3914 nos
363 3859 428 3929 ejus
442 3855 636 3912 intentionem
652 3855 813 3912 studiosius
826 3856 957 3914 animare
1010 3854 1158 3912 benedicti
1182 3856 1313 3931 regulam
1338 3859 1424 3927 laam,
1445 3860 1521 3917 bono
1547 3864 1659 3922 studio
1686 3868 1833 3942 gmcutenr

131 3953 160 4002 et
175 3948 300 4003 exaltare
315 3947 468 4014 debemus,
480 3950 511 3999 ut
526 3945 562 4000 ad
578 3943 663 3999 illum
679 3943 729 4015 qui
739 3949 784 4000 est
798 3944 912 4001 fructus
928 3949 957 4002 el
1010 3948 1038 3998 et
1061 3961 1116 4000 sua
1139 3946 1312 4003 auctoritate
1333 3947 1476 4004 firmetur.

131 4052 243 4092 merces
271 4051 393 4108 operum
417 4035 560 4090 bonorum
585 4032 678 4104 possit
703 4033 852 4104 pervenire
877 4034 956 4090 desi-

129 4123 245 4179 derium
275 4124 394 4178 bonum.
425 4123 640 4178 confirmamus
669 4120 759 4193 igitur
787 4128 875 4192 atque
904 4140 955 4195 per
1043 4122 1143 4196 Neque
1164 4122 1238 4180 illud
1258 4125 1453 4183 omittendum
1469 4131 1525 4200 est,
1543 4132 1830 4207 magisautembuic
1886 4196 1888 4203 ,

127 4209 217 4281 hujus
233 4211 327 4266 nostri
342 4209 486 4282 privilegii
502 4208 637 4280 paginam
655 4209 878 4266 corroboramus
889 4228 953 4267 mo·
1007 4215 1112 4267 nostre
1124 4212 1337 4269 confirmationi
1349 4215 1583 4287 adnectendum,
1595 4226 1686 4294 quod
1697 4223 1830 4284 Theodoti·

127 4300 290 4355 hasterium
299 4303 410 4355 Sancte
420 4297 572 4353 Trinitatis
586 4298 662 4370 apud
679 4303 807 4354 castrum
819 4299 953 4356 Vindoci·
1006 4315 1058 4353 cus
1074 4299 1187 4356 Sanctae
1201 4300 1297 4357 Maris
1312 4301 1499 4360 Garnotensie
1513 4304 1666 4369 Ecclesiae
1680 4314 1829 4389 epiecopus,

128 4405 200 4444 nom
212 4389 314 4456 situm,
326 4388 402 4461 quod
416 4386 548 4443 videlicet
558 4386 720 4442 Gnolredus
732 4389 951 4460 andegavensis
1005 4384 1035 4440 in
1044 4387 1127 4457 cujus
1137 4387 1254 4444 dioeoesi
1265 4389 1673 4461 prediolnsl'indocinansis
1683 4400 1762 4459 locu,
1771 4402 1829 4458 ncnc

126 4494 234 4544 comes,
249 4483 278 4532 et
303 4494 375 4533 uxor
399 4477 463 4548 ejus
482 4481 580 4548 Agnes
595 4475 775 4532 Pictavensis
790 4477 953 4537 comitissa,
971 4458 995 4523 D
1011 4475 1300 4543 noscitur,Glementi
1314 4495 1394 4552 papa
1405 4480 1563 4553 epistolam
1575 4501 1671 4546 suam
1681 4489 1828 4548 trananinb

122 4567 319 4622 fundaverunt
329 4572 357 4622 el
370 4567 453 4621 beato
467 4565 551 4620 Petro
567 4565 596 4619 in
608 4564 749 4620 allodium
765 4571 794 4620 et
810 4566 949 4637 patrimo·
1004 4562 1051 4631 rit,
1064 4579 1170 4636 rogans
1180 4581 1248 4620 eum
1260 4571 1406 4639 qnatenus
1421 4567 1469 4624 hic
1484 4567 1584 4645 locus,
1596 4578 1728 4636 consilio
1740 4581 1826 4650 dcccl

122 4655 204 4712 nium
216 4673 283 4711 cum
297 4656 441 4710 universis
453 4655 540 4709 rebus
553 4654 587 4707 ad
601 4655 737 4708 eumdem
749 4652 845 4710 locum
862 4654 948 4726 perti·
1002 4654 1151 4709 volontate
1166 4654 1250 4710 beato
1268 4654 1351 4711 Petro
1367 4655 1495 4724 oblatus,
1513 4658 1568 4715 tali
1584 4678 1643 4734 per
1663 4682 1732 4724 eum
1746 4680 1825 4724 annn-

122 4746 261 4801 uentibus
277 4745 325 4816 pia
340 4744 490 4799 devotione
505 4740 684 4798 obtulerunt.
696 4745 756 4797 Hoc
771 4741 869 4814 itaque
884 4760 946 4799 mo·
1000 4738 1154 4796 beraretur
1164 4742 1338 4800 auctoritate
1349 4747 1382 4800 ut
1396 4761 1490 4818 neque
1503 4745 1561 4816 illi,
1574 4767 1680 4826 nsque
1690 4769 1822 4814 sumens·

121 4834 294 4902 nasterium‚
308 4831 405 4887 studio
418 4832 498 4886 bonan
509 4828 668 4885 volontatis
679 4829 834 4885 fundatum
846 4833 875 4886 et
885 4831 946 4902 juri
1001 4827 1085 4885 ribus
1100 4829 1162 4885 suis
1178 4829 1268 4902 hujus
1282 4830 1339 4888 loci
1355 4835 1442 4890 rebus
1456 4834 1517 4890 sim
1533 4838 1582 4894 vel
1592 4841 1775 4903 calumniam
1786 4843 1820 4898 in·

118 4921 195 4976 beati
208 4921 282 4976 Petri
295 4919 521 4989 contradictum,
528 4918 614 4989 juxta
627 4918 816 4973 fundatorum
827 4918 945 4975 iustitu-
1001 4917 1084 4984 ierne,
1097 4918 1156 4974 sive
1167 4918 1203 4974 de
1214 4918 1260 4975 his
1271 4920 1432 4994 quidquam
1444 4923 1640 4999 subtrahere,
1651 4931 1699 4990 val
1709 4949 1758 5008 pro
1767 4946 1822 5005 qus·

117 5010 227 5066 tionem
243 5014 271 5066 et
286 5015 342 5065 tua
359 5007 508 5080 religionis
525 5005 706 5078 petitionem,
720 5005 893 5062 charissima
904 5007 944 5062 llli
975 5063 977 5066 ,
999 5003 1138 5077 licnnque
1149 5022 1236 5063 cansa
1247 5011 1499 5067 excommunicare
1509 5013 1575 5072 sive
1587 5016 1819 5089 interdicerem

118 5099 193 5153 abba
220 5099 332 5165 odrice,
350 5098 390 5153 ita
413 5094 572 5167 apostolica
594 5094 765 5151 auctoritate
780 5095 942 5166 munimus,
998 5095 1818 5184 quamlibetpotestatemautdominationeminipsoloco

119 5192 264 5254 quatenns
276 5188 351 5243 inter
362 5186 460 5258 prima
470 5190 499 5240 et
509 5181 673 5255 apostolica
685 5183 763 5238 sedis
775 5185 942 5255 pontificem
997 5198 1128 5240 exercere
1139 5182 1302 5251 liceret,vel
1312 5187 1612 5259 qualibetoccasione
1624 5203 1766 5257 rectorem
1775 5193 1818 5253 loci

118 5275 147 5327 et
160 5273 385 5331 Vindocinansis
402 5271 569 5330 monasterii
587 5270 722 5326 abbatem
740 5271 821 5349 nulla
840 5275 942 5345 cujtrs·
995 5271 1153 5328 velicatrcs
1164 5272 1634 5349 molestarepraesumeret.0uod
1645 5283 1817 5363 magnerio

117 5376 233 5431 conque
244 5363 395 5436 dignitatis
409 5361 454 5419 vel
465 5361 577 5418 ordinis
594 5375 719 5431 persona
729 5361 768 5416 sit
783 5361 879 5418 media
889 5363 941 5419 hn-
996 5377 1079 5417 mens
1089 5377 1165 5434 papa
1177 5361 1282 5418 annuit
1290 5366 1320 5418 et
1331 5381 1385 5420 sua
1396 5367 1576 5428 auctoritate
1587 5371 1816 5434 {inmutassent

113 5449 228 5504 beatur.
245 5453 440 5509 concedimus
454 5451 543 5507 etiam
559 5449 697 5506 omnihus
712 5449 802 5521 hujus
817 5451 873 5507 loci
887 5452 938 5510 ab·
994 5448 1547 5525 nostraauctoritatediguomannuero
1555 5470 1815 5538 censemuselpcr

111 5537 229 5598 batibus
245 5540 398 5599 ecclesiam
411 5540 505 5602 Beata
517 5539 630 5614 Prisca,
642 5537 736 5596 sancti
750 5539 877 5615 Spiritus
887 5541 936 5614 ju·
992 5540 1078 5610 petuo
1089 5537 1275 5596 anathemate
1286 5541 1415 5619 predicti
1426 5541 1564 5625 episcopi
1574 5551 1814 5618 clarummane·
