3892 6096
124 222 181 284 'itt
651 219 683 281 S.
705 218 869 284 JOANNIS
891 220 1113 284 obcaecari
1134 220 1303 283 ABBA'I'IS
1769 218 1826 284 759

125 370 203 411 anno
219 352 335 411 Domini
351 351 428 409 1073.
445 372 460 402 »
484 350 563 408 Idem
589 351 693 410 asserit
715 352 881 409 Baroardus
897 352 947 409 Del
961 353 991 422 Α
1005 352 1106 409 landas
1121 353 1265 421 Octobris,
1279 351 1371 410 vocati
1387 367 1485 410 coram
1501 352 1604 409 eodem
1619 366 1738 409 summo
1752 352 1829 410 Pon·

125 442 196 501 Sera
211 444 241 500 in
256 442 409 514 compend.
420 441 493 497 Abb.
507 444 578 497 Gen.
592 458 656 514 cap.
674 443 699 498 l.
719 466 729 493 ιι
744 442 893 511 Quamvis,
905 442 949 498 in·
1002 442 1079 498 tilica
1091 446 1119 498 ct
1130 441 1482 510 DominisGardinalibus,
1494 443 1524 499 in
1536 442 1614 498 hunc
1625 442 1749 498 modum
1760 440 1829 514 peti·

126 533 199 607 quit,
216 548 268 602 pro
284 534 363 587 certo
378 529 521 587 habeatur
536 531 723 588 Sisennam
738 531 768 587 in
784 531 948 605 catalogum
1003 532 1112 587 tionem
1128 536 1258 589 nostrum
1278 531 1373 589 exorsi
1397 549 1513 602 sarnus,
1529 531 1626 588 Vitam
1650 532 1680 588 S.
1705 530 1828 588 ioannis

124 625 294 678 sanctorum
314 637 331 676 a
353 621 491 694 Gregorio
506 621 557 677 Vll
573 621 664 679 luisse
679 622 818 678 canonice
832 625 949 695 coopta-
1003 625 1135 677 tenentes
1150 639 1208 694 pra
1223 622 1361 678 manibus
1380 639 1386 676 :

126 715 203 779 tum,
218 714 319 767 tamen
334 727 413 767 nunc
428 727 477 782 per
492 711 605 768 litteras
620 710 766 768 Coelestini
783 711 821 766 ΙΙΙ
837 711 872 767 dc
895 710 949 766 huc
1040 710 1099 765 133.
1120 733 1130 761 ι
1148 710 1188 766 De
1202 711 1290 766 vestri
1302 710 1422 767 luminis
1433 710 1627 782 plenitudine,
1638 714 1783 783 tanquam
1794 710 1827 767 da

126 816 157 857 ro
182 799 379 857 dubitandum
396 806 562 857 nonest.»
588 801 651 857 Hac
677 799 731 856 illi.
747 805 856 856 Verum
881 817 948 855 cum
1003 799 1188 856 firmamento
1216 798 1279 855 cccli
1304 817 1356 857 nos
1384 800 1503 855 modicae
1529 799 1673 870 scintillae,
1700 798 1776 857 lucis
1801 805 1826 857 ct

124 888 542 962 illeJohannesVillanus,qui
557 891 605 945 bic
616 892 732 959 citatur,
745 891 783 946 sit
794 890 948 957 recentior,
1003 889 1131 945 scientie
1144 889 1323 944 incrementa
1336 889 1539 961 suscipientes
1551 888 1663 961 liquido
1678 890 1823 959 novimus,

124 983 154 1036 et
169 979 276 1051 prioris
300 980 387 1036 istius
408 980 638 1037 canonizationis
659 979 826 1035 authentica
840 980 948 1035 instro·
1003 978 1073 1049 quid
1084 978 1133 1049 qui
1145 977 1306 1050 discipulos
1319 978 1708 1050 bonorathritatis‚ipsurn
1720 978 1825 1053 magni·

125 1072 224 1125 menta
234 1085 292 1126 oon
303 1069 498 1142 proterantur,
509 1070 545 1125 ad
561 1069 683 1126 certiora
696 1070 871 1125 documenta
882 1085 948 1142 pro·
1004 1069 1080 1137 licat,
1093 1068 1143 1140 qui
1159 1084 1207 1123 cos
1223 1067 1295 1123 talos
1311 1067 1387 1138 lecit,
1404 1072 1435 1122 ut
1451 1085 1521 1124 suos
1536 1068 1644 1123 iaceret
1660 1068 1824 1125 coheredes.

126 1174 275 1231 paramus.
1003 1156 1084 1228 Ecce,
1101 1161 1133 1213 ut
1147 1156 1249 1229 paucis
1263 1161 1329 1213 utar
1343 1157 1450 1227 verbis,
1463 1156 1711 1214 lieverendissimi
1726 1158 1822 1215 Patres

162 1247 223 1304 131.
240 1246 412 1305 Caelestinus
428 1249 478 1318 ΙΙΙ,
493 1253 609 1321 petente
624 1249 657 1305 D.
682 1247 819 1322 Gregorio
844 1248 949 1303 abbate
1003 1249 1032 1300 ct
1045 1245 1171 1311 Domini,
1185 1247 1381 1319 mandragora
1395 1246 1476 1302 dedit
1489 1248 1608 1304 odorem
1623 1246 1655 1302 in
1671 1247 1766 1319 portis
1780 1264 1827 1303 no·

124 1337 357 1406 passinianensi,
371 1339 400 1394 S.
415 1339 559 1395 ioannem
573 1338 764 1394 Gualbertam
780 1341 948 1393 sanctorum
1004 1334 1073 1389 stris
1089 1352 1096 1390 :
1121 1335 1227 1391 Beatus
1242 1336 1388 1407 siquidem
1409 1340 1437 1391 ct
1458 1335 1584 1393 eximius
1599 1340 1688 1393 Pater
1702 1337 1827 1395 loannes

124 1426 256 1500 catalogo
272 1427 440 1501 adscripsit,
455 1432 489 1483 ut
514 1426 606 1500 liquet
628 1444 662 1483 cx
688 1428 817 1498 ejusdcm
835 1425 949 1482 obbatis
1005 1423 1155 1480 institutor
1179 1429 1207 1480 et
1231 1425 1372 1497 magister
1394 1422 1647 1481 vallumbrosanae
1672 1426 1829 1499 Congrege-

126 1516 259 1590 epistola,
276 1533 365 1589 quam
387 1516 435 1574 hic
462 1533 497 1572 ex
521 1517 618 1572 Didaci
634 1516 768 1572 branchii
784 1515 834 1571 lib.
853 1518 887 1569 12
902 1533 948 1572 ex·
1003 1513 1092 1569 tionis
1115 1517 1144 1569 ot
1169 1513 1298 1582 Ordinis,
1315 1530 1402 1585 quom
1426 1514 1569 1572 Dominus
1591 1514 1771 1572 mirabiliter
1793 1516 1827 1572 ad

124 1621 221 1678 corpo,
233 1609 378 1663 utomnes
391 1605 620 1662 canonizationis
630 1605 762 1662 ordinem
773 1610 801 1661 ot
816 1606 948 1674 modum,
1004 1620 1035 1658 sc
1050 1604 1147 1671 traxit,
1165 1604 1237 1658 dam
1253 1603 1278 1658 oi
1293 1620 1345 1676 per
1359 1620 1475 1659 crucem
1490 1609 1579 1676 caput
1594 1604 1758 1674 inclinavit,
1775 1606 1826 1661 mi·

125 1694 242 1768 aliaque
266 1696 303 1752 nd
330 1712 394 1751 eam
418 1695 591 1767 spectantia,
608 1694 684 1750 clare
707 1693 885 1767 intelligant.
902 1694 950 1750 Sic
1004 1691 1111 1748 reculis
1125 1704 1245 1764 'quoquc
1270 1697 1299 1748 et
1322 1693 1385 1748 vitm
1401 1692 1555 1765 splendore
1570 1695 1688 1763 enituit,
1705 1694 1783 1752 sicut
1795 1711 1828 1751 ex

124 1785 224 1856 itaque
239 1789 325 1840 sonat
338 1783 460 1855 epistola
476 1803 482 1840 :
500 1806 514 1834 a
532 1785 631 1839 Frater
644 1783 810 1856 Gregorius,
826 1782 949 1839 humilis
1003 1782 1096 1854 ipsios
1106 1782 1196 1855 gestis
1207 1782 1337 1855 apertius
1349 1783 1611 1840 declaratur.Unde
1620 1800 1673 1858 ego
1685 1788 1716 1841 ct
1727 1785 1828 1841 iratres

124 1874 216 1931 abbas
232 1873 403 1930 monasterii
429 1873 522 1929 sancti
551 1872 702 1928 Michaelis
724 1871 891 1944 archangeli
914 1873 949 1928 de
1004 1871 1071 1940 mei,
1088 1870 1175 1927 vicini
1189 1889 1307 1944 quoquc
1318 1871 1445 1945 episcopi
1456 1872 1543 1928 etalii
1556 1873 1749 1930 ecclesiarum
1761 1891 1829 1948 pra-

124 1961 308 2033 Passiuiano‚
321 1961 433 2018 dilectis
450 1962 480 2017 in
491 1961 605 2016 Christo
622 1961 762 2017 fratribus
777 1965 804 2017 ot
816 1959 948 2032 capitulo
1002 1960 1053 2015 lati
1065 1962 1193 2033 petimus
1208 1963 1393 2017 aSanctitate
1403 1966 1509 2033 vostra,
1522 1968 1555 2018 ut
1565 1963 1642 2019 siout
1654 1981 1725 2020 eum
1739 1964 1829 2020 firmi·

125 2051 161 2108 de
176 2051 348 2108 Passiniano
372 2054 401 2106 et
424 2049 490 2107 aliis
508 2051 640 2121 ejusdcm
656 2049 759 2106 amicis
782 2055 811 2106 ct
837 2050 949 2106 devotis
1003 2054 1047 2104 ter
1062 2051 1210 2107 credimus
1235 2068 1301 2106 cunr
1328 2069 1382 2106 suo
1408 2055 1483 2125 Rege
1499 2068 1622 2126 regnare
1637 2053 1666 2109 in
1684 2053 1777 2122 coelis,
1792 2055 1831 2112 ito

125 2139 252 2198 salutem
275 2141 304 2196 in
326 2140 449 2197 Domino
474 2144 503 2195 ot
525 2141 661 2212 gaudere.
680 2141 732 2196 Pro
746 2139 948 2212 magnitudine
1003 2137 1102 2211 ipsum
1126 2140 1155 2194 in
1180 2139 1312 2211 catalogo
1326 2142 1499 2197 Sanctorum
1512 2143 1643 2212 jubeatis
1669 2144 1778 2199 ascribi
1801 2144 1828 2199 in

127 2229 227 2303 gaudii
251 2234 280 2285 et
305 2229 423 2298 laetitia,
440 2245 528 2301 quam
554 2230 663 2285 nostris
686 2229 834 2285 mentibus
849 2228 947 2284 insun-

127 2318 171 2375 dit
194 2320 311 2376 abunde
340 2318 460 2391 superni
488 2319 582 2390 gratia
610 2317 766 2391 largitoris,
782 2318 811 2373 in
839 2318 949 2374 exulta·

125 2408 206 2464 tione
220 2408 349 2464 nominis
374 2408 452 2463 beati
476 2413 504 2463 et
528 2407 625 2463 eximii
646 2408 740 2487 Patris
755 2408 846 2464 nostri
861 2409 949 2465 loan-

127 2497 173 2553 nis
184 2496 344 2565 Gualberti,
357 2513 374 2552 a
389 2513 446 2568 quo
463 2500 527 2568 post
538 2496 699 2552 almificum
714 2498 828 2553 Patrem
843 2497 948 2554 beatis-

126 2586 235 2643 simum
251 2585 454 2653 Benedictum‚
468 2584 617 2657 religionis
632 2589 661 2640 et
675 2584 836 2642 honestatis
848 2603 948 2643 mona·

125 2674 205 2731 stica
218 2674 331 2732 cultum
343 2674 519 2747 recepimus,
532 2679 688 2746 antequam
700 2675 837 2731 narrandi
849 2693 949 2732 sumo·

125 2763 947 2837 musinitium,hcrtamurvosvcccnonsclumcorporis,

1005 2229 1090 2284 torris
1103 2246 1109 2297 ;
1124 2234 1269 2300 quatenos
1280 2230 1344 2301 ejus
1358 2230 1472 2286 meritis
1483 2236 1511 2286 ct
1522 2231 1785 2290 intercessionibus
1795 2234 1829 2290 de

1004 2322 1084 2375 statu
1109 2317 1258 2391 lippientis
1280 2319 1333 2374 Lim
1360 2320 1397 2376 ad
1423 2319 1558 2377 formosae
1575 2321 1712 2379 Racbclis
1727 2339 1851 2397 persua·

1005 2408 1121 2464 ciamus
1138 2407 1300 2481 amplexus.

1040 2499 1100 2552 134.
1128 2519 1141 2548 a
1157 2497 1207 2552 llis
1231 2498 1372 2568 decursis,
1388 2499 1513 2571 genibus
1538 2502 1665 2557 curvatis
1681 2501 1779 2559 Vitam
1797 2508 1815 2559 S
1832 2552 1859 2570 ,

1001 2586 1124 2643 loannis
1141 2586 1265 2642 Domino
1282 2591 1365 2660 Papa
1380 2587 1544 2645 obtulimus
1559 2609 1565 2657 ;
1582 2607 1672 2662 quarn
1688 2592 1808 2649 Domino
1819 2616 1849 2656 a

1003 2675 1167 2732 Cardinalis
1177 2675 1319 2733 Ostiensis
1329 2677 1393 2749 ejus
1404 2679 1542 2734 mandato
1555 2679 1712 2752 recipiens,
1726 2681 1844 2747 dicbus

1002 2766 1098 2821 tonuit
1111 2764 1280 2838 aliquantis.
1292 2767 1347 2823 ‘Dic
1373 2767 1463 2840 igitur
1478 2768 1614 2840 praedicto
1629 2769 1830 2832 Kalendarum

125 2854 176 2911 sed
192 2854 281 2927 (quod
296 2858 341 2909 est
355 2854 553 2926 prestantius)
568 2854 721 2909 allectione
735 2853 882 2910 interioris
896 2856 948 2912 ho-

125 2941 225 3010 minis,
239 2946 272 2998 ut
287 2959 339 3016 pro
353 2942 447 3016 ipsius
463 2942 572 2999 honore
582 2943 677 2999 Patris
692 2943 722 2998 iu
737 2942 860 2999 Domino
875 2930 946 3017 gau·

126 3030 230 3101 dentis,
246 3032 368 3105 geminae
393 3033 564 3089 substantie
580 3032 690 3105 giganti
716 3032 755 3104 [ic
769 3040 808 3089 est
821 3033 947 3107 Christo]
1002 3032 1809 3107 congregationemsuametspecioliusdomumnostran,

125 3120 237 3193 gratias
251 3120 434 3189 referrentcs,
446 3120 496 3193 qui
509 3137 576 3177 cum
589 3121 791 3178 essetexcisus
801 3123 836 3177 de
848 3127 948 3180 monte
962 3103 983 3172 C
1005 3126 1036 3177 ut
1046 3122 1081 3179 de
1096 3126 1190 3178 cetero
1201 3123 1334 3194 ejusdem
1350 3124 1379 3179 S.
1389 3124 1514 3181 ioannis
1525 3142 1633 3182 nomen
1648 3127 1679 3183 in
1695 3126 1806 3201 catalogo

123 3208 186 3265 sine
200 3209 349 3280 manibus,
364 3210 453 3267 erevit
472 3210 502 3265 in
528 3214 659 3267 montem
675 3226 826 3284 magnum,
843 3217 876 3267 ut
896 3228 948 3286 per
1001 3211 1175 3268 Sanctorum
1188 3216 1353 3283 poneretur,
1368 3217 1397 3269 ct
1413 3214 1554 3271 festivitas
1571 3216 1636 3286 ejus
1652 3217 1749 3273 codem
1762 3215 1801 3285 die,

122 3297 234 3372 ipsum,
250 3301 328 3372 quod
343 3304 388 3356 est
403 3298 560 3371 ineffabile,
577 3314 699 3373 regnum
716 3300 839 3373 accipiat
854 3301 946 3374 pusil-
1002 3317 1059 3372 quo
1074 3300 1154 3368 obiit,
1172 3300 1283 3357 scilicet
1297 3302 1472 3359 duodecimo
1488 3303 1598 3360 mensis
1613 3305 1629 3360 J
1634 3305 1686 3362 ulii
1700 3304 1801 3363 celebra·

120 3386 180 3445 lus.
195 3393 251 3445 Per
270 3389 411 3445 vicarium
436 3405 563 3461 namque
585 3406 683 3461 suum,
699 3389 833 3446 videlicet
849 3390 945 3446 Domi·
1001 3394 1091 3461 retur,
1104 3406 1248 3446 consensu
1260 3407 1381 3447 suorum
1393 3392 1517 3451 fratrum
1531 3393 1723 3451 Dominarum
1730 3391 1799 3449 Cardi-

122 3494 195 3534 num
221 3478 328 3551 Papam
356 3477 544 3534 Goelestinum
571 3479 619 3547 ΙΙΙ,
644 3478 778 3534 Dominis
800 3479 947 3552 episcopis
1001 3477 1123 3547 nobum,
1137 3496 1262 3551 quorum
1279 3481 1399 3537 nomina
1412 3482 1627 3555 subsequenter
1638 3486 1797 3549 adnotantur,

125 3565 252 3624 Ostiensi
267 3571 296 3624 et
310 3568 465 3624 Portuensi
479 3567 699 3633 assistentibus,
715 3573 744 3623 ct
758 3568 904 3641 religiosis
918 3572 947 3625 et
999 3567 1164 3640 Apostolica
1190 3570 1361 3626 auctoritate
1386 3571 1522 3640 decrevit,
1549 3573 1727 3645 replicando,
1739 3567 1795 3643 qood

122 3654 245 3729 reliquis
255 3656 434 3729 presbyteris
445 3656 658 3712 ctDiaconibus
669 3655 947 3714 similiterGardinn·
1000 3657 1101 3712 eadem
1112 3658 1215 3729 petitio
1226 3657 1292 3715 aliis
1304 3660 1709 3732 summisPontiiicibus,suis
1719 3659 1797 3735 prede

121 3743 201 3802 libus
211 3745 241 3801 in
253 3744 505 3802 diellalendarum
512 3745 655 3812 Octobris,
667 3745 807 3817 inspectis
817 3747 947 3803 testimo·
1000 3746 1177 3818 sessoribus,
1191 3748 1285 3804 fuerat
1300 3754 1443 3820 porrecta,
1456 3755 1484 3806 et
1494 3751 1557 3807 suis
1568 3753 1605 3809 ad
1618 3750 1794 3826 complendum

122 3833 179 3889 niis
206 3838 234 3890 et
259 3834 318 3890 vita
340 3835 473 3905 ejusdem
498 3834 609 3902 Sancti,
630 3850 736 3890 nomen
760 3835 893 3906 ejusdcm
917 3840 946 3892 et
999 3836 1181 3908 temporibus
1196 3843 1352 3894 reservato.

123 3923 308 3993 memoriam,
315 3924 378 3994 jam
392 3923 476 3996 quasi
489 3923 668 3996 negligentia
682 3940 803 3981 errorum
815 3925 944 3998 discipu·
1036 3925 1096 3979 135.
1105 3924 1415 3984 «lluiccanonizationi
1425 3929 1659 3988 interfueruntbi
1666 3922 1797 4005 presbyteri

1003 2853 1136 2910 Octobris
1151 2853 1181 2909 in
1197 2854 1282 2927 pleno
1296 2857 1469 2913 consistorio
1485 2858 1628 2915 Dominus
1643 2863 1735 2933 Papa,
1750 2877 1822 2919 com-

1003 2948 1138 2999 mendato
1149 2942 1309 3015 plurimum
1318 2946 1541 3003 viiaS.Joannis
1555 2947 1816 3018 praerlicti,laudaus

5 4066 10 4073 ,
121 4010 218 4067 lorum
247 4010 402 4084 sepultam,
429 4011 576 4083 exaltavit,
599 4017 626 4068 et
655 4013 763 4085 ubique
791 4013 943 4071 colendam
999 4012 1346 4085 Cardinales,videlioct:
1364 4016 1566 4091 Pundulphus,
1584 4020 1795 4078 nationeluccn

122 4099 247 4156 censuit.
998 4102 1050 4172 sis,
1061 4101 1187 4158 basilica·
1198 4104 1351 4161 duodecim
1359 4107 1567 4179 Apostolorum
1580 4102 1796 4184 presbvterilard·

157 4188 218 4243 132.
235 4211 249 4240 «
266 4193 337 4245 Cum
354 4189 542 4263 (quibusdam
558 4191 637 4247 enim
655 4192 762 4248 nostris
777 4191 891 4249 ramulis
904 4192 944 4249 la·
998 4190 1456 4264 PetrusPlacentinus,S.Cecilia
1468 4198 1795 4271 prestantissimae

119 4276 276 4348 cientibus)
287 4296 338 4352 pro
349 4279 414 4336 aliis
427 4279 551 4352 negotiis
564 4279 638 4336 Urbs
655 4279 685 4335 in
696 4280 816 4337 lerventi
831 4298 884 4338 nos
895 4298 942 4337 oa·
997 4282 1146 4354 quondam
1160 4283 1257 4339 abbas
1270 4285 1365 4340 Fossa
1378 4303 1470 4359 novae,
1483 4288 1514 4343 S.
1532 4288 1709 4347 Potentiana
1722 4283 1797 4363 presb·

121 4366 183 4423 lore
198 4367 268 4425 Julii
284 4368 455 4442 recepisset,
472 4386 633 4442 superque
656 4370 741 4425 amici
766 4372 858 4426 nostri
884 4388 942 4426 non
997 4372 1082 4426 Gard.
1093 4372 1221 4428 loannes
1233 4373 1427 4442 Lombardus,
1440 4375 1510 4432 olim
1530 4378 1697 4436 Tuscanen.
1708 4377 1796 4451 spico

121 4458 271 4515 modicum
282 4458 485 4528 tristabantur,
497 4459 635 4516 timentes
649 4460 733 4515 nohis
747 4464 866 4533 propter
877 4459 942 4516 vitae
957 4481 980 4545 D
997 4477 1062 4532 pus.
1076 4466 1104 4515 S.
1116 4460 1275 4518 Clementis
1289 4465 1385 4535 presb.
1397 4466 1482 4521 Gard.
1498 4466 1662 4536 Romanus,
1673 4464 1798 4542 quondan

119 4546 317 4621 dispendium,
345 4548 467 4616 meritis,
489 4553 521 4605 ut
544 4549 702 4618 credimus,
720 4550 795 4605 beuti
822 4550 942 4606 loannis
998 4548 1194 4614 Primicerius,
1218 4551 1248 4606 S.
1272 4552 1433 4609 Anastasia
1459 4554 1556 4626 presb.
1584 4558 1671 4613 Card.
1692 4550 1798 4629 lingncio

119 4637 219 4694 omnio
234 4643 305 4695 sunt
317 4642 470 4712 cooperaio
485 4638 515 4694 in
531 4639 652 4695 bonum.
665 4637 832 4694 Salutantes
845 4639 941 4711 itaque
996 4638 1025 4693 S.
1042 4638 1159 4694 Martini
1186 4639 1216 4694 in
1243 4645 1341 4698 monte
1357 4642 1454 4714 presb.
1471 4643 1555 4698 Gard.
1571 4644 1669 4703 Guido
1683 4646 1711 4703 S.
1724 4640 1796 4699 lteris

118 4725 219 4783 devote
234 4733 263 4784 et
277 4733 440 4785 reverentes
455 4728 606 4784 humiliter
621 4728 773 4800 prelatum
789 4729 939 4785 sanctissi-
995 4731 1077 4783 trans
1093 4728 1222 4783 Tiberim
1238 4730 1285 4786 tit.
1302 4731 1331 4786 S.
1343 4730 1454 4787 Callisti
1470 4734 1569 4804 presb.
1581 4737 1668 4792 Cord.
1683 4738 1797 4797 temnet

116 4830 198 4870 mum
223 4815 382 4872 Dominum
407 4818 527 4888 Papam,
550 4816 765 4888 postulavimus
790 4821 823 4872 ut
846 4816 940 4873 sancti
994 4815 1074 4871 olim.
1100 4816 1252 4873 Gessinen.
1271 4819 1446 4888 monachus,
1463 4821 1493 4876 S.
1510 4822 1654 4895 Stephani
1680 4824 1707 4880 in
1726 4816 1795 4878 Galil

115 4903 937 4977 ioannisnomencanonizationesuctemporeexaltaret.
994 4910 1093 4961 monto
1108 4908 1205 4978 presb.
1221 4909 1306 4963 Gard.
1322 4908 1440 4964 Gentius
1456 4910 1608 4969 Romanus
1625 4915 1657 4971 S.
1673 4902 1793 4971 moreni

114 4992 937 5066 OuidpluraiReceptislitteristestimonialibusribbutis
992 4992 1021 5048 io
1048 4994 1157 5050 Lucina
1183 4996 1279 5067 presb.
1305 4998 1387 5055 Cord.
1411 4999 1561 5071 Sciredus,
1579 5000 1651 5060 olim
1666 4996 1790 5059 Pistorien-

112 5081 400 5151 Vallisumbrosa,et
410 5081 534 5138 aliorum
543 5083 681 5138 abbatum
693 5088 780 5156 atque
789 5084 938 5157 episcopo·
992 5082 1164 5151 canonicae,
1178 5085 1208 5141 S.
1219 5085 1355 5142 Prasedis
1370 5088 1467 5159 presb.
1479 5088 1565 5146 Card.
1581 5091 1726 5149 Deuardus
1737 5083 1787 5143 otio

113 5186 180 5228 rum
193 5172 356 5229 etaliorum
372 5170 698 5245 prelatorum,duonus
711 5173 818 5245 clapsis
830 5174 936 5230 monsi-
990 5177 1018 5227 S.
1036 5172 1183 5247 Frigdiani
1198 5175 1371 5247 eanonicus,
1389 5177 1418 5233 S.
1434 5178 1510 5236 Petri
1526 5180 1563 5236 ed
1579 5180 1704 5239 Vincula
1715 5170 1786 5252 presb·

114 5261 171 5317 bus
187 5267 403 5334 postnostrum
429 5262 459 5318 in
482 5261 588 5317 Urbem
603 5261 782 5334 ingressum,
798 5264 936 5336 prelatus
990 5263 1073 5319 Gard.
1099 5267 1194 5334 Atque
1217 5266 1354 5334 loannes,
1381 5267 1451 5323 olim
1479 5268 1508 5324 S.
1532 5271 1618 5327 Pauli
1643 5262 1784 5329 incumbitis

112 5352 319 5409 sanctissimus
334 5351 518 5426 apostolicus
534 5350 611 5407 diem
627 5353 738 5420 statuit,
754 5358 788 5409 ut
812 5370 845 5410 eo
862 5371 934 5426 prae-
990 5353 1088 5425 prcsb.
1104 5353 1189 5408 Carrl.
1864 5408 1866 5413 .

104 5438 935 5514 sidenteDonriniscardinalibusverbumproponeremus
1027 5443 1086 5497 136.
1115 5442 1526 5522 cDiaconiGardinalcs,qui
1552 5433 1781 5511 interfuerant-lt
1862 5470 1865 5475 ·

110 5529 188 5605 quod
204 5534 270 5589 voto
286 5533 459 5605 gerebamus
475 5531 633 5589 inclusum.
651 5530 757 5608 Quarto
772 5532 863 5607 igitur
878 5534 932 5591 Ka·
989 5536 1059 5589 sunt
1074 5549 1080 5590 τ
1097 5533 1252 5607 Gregorius
1266 5535 1293 5592 S.
1312 5536 1408 5595 illaria
1423 5538 1452 5595 in
1469 5539 1587 5599 Portica
1600 5540 1679 5601 Diae.
1693 5528 1781 5597 Ouidii·
1858 5568 1865 5577 ·
