3892 6096
82 320 121 391 to
548 324 757 390 oranouos
780 321 993 387 uourcsus
1015 294 1047 385 e.
1070 321 1315 386 annuarum
1745 316 1785 384 so

84 482 100 513 a
114 460 285 518 deferendas
299 459 357 518 Deo
371 458 480 533 gratias
497 458 666 516 omnimodo
679 460 861 525 convertens,
878 460 905 513 et
920 458 948 524 Α
961 455 1112 523 Patros‚ut
1121 456 1158 512 ab
1170 455 1284 511 erudito
1295 454 1422 526 quodem
1434 453 1578 511 cenobite
1587 452 1785 512 Lunaelaeensi

85 572 100 603 a
115 550 141 608 si
156 567 216 624 qua
229 549 358 606 dictandi
373 547 496 605 materia
517 552 583 619 apte
607 546 775 614 occurrerit,
795 545 906 601 diutius
962 561 996 601 ea
1010 544 1125 617 aliaque
1149 545 1248 602 omnia
1261 546 1290 601 S.
1306 543 1453 616 Wollangi
1479 545 1622 601 miracula
1646 544 1785 602 idiomate

84 662 101 692 a
115 640 281 712 exquirens,
294 637 386 710 reperi
402 638 520 693 tandem
538 636 695 708 quamdam
712 635 841 690 dictandi
856 651 905 691 oe·
963 635 1065 690 Latino
1080 633 1311 702 conscribantur,
1327 634 1382 691 hoc
1407 652 1465 690 non
1480 633 1548 701 alio,
1564 635 1697 691 modain
1720 652 1785 691 am·

84 750 100 781 a
115 723 636 796 eumenem,visioncovidelicetquae
651 729 679 780 et
693 740 745 796 ego
757 724 906 796 quondam
962 723 1129 795 plissimum
1145 742 1219 797 opus
1234 725 1269 780 de
1284 725 1357 780 Actis
1373 724 1535 780 Sanctorum
1550 724 1716 780 inscrenda.

84 812 906 888 «vidietabaliisperlocadiversaprolectusaudivi.
999 813 1042 869 ll.
1057 813 1172 869 Passim
1196 813 1226 868 in
1256 812 1442 869 bibliothecis
1470 811 1631 868 Germania
1661 813 1786 869 occurrit

84 929 99 958 a
115 906 174 963 Has
190 921 316 977 namque
333 904 369 960 sd
384 903 545 959 multorum
566 902 700 958 notitiam
716 902 827 957 deterre
842 901 907 957 ideo
964 903 1025 958 Vita
1040 902 1067 958 S.
1083 902 1193 958 ll'icolai
1215 918 1257 974 cp.
1274 902 1441 974 llyrrltcrrsis
1457 906 1574 958 auctore
1594 902 1708 975 Jounne
1723 903 1785 958 dia·

85 1018 100 1046 a
115 993 187 1051 utile
201 1010 265 1050 esse
279 991 452 1058 arbitrabar,
463 992 532 1064 quia
548 991 680 1047 credend
696 1007 797 1047 omnes
812 991 907 1047 homi·
962 1007 1045 1059 cono,
1062 991 1112 1062 qui
1127 1007 1158 1046 se
1172 990 1203 1045 in
1225 991 1345 1063 prologo
1369 1007 1479 1046 servam
1502 989 1530 1045 S.
1546 992 1678 1046 ianuarii
1691 995 1784 1046 vocat.

85 1107 100 1135 a
115 1100 168 1141 nes
184 1082 339 1156 pertinere,
349 1082 464 1153 quoties
480 1079 602 1153 quilibet
612 1079 749 1135 visitatur
759 1096 776 1134 a
787 1080 842 1135 Deo
857 1083 909 1135 aut
961 1080 1002 1135 Ac
1017 1079 1078 1135 haro
1088 1080 1153 1135 Vite
1168 1079 1293 1153 duplicis
1309 1078 1423 1152 generis
1435 1077 1560 1135 eet.Una
1570 1079 1649 1134 enim
1660 1079 1786 1151 singulis

86 1195 101 1226 a
116 1187 168 1245 per
181 1171 414 1244 castigationem,
428 1174 478 1225 aut
502 1186 554 1241 per
576 1169 815 1234 consolationem,
831 1168 908 1225 sieut
963 1169 1108 1241 capitibus
1123 1168 1243 1225 metrica
1257 1168 1397 1224 lemmata
1411 1168 1529 1240 profixa
1544 1167 1641 1238 habet,
1659 1184 1785 1241 quorum

85 1283 102 1313 a
117 1264 146 1318 ct
161 1260 268 1333 ipsein
283 1259 438 1332 Evangelio
454 1258 543 1314 dicit:
558 1259 640 1324 Quod
658 1258 707 1313 uni
723 1257 798 1325 dico,
810 1257 907 1313 omni·

87 1372 104 1402 a
117 1351 174 1407 bus
188 1350 264 1406 dice.
280 1349 428 1405 Incitabar
439 1348 525 1404 etiam
537 1365 570 1403 ex
585 1346 639 1402 hoo
654 1348 690 1402 ed
706 1347 907 1414 scribendum,

88 1460 103 1492 a
117 1438 188 1512 quia
198 1439 344 1494 cumolim
359 1437 556 1494 libellosduos
566 1435 845 1500 ediderim,tertium
856 1452 908 1507 pro

88 1549 104 1580 «
117 1532 226 1585 sanctos
241 1527 392 1582 Trinitatis
407 1527 528 1590 honore,
544 1525 568 1581 si
583 1524 647 1596 ipsa
662 1523 791 1580 Trinitas
805 1524 908 1596 digna·

87 1638 103 1668 a
117 1620 199 1673 retur
212 1615 366 1688 inspirare,
378 1615 486 1686 sapius
496 1613 593 1686 optavi
609 1614 725 1669 addere.
734 1612 795 1668 Tuli
810 1613 909 1686 itaque

85 1727 101 1756 «
116 1722 207 1765 eausa
221 1704 361 1761 incitatus
385 1704 487 1760 libram
503 1703 658 1770 Vicianum,
669 1702 704 1758 de
721 1719 778 1774 quo
789 1704 852 1774 jam
866 1700 907 1758 lo-

85 1818 100 1847 «
117 1797 203 1851 cutus
218 1810 296 1864 sum,
308 1794 434 1851 scribere
449 1791 559 1849 studui.
571 1815 585 1844 ι)
598 1796 756 1864 Hucusque
765 1790 909 1848 Othlonns

85 1884 122 1940 ds
135 1882 231 1940 isthoc
247 1897 300 1938 suo
326 1898 423 1955 opere,
439 1899 497 1954 quo
511 1897 545 1937 ex
561 1897 656 1938 cooevo
681 1884 709 1937 et
733 1882 805 1937 torte
819 1881 908 1938 etiam

85 1973 267 2047 autographo
281 1971 380 2028 codice
392 1971 653 2028 Emmorammensi
666 1970 751 2026 in-lr.
763 1970 796 2026 R.
809 1975 841 2025 P.
853 1972 909 2026 Lu·
964 2004 971 2018 -

84 2062 205 2118 doricus
221 2060 376 2133 Meidings,
392 2060 604 2117 solertissimus
627 2065 655 2117 et
676 2059 706 2115 in
729 2059 775 2115 his
791 2060 909 2128 studiis,

86 2150 551 2224 quoadeipersocraeobedisntiae
561 2149 909 2222 munia,quaecumlaude

86 2239 158 2311 obit,
170 2236 247 2305 licet,
258 2237 495 2294 studiosissimus
511 2238 620 2294 sodalis
638 2241 737 2294 noster
746 2237 908 2310 exscripsit.

86 2316 247 2384 Dole’udum
264 2343 344 2397 sane,
356 2327 485 2382 codicem
499 2343 516 2382 a
529 2327 683 2398 principio,
695 2326 843 2382 nescimus
854 2344 911 2398 qua

73 2418 187 2483 'oausa,
204 2414 373 2472 mutilatum
399 2432 457 2471 uno
473 2415 541 2471 lolio
557 2415 687 2472 destitui.
703 2415 731 2471 Si
756 2414 822 2471 libri
838 2432 910 2471 mse.

88 2504 259 2563 monasterii
275 2503 441 2561 Pruelensis
456 2521 545 2577 prope
557 2504 820 2577 Ratisponam,qui
836 2521 911 2560 anno

89 2595 158 2651 1547
173 2592 281 2650 ibidem
292 2593 475 2661 exstiterunt,
488 2593 584 2649 adhuc
598 2593 754 2658 habentur,
766 2608 912 2649 orreorum

89 2682 227 2757 quopiam
244 2686 344 2739 nostro
358 2682 446 2737 editio
466 2681 624 2754 aliquando
645 2681 780 2738 resarciri
795 2682 911 2754 poterit.

88 2770 248 2829 interillos
262 2771 340 2828 enim
354 2771 457 2827 libram
472 2772 612 2827 liciorum
628 2772 739 2827 ditioni
753 2771 912 2827 recensitos

89 2861 192 2929 luisse,
208 2860 351 2917 discimus
370 2877 404 2917 ex
427 2861 597 2917 eorumdem
612 2859 759 2933 catalogo,
776 2860 913 2932 praedieto

88 2966 165 3007 anno
181 2949 253 3007 setis
277 2954 412 3005 accurate
437 2950 578 3006 consecto.
590 2950 630 3004 Ea
644 2965 711 3004 vero
728 2948 856 3005 recensio
872 2965 914 3004 sic

89 3038 179 3096 babet
189 3056 216 3095 z«
227 3039 382 3096 Sententia
397 3039 500 3094 divina
509 3039 692 3095 dcTrinitate
706 3043 734 3094 et
748 3038 915 3095 substantia

89 3128 241 3185 Trinitatis
255 3132 284 3184 et
298 3128 356 3184 alia
367 3128 417 3199 huj
423 3128 548 3184 asmodi.
561 3129 632 3183 Item
644 3128 794 3183 sententiae
811 3127 914 3184 divina

89 3222 213 3288 quarum
228 3221 256 3273 et
270 3218 312 3272 sic
336 3217 488 3273 sciendum
512 3220 557 3271 est
571 3216 623 3286 (ilo
637 3216 719 3283 cod),
736 3217 813 3287 quod
836 3215 912 3273 Deus
927 3199 949 3267 C

89 3305 239 3363 bominem
255 3306 425 3371 formatum,
437 3309 465 3359 et
479 3304 508 3358 in
522 3305 624 3360 eodem
638 3305 771 3377 quodam
787 3306 822 3362 de
838 3305 913 3363 ithe-

89 3392 190 3451 lorica.
206 3393 327 3449 (ironica
341 3392 504 3462 bonitonis,
521 3398 548 3449 et
562 3392 592 3448 in
612 3394 713 3449 eodem
729 3393 802 3449 liber
821 3394 915 3451 sancti

89 3482 237 3540 Ambrosii
252 3487 291 3538 De
306 3482 367 3538 vita
382 3482 778 3555 episcoporum.Conetitutio
796 3481 915 3551 Gelesii,

90 3571 188 3644 qualis
203 3571 308 3627 debeat
331 3586 395 3627 esse
420 3575 522 3643 pastor
546 3571 689 3627 Ecclesia.
706 3576 865 3643 Exceptum
881 3573 916 3628 de

89 3661 157 3717 Vita
169 3659 381 3716 solitariorum.
392 3660 493 3716 Sermo
504 3660 658 3732 cujusdam
670 3660 700 3714 in
710 3660 797 3715 laude
809 3664 916 3716 sanctae

89 3748 195 3805 Marica.
220 3747 302 3804 Liber
324 3747 492 3804 Holdeberti
518 3748 568 3821 [ric
591 3748 662 3809 cort:
677 3750 730 3820 lep.
746 3748 916 3820 Hildeberti]

90 3839 127 3895 de
142 3837 235 3894 Maria
249 3837 429 3910 AEgyptiaca,
446 3842 476 3893 et
495 3836 553 3893 alia
575 3838 720 3910 quadam.
738 3838 820 3893 Liber
835 3838 916 3894 Beda

91 3927 132 3985 De
147 3931 252 3982 natura
270 3943 380 3982 rerum.
398 3927 477 3982 Idem
497 3927 532 3982 de
547 3926 671 3983 diversis
692 3927 846 3983 fructibus.
862 3931 916 3983 Pa-

91 4014 215 4073 iberius.
231 4014 293 4071 Duo
308 4015 489 4071 abecedarii.
506 4014 637 4072 Libellus
651 4015 687 4070 de
710 4015 792 4071 Petro
815 4031 915 4088 puero.

963 1257 1091 1330 primum
1107 1257 1276 1330 hujusmodi
1292 1261 1337 1313 est
1353 1275 1359 1312 :

1026 1382 1073 1432 Hic
1087 1382 1154 1431 liber
1168 1382 1278 1446 ingenui
1290 1382 1377 1431 Vitam
1391 1385 1482 1431 narrat
1495 1381 1605 1441 Nicolai,

1025 1445 1126 1495 Gracia
1139 1459 1219 1508 quem
1232 1444 1315 1505 novit,
1329 1443 1432 1494 Domini
1446 1457 1497 1493 nec
1512 1444 1600 1507 grstia
1614 1445 1722 1508 sprevit.

998 1559 1096 1616 Altera
1105 1560 1152 1616 his
1163 1560 1352 1617 lemmatibus
1362 1564 1451 1628 caret,
1460 1561 1621 1633 eodemque
1631 1562 1717 1618 modo
1729 1578 1787 1633 quo

964 1649 1053 1722 prior,
1076 1666 1180 1722 nempe
1204 1650 1251 1706 his
1276 1649 1372 1706 verbis
1394 1649 1519 1721 incipit:
1537 1648 1659 1734 Gloriosa
1678 1650 1789 1722 quidem

964 1746 1027 1795 acta
1039 1746 1205 1806 sanctourm,
1216 1740 1314 1813 quibas
1329 1739 1363 1794 alr
1377 1747 1440 1795 ortu
1453 1739 1616 1804 natiuitatis,
1627 1742 1681 1795 etc.
1694 1741 1787 1805 Quem

922 1829 948 1896 Β
961 1828 1066 1885 harum
1082 1827 1227 1885 othlonus
1251 1826 1450 1884 emendaverit
1463 1828 1608 1883 incertum
1630 1827 1715 1884 nobis
1730 1832 1784 1884 est.

963 1916 1111 1988 conjicere
1125 1920 1224 1973 tamen
1236 1917 1279 1973 vel
1294 1932 1329 1972 ex
1344 1916 1479 1973 versibus
1499 1913 1567 1972 licet
1582 1913 1709 1988 priorem
1723 1933 1789 1973 esse

963 2022 994 2061 ιιι
1009 2019 1067 2075 qua
1077 2005 1245 2062 exornanda
1258 2022 1346 2061 suum
1357 2004 1502 2062 Othlonus
1517 2005 1650 2061 studium
1665 2003 1789 2062 colloca·

963 2093 1047 2150 verit.
1062 2094 1147 2150 Forte
1162 2094 1251 2150 etiam
1272 2111 1330 2150 non
1349 2093 1404 2150 nisi
1422 2093 1543 2151 arbitrio
1559 2093 1722 2149 scribarum
1735 2110 1788 2167 ge-

965 2183 1075 2238 nuinus
1090 2181 1208 2239 Otbloni
1233 2184 1382 2257 prologus,
1399 2183 1428 2238 in
1445 2199 1503 2254 quo
1525 2199 1610 2239 suurn
1625 2182 1789 2238 emendatio·

964 2288 1028 2328 aem
1048 2274 1180 2328 intimari
1202 2271 1253 2340 ait,
1269 2273 1484 2344 praetermissus
1512 2272 1541 2326 in
1565 2271 1683 2341 scriptis
1707 2270 1789 2328 libris

967 2362 1030 2418 luit.
1039 2362 1096 2418 Sed
1106 2361 1166 2417 haec
1176 2363 1342 2434 conjectura
1353 2365 1469 2417 tantum
1486 2365 1539 2416 est.
1547 2360 1690 2416 Caeterum
1701 2360 1788 2417 etiam

966 2450 1135 2507 aRcinoldo
1148 2450 1284 2523 episcopo
1295 2449 1458 2523 Eystetensi
1471 2450 1629 2522 quamdam
1642 2451 1789 2506 Historiam

966 2542 1001 2597 rte
1014 2539 1043 2595 S.
1060 2540 1172 2595 Nicolao
1193 2539 1303 2594 aditam
1327 2538 1430 2605 luisse,
1442 2539 1506 2610 jam
1522 2539 1551 2594 in
1566 2538 1672 2594 Itinere
1693 2542 1793 2595 nostro

967 2628 1105 2686 Bavarico
1119 2627 1302 2696 monuimus,
1319 2629 1396 2699 quod
1411 2627 1487 2683 vide.

1004 2718 1047 2773 12.
1064 2716 1189 2788 Scripsit
1204 2716 1293 2772 etiam
1308 2715 1453 2774 Otblonus
1471 2718 1562 2774 Vitam
1576 2717 1604 2773 S.
1614 2718 1720 2775 Alterais
1734 2734 1791 2774 arra

967 2806 1210 2878 compositoriam
1223 2806 1395 2862 carminibus
1405 2805 1441 2861 ad
1451 2807 1578 2863 camdem
1592 2810 1720 2864 rendam
1731 2823 1796 2879 per·

889 2948 895 2960 ,
969 2896 1130 2962 timentibus,
1143 2895 1221 2967 quod
1240 2895 1335 2966 ipsius
1356 2894 1560 2951 testimonium
1583 2901 1628 2953 est
1644 2896 1674 2952 in
1690 2894 1741 2952 lib.
1761 2897 1798 2954 llo

970 2988 1065 3042 tentat.
1079 2993 1105 3041 et
1118 2985 1213 3056 script.
1225 2986 1294 3041 scir.
1311 2989 1400 3041 Porro
1413 2988 1512 3041 autom
1527 2985 1578 3041 ubi
1589 2985 1649 3041 hoec
1664 2985 1732 3041 Vita
1746 2985 1797 3042 do·

970 3074 1084 3130 litescat
1099 3090 1152 3128 nos
1168 3073 1300 3129 nondum
1317 3072 1525 3146 comperimus.
1538 3074 1622 3131 Forte
1634 3073 1700 3129 Vita
1714 3072 1798 3129 Alto·

971 3162 1026 3229 uis,
1037 3161 1262 3218 abollandianis
1273 3163 1308 3217 ad
1320 3160 1398 3217 diem
1409 3163 1426 3216 9
1438 3162 1587 3218 Februarii
1597 3166 1626 3218 et
1637 3180 1654 3218 a
1664 3161 1797 3218 Mobillo·

968 3251 1093 3308 nioSaeo.
1105 3251 1210 3307 Bened.
1222 3251 1270 3317 ΙΙΙ,
1280 3268 1309 3323 p.
1321 3267 1352 3317 ιι,
1363 3268 1380 3307 a
1391 3267 1457 3325 pag.
1469 3252 1532 3319 217,
1542 3251 1620 3308 edita
1631 3255 1660 3307 et
1671 3250 1800 3307 illustra-

968 3337 1799 3412 ta,abopere0thlonidistinctanonest,praesertimcum

970 3430 1037 3497 line,
1051 3445 1139 3501 quem
1151 3430 1232 3484 caria
1244 3430 1372 3485 carmina
1382 3428 1524 3500 consequi
1534 3433 1704 3501 potuerunt,
1714 3433 1797 3485 trun·

971 3517 1096 3584 comsit,
1108 3519 1211 3589 atejus
1225 3516 1342 3573 initium
1355 3518 1457 3574 eodem
1474 3518 1533 3574 lere
1548 3518 1646 3584 modo,
1656 3535 1715 3590 quo
1726 3519 1799 3574 Vita

971 3607 1000 3662 S.
1016 3604 1185 3678 Wollgcngi
1213 3606 1403 3679 principium,
1424 3605 1632 3662 concinnatum
1663 3608 1710 3663 sit.
1740 3607 1799 3662 Nec

972 3711 1152 3767 quemquam
1168 3699 1282 3751 moveat
1297 3696 1375 3768 quod
1392 3700 1494 3751 auctor
1508 3696 1593 3751 edite
1603 3695 1799 3752 AltonisVita

971 3788 1071 3856 aperte
1082 3799 1114 3839 se
1129 3783 1307 3839 monachum
1318 3783 1647 3840 Altomonaetericnsem
1663 3784 1754 3840 luisse
1768 3788 1797 3840 et

972 3871 1078 3929 esculo
1087 3871 1241 3928 undecimo
1252 3872 1434 3945 ingrediente
1443 3873 1532 3945 (apud
1545 3871 1747 3929 blahillonium
1759 3878 1801 3943 ty-

972 3961 1189 4035 pographorum
1204 3961 1273 4018 vitio
1288 3960 1429 4018 seculum
1444 3979 1534 4034 rxpro
1550 3979 1578 4017 ιι
1592 3979 1733 4019 excusum
1746 3964 1802 4034 est)

972 4050 1107 4108 floruisse
1118 4051 1233 4119 innuat,
1242 4051 1320 4123 quod
1331 4051 1368 4106 ab
1379 4054 1462 4106 atate
1472 4049 1590 4106 Otbloni
1602 4049 1731 4106 alienum
1746 4052 1796 4107 sit.

92 4102 385 4168 ffib⁰PVl⁸i⁰¹¹umrl
400 4107 455 4160 em·
973 4140 1046 4198 Nam
1062 4155 1143 4196 more
1168 4157 1221 4196 suo
1245 4139 1389 4195 Otblonus
1415 4139 1561 4211 ejusmodi
1583 4139 1716 4195 Vitarum
1743 4157 1802 4196 non

129 4228 172 4283 10.
192 4227 281 4283 Vitam
294 4230 384 4284 sancti
398 4228 518 4297 Nicolai,
530 4244 647 4284 accron
664 4230 753 4285 sarrcti
770 4230 919 4301 Wolsonpr'
973 4229 1087 4303 primus
1102 4232 1213 4294 auctor,
1231 4229 1281 4284 sod
1304 4227 1497 4302 interpolator
1511 4228 1655 4284 duntaxat
1671 4228 1736 4295 luit,
1752 4229 1802 4300 qui

93 4316 250 4381 emeritam,
267 4319 338 4372 sicat
352 4319 534 4389 matricisque
551 4318 621 4375 Vitae
633 4318 744 4390 prologo
760 4321 917 4392 intimatur,
973 4315 1083 4391 stylum
1098 4318 1282 4383 emendasse,
1299 4321 1350 4373 aut
1363 4316 1465 4388 aliqua
1479 4316 1644 4388 dempsisse
1658 4317 1702 4372 vel
1718 4317 1802 4373 addi·

93 4406 193 4478 scripsi
206 4410 355 4478 utinquam
376 4408 561 4479 proficiscerer
576 4406 611 4462 ad
633 4409 831 4463 monasteriam
852 4409 918 4464 Fal·
973 4406 1052 4463 disse
1066 4410 1221 4463 contentus
1233 4405 1348 4479 reliqua
1362 4405 1462 4462 omnia
1477 4404 1687 4477 dissimulavit,
1698 4410 1802 4461 utute

94 4493 185 4562 deme,
202 4495 298 4567 inquit
312 4495 376 4567 ipse
389 4494 592 4551 Otblonuslib.
606 4497 643 4552 lle
657 4500 752 4552 tentat.
770 4499 918 4569 rescriptis
973 4512 1026 4552 suo
1054 4498 1186 4568 tempore
1205 4511 1238 4551 ac
1261 4493 1324 4550 loco
1352 4494 1548 4551 abhorrentia.
1565 4493 1682 4550 lllustre
1710 4494 1801 4567 hujus

94 4585 163 4640 raia.
179 4584 289 4641 Harum
302 4583 394 4641 altera
406 4583 484 4640 edita
498 4588 543 4641 est
558 4585 634 4656 apud
647 4584 848 4641 Mobillonium
864 4586 921 4642 Sa·
937 4567 959 4633 ll
975 4583 1152 4656 exemplum,
1162 4599 1199 4639 ne
1210 4581 1327 4656 longius
1338 4583 1488 4650 abeamus,
1497 4582 1582 4638 nobis
1593 4582 1725 4655 suppetit
1734 4582 1802 4640 Vita

96 4672 154 4729 cul.
171 4672 352 4730 Benedictini
366 4673 400 4742 V,
416 4689 433 4728 a
448 4689 514 4746 pag.
531 4674 594 4740 812,
611 4673 674 4729 sine
689 4673 807 4730 Otbloni
824 4679 922 4731 tamen
977 4674 1006 4730 S.
1017 4670 1222 4746 Wollgangiin
1233 4671 1609 4729 ActisSS.Benedict.Saec.
1619 4670 1653 4738 V,
1661 4687 1728 4744 pag.
1737 4672 1801 4740 811,

92 4762 364 4835 praelatione,quem
374 4761 497 4817 hiocum
506 4761 646 4818 analectis
657 4762 923 4835 quibusdamque·
977 4760 1065 4829 edita,
1082 4776 1171 4831 quarn
1195 4759 1355 4833 genuinum
1380 4759 1496 4817 Otbloni
1514 4761 1605 4816 letum
1633 4775 1698 4816 esso
1712 4777 1802 4832 supra

95 4866 162 4907 rum
179 4853 281 4905 auctor
299 4865 353 4906 nos
375 4849 499 4919 latet,ex
513 4850 613 4907 codice
632 4851 790 4909 lllelliccnsi
804 4852 921 4908 exbibe-
978 4849 1254 4916 demonstravimus,
1266 4848 1334 4903 licet
1355 4848 1521 4904 advertente
1542 4846 1722 4915 lllabillonio‚
1738 4850 1802 4920 ejus

96 4953 172 4995 mus.
182 4938 323 4994 Preterea
336 4938 366 4993 in
381 4939 511 5012 gratiam
523 4939 792 4997 eruditissimorum
804 4941 922 4997 Petrum
978 4942 1078 4995 auctor
1093 4939 1179 4994 multa
1195 4937 1229 4993 ab
1244 4954 1291 4994 ore
1304 4939 1373 5010 ejas,
1386 4937 1480 4994 sancti
1496 4937 1608 4994 scilicet
1623 4935 1802 5012 Wollgengi,

96 5025 353 5084 Bollandlanorum
366 5031 502 5083 notemus
514 5029 786 5102 diversasegregias
797 5034 826 5086 et
838 5045 921 5086 accu-
977 5026 1124 5101 accepisse
1142 5044 1173 5084 ec
1196 5031 1328 5098 testetur,
1346 5027 1424 5099 quod
1448 5026 1584 5096 Otblono,
1600 5031 1719 5084 centurn
1745 5028 1804 5084 lere

95 5120 175 5172 ratas
195 5115 382 5172 collectiones
401 5115 608 5173 Miraculorum
623 5119 649 5173 S.
665 5117 833 5193 Woll'gangi
858 5123 921 5175 tum
977 5116 1064 5173 annis
1075 5120 1103 5172 S.
1113 5115 1286 5189 Wollgango
1302 5116 1466 5188 posteriori,
1477 5116 1630 5172 convenire
1644 5133 1704 5173 non
1718 5132 1804 5190 posse

95 5220 169 5262 mss.
182 5207 246 5261 tum
261 5204 339 5276 typis
354 5204 449 5261 editas
472 5205 502 5260 in
524 5207 701 5263 monasterio
724 5207 922 5264 Lunmlacensi
975 5204 1037 5262 viro
1052 5206 1137 5262 docto
1147 5207 1243 5261 visum
1259 5203 1322 5261 luit.
1336 5204 1392 5261 Sed
1408 5221 1443 5261 ea
1456 5205 1562 5261 veteris
1573 5205 1701 5262 auctoris
1715 5206 1803 5262 verba

95 5309 147 5351 seu
161 5293 326 5351 Monseensi
342 5293 455 5361 haberi,
471 5311 504 5349 ex
526 5294 634 5367 quibus
659 5312 692 5351 aa
716 5301 835 5370 prestat
858 5314 921 5369 qum
977 5294 1098 5351 retinuit
1111 5293 1269 5363 Otblonus,
1283 5293 1380 5366 operis
1397 5294 1568 5352 emendator
1584 5299 1699 5351 tentum
1714 5299 1742 5351 et
1758 5295 1803 5350 in·

96 5382 219 5440 Pateria
243 5381 397 5438 vernacula
421 5382 523 5456 lingua
548 5384 624 5457 apud
651 5384 808 5457 Georgium
835 5384 922 5441 Holer
975 5382 1216 5456 terpolator,non
1233 5382 1347 5455 primus
1362 5383 1505 5440 conditor.

98 5487 175 5528 enno
191 5470 260 5525 1655
275 5470 351 5526 in·8⁰
367 5474 413 5526 sat
434 5471 530 5543 spisso
545 5471 694 5528 volumine
719 5472 829 5544 prodiit
851 5489 920 5530 auo·
1011 5473 1067 5530 Sed
1083 5472 1153 5545 quid
1170 5489 1222 5528 eus
1237 5471 1422 5528 Minervam?

96 5564 160 5617 tore
176 5560 418 5616 reverendissimo
433 5560 553 5616 domino
567 5560 696 5632 Simone,
708 5561 840 5632 ejusdem
856 5577 921 5617 mo·
1011 5560 1220 5632 13.Postquam
1231 5560 1323 5617 Fulda
1333 5561 1477 5618 Otblonus
1490 5561 1587 5630 rediit,
1597 5561 1801 5635 scripsitprae·

97 5648 219 5709 nutarit
234 5648 348 5707 abbate.
368 5649 423 5707 Sed
446 5650 591 5723 optabunt
604 5649 733 5707 vicissim
758 5649 919 5708 doctissimi
974 5656 1053 5710 terea
1065 5651 1151 5710 Vitam
1167 5650 1194 5707 S.
1207 5651 1309 5722 licerii,
1322 5674 1336 5704 a
1348 5649 1521 5725 compulsus
1536 5651 1661 5711 fratrum
1672 5652 1799 5711 duorum
