3892 6096
114 315 173 381 ree
642 316 675 381 s.
695 317 859 381 ieiunis
881 315 1104 382 eumenen
1125 270 1291 382 enitaris
1763 308 1825 378 res

115 450 323 527 prehendenda
343 451 400 508 sub
413 466 448 508 ee
462 449 563 508 audita
585 451 727 510 laudabili
750 452 938 510 conversione
950 456 979 524 Α
992 467 1046 509 nec
1057 450 1207 510 silentium
1223 453 1436 528 frangentibus,
1453 450 1585 528 ipsisque
1595 449 1761 521 undelibet
1771 464 1819 508 se·

116 543 199 615 [sorte
212 540 460 615 conversatione];
476 540 525 597 alii
539 558 607 598 vere
622 545 655 598 ut
679 559 696 597 a
716 546 799 598 tante
815 541 941 599 instrue·
997 541 1112 597 mivivis
1127 539 1245 609 relictis,
1262 542 1406 599 abierunt.

118 634 220 687 rentur
244 634 330 686 Patre
345 629 472 703 qualiter
489 631 685 688 Simoniacam
702 631 835 687 heresim
859 631 944 687 debe-
1031 631 1076 687 84.
1092 630 1165 686 Nam
1181 632 1314 702 ejusdem
1328 630 1496 688 monasterii
1521 630 1676 695 Abbatem,
1706 627 1821 685 nemine

117 723 184 775 rent
198 718 299 775 vitare.
310 719 471 777 Audierant
486 720 563 776 enim
578 721 720 777 loannem
737 720 851 777 Patrem
866 720 943 776 banc
997 719 1180 775 Dominicum
1209 721 1275 793 (97),
1305 726 1387 777 etate
1412 724 1573 790 vetustum,
1601 718 1823 775 conversatione

117 823 184 863 cum
201 807 263 863 suis
279 807 417 864 iratribus
432 808 549 882 publice
560 810 853 878 damnare,etcentra
867 809 943 865 haue
997 808 1311 875 sanctissimum,emni
1323 806 1694 873 nudaveruntamictu.0ui
1706 810 1820 862 tantem

118 898 307 955 exardescere
323 897 431 955 mullos
447 898 595 956 mortales.
998 898 1039 954 sic
1052 898 1151 953 nudus
1165 898 1252 969 caepit
1265 897 1390 954 sollicite
1404 914 1542 970 querere,
1559 896 1583 953 ei
1599 894 1672 968 quid
1693 893 1820 951 invenire

153 986 271 1052 80.Quis
281 986 379 1060 itaque
389 988 502 1044 adeum
514 1005 654 1061 umquam
662 990 942 1062 venerit,postquam
997 992 1096 1060 posset
1111 988 1188 1060 qued
1205 1003 1237 1042 ss
1252 987 1393 1043 indueret.
1411 987 1540 1044 Tandem
1557 984 1716 1058 pelliceum
1735 982 1820 1039 indu·

117 1076 223 1131 viderit
236 1075 320 1131 illum
336 1081 364 1133 et
378 1077 514 1146 audierit,
527 1095 558 1135 se
573 1078 758 1151 dispendium
775 1077 942 1151 pertulisse,
999 1081 1142 1146 mentum,
1152 1077 1228 1148 qued
1240 1076 1276 1132 eb
1287 1077 1431 1134 incuriam
1443 1077 1519 1131 iuter
1529 1075 1654 1131 fratrum
1670 1072 1765 1130 lectos
1778 1086 1822 1129 es·

118 1163 163 1219 vel
188 1163 316 1221 labercm
331 1164 411 1239 lengi
426 1165 538 1222 itineris
562 1168 727 1240 sumpsisse
751 1166 944 1239 poenituerit?
999 1165 1338 1237 ciderat,inveuit,seque
1350 1164 1421 1220 illud
1434 1166 1626 1232 dissutum,et
1639 1162 1822 1219 censuissem

119 1252 193 1309 Nam
208 1253 233 1308 si
249 1270 298 1309 cer
312 1254 446 1326 dubium,
461 1256 505 1311 vel
520 1256 643 1312 loclesse
658 1255 801 1328 tepidum,
817 1255 862 1312 vel
878 1272 942 1312 eva·
998 1270 1031 1311 ae
1046 1257 1189 1310 vetustate
1203 1254 1350 1326 dilapsum
1373 1253 1478 1308 induit.
1502 1252 1556 1308 Sed
1581 1251 1662 1307 undc
1686 1249 1822 1307 inimicus

120 1345 241 1398 caetum
258 1343 441 1415 marsupium
453 1343 945 1416 aliquisvonieusdetulerit‚alaeer
998 1343 1149 1416 acquirere
1165 1343 1276 1415 putavit
1289 1342 1438 1399 victoriam
1462 1347 1491 1397 et
1514 1339 1735 1411 exaltationem,
1760 1338 1824 1395 lude

121 1431 290 1503 repedabat,
306 1435 335 1488 ct
358 1449 408 1489 eor
430 1433 460 1489 in
485 1434 543 1490 fide
556 1435 762 1491 confirmatum
780 1440 944 1507 reportans,
999 1431 1110 1488 invenit
1124 1431 1332 1487 detrimentum
1348 1436 1376 1487 et
1391 1430 1594 1488 confusionem
1617 1445 1624 1485 :
1650 1444 1723 1485 nam
1741 1428 1822 1484 multi

119 1519 944 1596 etmersupiumprel'eetenenvacuum.Acceperatenim
1000 1522 1035 1577 de
1047 1520 1155 1595 popule
1170 1524 1198 1576 et
1213 1520 1297 1587 clero,
1320 1520 1372 1591 qui
1399 1520 1540 1576 haetenus
1561 1518 1626 1591 ejus
1649 1516 1823 1574 videbantur

118 1609 431 1668 alesuGhristodene
447 1616 476 1667 et
490 1612 607 1669 vultum
620 1612 898 1685 omnibusgratum,
916 1615 945 1666 et
999 1611 1137 1680 fautores,
1163 1609 1257 1682 ipsius
1278 1609 1426 1666 intuentes
1450 1608 1643 1682 impietatem,
1664 1605 1736 1664 facti
1759 1608 1822 1663 aaut

119 1713 285 1755 sermenem
301 1700 414 1755 cunctis
428 1700 619 1773 placidum,et
633 1701 670 1757 ad
686 1700 870 1774 largiendam
882 1716 943 1755 am·
999 1698 1055 1771 ipsi
1071 1698 1209 1770 deinceps
1220 1698 1398 1754 omnimedis
1411 1698 1536 1754 adversi.

120 1784 286 1859 piissimam
300 1804 431 1844 menum.
446 1789 513 1845 iam
528 1805 618 1846 causa
632 1789 741 1863 expetit
755 1792 787 1845 ut
808 1789 943 1859 reseram,
959 1822 984 1888 B
1034 1786 1356 1859 85.Alteraquoquedie
1366 1792 1426 1843 tem
1437 1785 1679 1857 hemines,quam
1689 1783 1821 1841 mulieres

121 1890 209 1942 quarn
223 1875 352 1932 loannes
368 1876 532 1933 Paternum
547 1878 611 1935 auis
625 1882 727 1935 centra
747 1876 944 1934 Simeniecam
1000 1874 1618 1947 Florentiaeadsupradictummonasterlum
1625 1874 1819 1945 perrexerunt,

120 1965 181 2019 tete
196 1980 295 2020 coram
310 1966 420 2023 munde
436 1967 598 2041 sumpserit
612 1983 752 2041 pugnem.
1000 1969 1028 2020 et
1042 1980 1235 2036 quaecumque
1249 1969 1392 2036 peterent,
1403 1963 1630 2020 necessitatibus
1646 1962 1772 2018 fratrum
1782 1974 1821 2017 ne

154 2052 199 2107 81.
209 2057 263 2108 Per
279 2053 356 2110 idem
368 2060 486 2127 tempus
497 2055 617 2129 quidam
628 2056 945 2128 Pepieusis<tl5ll³etrus
1000 2054 1128 2110 cessaria
1140 2052 1581 2109 fideliterdetuleruntl'elicem
1592 2067 1625 2109 se
1635 2050 1764 2124 quisque
1773 2062 1821 2105 ere·

118 2141 218 2197 sedem
229 2142 399 2200 Florentinae
407 2143 534 2201 ecclesie
545 2143 691 2202 invaserat
699 2145 945 2201 elaminterventu
1000 2143 1085 2200 debat
1101 2143 1126 2199 si
1142 2142 1271 2215 aliquem
1287 2142 1499 2199 monachorum
1519 2141 1616 2197 videre
1643 2139 1772 2206 valebat,
1784 2136 1818 2195 rel

118 2229 259 2303 pecunie,
267 2233 344 2305 quod
355 2233 499 2290 loannem
510 2235 626 2291 Patrem
637 2235 760 2306 eJ'usque
771 2235 875 2290 iratres
890 2233 945 2288 mi·
1001 2249 1035 2288 ca
1050 2248 1151 2287 eorum
1168 2246 1250 2287 sacre
1266 2231 1422 2304 sanguine,
1446 2246 1482 2286 ex
1504 2233 1593 2296 term,
1618 2227 1780 2302 lapidibus,
1797 2228 1820 2282 st

120 2319 199 2377 nime
209 2320 462 2396 latuitlllegeruut
472 2323 571 2396 itaque
582 2324 671 2380 vitam
683 2322 836 2380 mortalem
848 2321 946 2395 petius
1001 2319 1099 2394 lignis,
1114 2321 1176 2377 sais
1191 2320 1297 2392 pannis
1313 2324 1435 2393 possent
1446 2314 1818 2391 extergere,veieutesillum

122 2408 242 2481 perdere
256 2426 346 2482 quam
360 2412 510 2468 veritatem
526 2411 763 2485 celare.ldeoque
775 2411 945 2483 Papiensem
1001 2426 1053 2482 pre
1068 2410 1184 2482 magnis
1200 2408 1333 2481 reliquiis
1348 2409 1465 2465 babere.

121 2496 241 2553 Petrum
264 2515 330 2555 esse
353 2498 469 2572 publice
493 2499 692 2557 Simoniacum
721 2504 749 2556 et
777 2499 945 2555 haereticum
1036 2499 1191 2555 86.Beatus
1206 2503 1305 2554 autem
1319 2496 1654 2565 ioannes,Valimbresee
1668 2493 1817 2567 tunepeei·

123 2589 275 2656 caeperunt
290 2587 395 2643 dicere.
407 2589 494 2645 Facta
508 2592 553 2644 est
567 2589 693 2662 denique
707 2589 782 2644 inter
796 2587 906 2644 clerum
918 2592 947 2644 et
1001 2591 1060 2655 tus,
1077 2588 1131 2643 hoe
1147 2588 1225 2661 qued
1241 2587 1386 2643 acciderat
1401 2587 1537 2654 audiens,
1552 2583 1688 2657 martyrii
1707 2583 1819 2656 ilagrrus

122 2673 265 2746 populum
279 2677 427 2734 contentio
443 2677 601 2750 pervalida.
615 2676 672 2733 Alii
688 2677 807 2751 quidem
832 2681 945 2749 tempe·
1001 2692 1110 2748 amore,
1128 2677 1163 2732 ad
1179 2677 1320 2732 Sanctam
1337 2675 1467 2732 Salvium
1483 2675 1621 2731 testinate
1635 2672 1767 2737 venicus,
1779 2671 1819 2727 ab·

123 2759 197 2817 ralia
211 2761 359 2821 intuentes
373 2767 539 2834 commoda,
555 2766 654 2839 ipsum
670 2766 873 2822 defendebant.
889 2763 946 2819 alii
1001 2767 1098 2822 batem
1113 2772 1291 2837 caeteresque
1307 2764 1470 2839 flagellatos
1485 2766 1601 2830 iratres,
1616 2778 1720 2833 caeos,
1736 2759 1815 2817 auda·

123 2867 190 2906 cum
206 2852 358 2908 monacbis
369 2854 433 2925 J'am
448 2851 567 2911 illerum
583 2855 662 2911 credi
676 2855 774 2911 verbis
795 2854 947 2911 vehemen-
1000 2859 1106 2927 tesqua
1122 2855 1323 2925 considerans,
1338 2854 1412 2910 dixit
1427 2873 1434 2911 ι
1450 2854 1533 2910 Νηηο
1547 2868 1614 2909 vere
1629 2849 1765 2908 menacbi
1776 2864 1813 2905 ee·

125 2944 169 2996 ter
184 2940 408 3014 impugnabant.
1000 2944 1039 3000 tie
1055 2962 1061 2999 ι
1080 2945 1130 3000 sed
1146 2961 1199 3000 eur
1213 2943 1276 3000 si'ne
1291 2960 1338 2999 me
1353 2943 1414 3000 bec
1429 2945 1556 3017 perterre
1566 2938 1722 2998 voluistis?
1735 2938 1811 2994 Valde

160 3029 204 3084 82.
220 3032 292 3085 Cum
312 3030 403 3102 igitur
426 3033 572 3089 cententio
596 3032 657 3089 hee
683 3032 760 3090 inter
783 3032 895 3089 clerum
918 3038 947 3089 et
1001 3034 1080 3090 enim
1104 3031 1197 3089 deluit
1213 3033 1291 3105 qued
1306 3034 1432 3105 prefatae
1447 3030 1644 3105 persecutioni
1668 3028 1770 3099 deluit,
1789 3024 1813 3081 in

123 3117 200 3174 inter
223 3116 365 3191 populum
390 3137 442 3194 per
466 3121 528 3178 dies
552 3121 709 3179 haberetur
723 3121 843 3190 multos,
860 3126 888 3177 et
903 3137 947 3178 se·
1002 3139 1061 3195 qua
1076 3125 1173 3178 tamen
1187 3123 1250 3196 ipse
1266 3122 1397 3194 martyrii
1413 3121 1541 3178 obtinuit
1557 3119 1702 3185 bravium,
1728 3112 1811 3190 quiad

123 3206 195 3263 ditio
220 3206 288 3264 iude
316 3207 483 3282 frequenter
514 3210 649 3282 oriretur,
678 3210 832 3268 estimavit
857 3190 1189 3269 hare-Gtolerandum
1204 3209 1541 3284 martyriumsuestam
1565 3212 1687 3266 strenus
1704 3202 1813 3264 instituit

104 3350 106 3354 .
122 3294 199 3352 tinus
214 3299 318 3354 Petrus
332 3297 473 3371 populum
489 3303 597 3357 terrers
611 3304 640 3356 et
654 3299 777 3369 clerum,
794 3300 819 3356 si
842 3301 950 3357 laceret
1004 3298 1176 3373 discipules.
1192 3300 1235 3355 Ad
1251 3299 1305 3355 hec
1326 3299 1405 3355 enim
1420 3298 1508 3366 venit,
1535 3297 1615 3370 qued
1640 3312 1673 3353 ee
1695 3291 1813 3351 credebat

125 3400 228 3441 necare
243 3386 551 3460 monaches,aquibus
563 3390 651 3445 verba
664 3389 721 3445 sibi
737 3389 949 3445 adversasum-
1003 3388 1106 3455 teneri,
1122 3387 1274 3461 flagellari,
1291 3386 1468 3457 detruncari,
1485 3386 1562 3459 qued
1578 3386 1668 3442 etiam
1683 3398 1736 3456 pre
1747 3392 1811 3437 ame

125 3489 209 3546 peore
224 3473 376 3548 principia.
392 3477 453 3542 Oua
468 3478 503 3534 de
519 3494 549 3534 re
564 3479 656 3535 missa
670 3476 949 3550 multitudinesqui-
1004 3494 1034 3534 re
1054 3476 1116 3544 Dei,
1132 3481 1161 3533 et
1183 3475 1353 3533 deiensieuc
1375 3474 1525 3532 catholicae
1550 3473 1619 3530 tidei
1643 3464 1808 3547 capicerii

125 3565 191 3618 tum
214 3567 243 3619 et
270 3564 403 3636 peditum
427 3571 570 3624 necturae
584 3571 727 3641 tempere,
745 3565 837 3639 jussit
856 3567 949 3623 saneti
1004 3570 1104 3638 posset
1118 3564 1238 3634 millies,
1255 3565 1358 3621 occidi.

125 3650 213 3707 Salvii
227 3652 392 3710 caenobium
412 3654 480 3728 igne
494 3656 637 3726 comburi,
654 3660 683 3711 et
698 3655 858 3711 monaches
874 3671 949 3725 ques
1038 3655 1083 3709 87.
1093 3654 1226 3711 Menaehi
1236 3670 1303 3710 vere
1318 3656 1401 3709 tanto
1411 3652 1545 3709 tortiores
1558 3651 1666 3708 deinde
1679 3652 1748 3707 suut
1758 3643 1808 3703 adt·

124 3741 302 3814 reperissent
316 3742 597 3801 interficiteannem
612 3761 679 3800 vere
694 3748 810 3800 Patrem
825 3743 866 3798 ibi
879 3748 949 3799 ωηο
1003 3743 1051 3814 cti,
1067 3748 1177 3816 quante
1189 3743 1352 3800 securiores
1365 3743 1401 3798 de
1416 3758 1534 3808 corona,
1550 3756 1641 3813 quam
1652 3742 1717 3813 jam
1731 3742 1807 3813 geete·

124 3829 303 3887 existimavit
316 3831 449 3890 inveniri.
465 3833 530 3908 lpse
544 3833 663 3907 quidem
680 3834 726 3889 die
741 3832 832 3889 altere
854 3848 948 3889 reces-
1001 3832 1336 3905 verant,martyrii.Nam
1351 3835 1455 3887 euntes
1465 3831 1588 3887 Romam
1599 3836 1804 3903 temporaneae

125 3922 213 3974 serat.
1002 3921 1043 3994 di,
1072 3926 1243 3977 constanter
1262 3926 1290 3977 et
1311 3918 1427 3993 publice
1441 3919 1697 3992 proclamaverunt
1711 3920 1804 3977 seura

158 4006 348 4080 83.1ngressi
372 4009 462 4083 igitur
487 4010 649 4084 ecclesiam,
677 4028 743 4068 cum
769 4013 947 4066 nocturnam
1002 4009 1201 4067 simoniacum
1218 4009 1438 4077 etbaercticum,
1455 4024 1487 4065 se
1501 4008 1569 4081 igne
1586 4004 1805 4081 pmiersnteeiu·

124 4095 229 4153 iratres
253 4095 435 4154 celebrarent
468 4099 609 4168 cilicium,
637 4099 799 4173 evaginatis
827 4097 947 4155 ensibus
1002 4102 1130 4155 tratums
1143 4098 1179 4154 ad
1196 4098 1224 4154 id
1236 4096 1806 4171 comprobandumblexandervempept

124 4189 275 4258 coeperunt
288 4184 394 4242 christi
410 4192 539 4244 mactare
553 4203 630 4258 eves,
647 4193 680 4245 ut
700 4188 830 4245 immites
852 4186 947 4245 carni·
1002 4188 1053 4259 qui
1080 4190 1151 4243 tuac
1178 4188 1245 4243 Sedi
1269 4185 1441 4260 apostelicae
1468 4186 1653 4260 praesidebat,
1679 4203 1733 4245 nea
1752 4192 1806 4242 taus

125 4273 205 4332 lices.
220 4272 276 4331 Alii
292 4273 438 4348 siquidem
454 4275 483 4332 in
500 4278 593 4334 trente
607 4281 666 4334 tam
687 4293 774 4351 grave
788 4278 948 4334 infixerunt
1001 4279 1171 4332 accusatum
1186 4275 1279 4332 voluit
1294 4277 1448 4348 deponere,
1461 4291 1513 4331 nec
1526 4276 1644 4349 igneam
1659 4272 1807 4333 decimes

123 4361 278 4435 vulnus,ut
287 4365 450 4435 perveniret
461 4366 539 4423 aeica
548 4366 716 4441 ierriusque
724 4367 759 4423 ad
767 4366 946 4423 testudinem
1001 4381 1069 4421 nem
1085 4381 1201 4421 sumere
1215 4381 1221 4419 :
1235 4364 1437 4421 iavebatenim
1453 4365 1582 4421 maxima
1597 4381 1668 4438 pere
1681 4365 1810 4439 episcope

122 4452 439 4526 cerebri(96).dlterum
449 4471 516 4513 vere
531 4461 591 4512 tam
602 4455 946 4530 impiegravitcrquesub
1001 4470 1067 4510 rum
1084 4454 1159 4527 parti
1175 4453 1261 4522 Petri,
1273 4456 1414 4510 etemues
1425 4457 1594 4526 penserunt
1609 4453 1759 4513 monacbis
1768 4450 1810 4509 ad·

121 4541 215 4598 oculis
225 4548 445 4615 percusserunt,
461 4549 495 4601 ut
509 4562 599 4603 nasus
614 4548 643 4602 et
657 4547 760 4602 dentes
781 4545 947 4617 superiores
962 4560 986 4627 Ι)
1001 4543 1087 4600 versi.
1098 4543 1153 4599 Sed
1169 4542 1402 4599 archidiaconus
1416 4540 1810 4618 ildeprandus(98)meaacbe-

124 4646 192 4687 cum
208 4648 336 4705 superne
351 4632 428 4690 labie
443 4650 460 4691 a
475 4651 529 4691 sua
543 4634 742 4690 dividerentur
764 4633 947 4707 compagine,
1003 4649 1068 4690 rum
1083 4633 1113 4688 in
1129 4631 1266 4689 amnibus
1281 4635 1326 4689 cst
1341 4632 1437 4688 iactus
1452 4632 1570 4702 adiutor
1584 4636 1615 4689 st
1627 4633 1770 4691 defenser.

126 4723 155 4776 et
169 4725 275 4777 cancta
288 4721 486 4795 dependerent
499 4740 589 4796 super
603 4722 736 4781 barbam.
752 4720 811 4778 Alii
830 4722 950 4796 quidem
1038 4722 1084 4776 88.
1101 4721 1163 4778 Lite
1176 4720 1276 4794 itaque
1289 4724 1359 4777 tunc
1373 4725 1572 4794 permanente,
1588 4721 1683 4780 imme
1692 4722 1813 4793 deinceps

123 4807 280 4882 infigentes
295 4809 387 4867 aciem
403 4811 493 4884 gladii
507 4812 674 4885 vulnusque
684 4812 720 4870 ad
731 4811 872 4868 interiora
885 4826 951 4884 per·
1007 4811 1096 4868 minis
1106 4810 1342 4878 crescente,facta
1356 4813 1401 4866 est
1414 4809 1579 4883 persecutio
1593 4814 1681 4868 tanta
1690 4812 1814 4869 adverset

124 4896 282 4954 duxerunt.
301 4899 508 4971 lluJascemedi
524 4900 614 4973 igiter
628 4901 724 4976 plagis
740 4900 841 4959 multia
857 4900 887 4956 in
907 4898 951 4955 di·
1006 4900 1117 4957 clerum
1131 4898 1331 4956 Florentinum
1347 4898 1532 4973 catholicum,
1549 4904 1582 4956 ut
1595 4916 1663 4957 eam
1678 4901 1753 4958 em
1767 4910 1814 4955 nee

122 4987 215 5043 versis
238 4987 368 5060 perlatis,
395 4992 561 5044 everterunt
585 4990 699 5063 altaria,
726 4995 754 5048 et
781 4970 953 5064 depraedati¹
1005 4989 1136 5046 valentes
1150 4988 1392 5063 archipresbyter
1406 4989 1559 5062 ceterique
1576 4986 1814 5065 quamplurssdt

123 5080 202 5142 sunt,
218 5093 283 5150 que
297 5076 472 5132 invenerunt
487 5076 597 5145 emnia,
618 5083 646 5133 et
668 5079 737 5151 igne
758 5078 787 5134 in
813 5077 951 5135 domibus
1005 5078 1120 5135 civitate
1133 5081 1283 5146 exeuntes,
1291 5079 1327 5134 ad
1341 5078 1521 5151 Septlmense
1535 5078 1729 5153 confligerent
1736 5088 1814 5136 aeuo

124 5164 424 5237 appesit0,menaehie
434 5170 506 5222 tunc
516 5165 545 5221 in
558 5164 681 5222 ecclesia
694 5171 806 5239 septem
818 5167 950 5223 Psalmes
1004 5167 1178 5233 biumoues
1188 5168 1317 5224 loannes
1327 5171 1412 5224 Pater
1421 5168 1733 5243 benignesuscipiens,
1746 5158 1811 5225 emal

123 5266 191 5308 cum
203 5254 581 5325 betaniisdecantantibue,
590 5254 620 5310 in
632 5255 712 5312 nulle
723 5255 948 5327 reluctantibus,
1003 5255 1182 5329 benignitate
1190 5260 1218 5311 et
1227 5256 1370 5313 charitate
1383 5258 1530 5329 prebebat
1545 5258 1588 5316 eis
1602 5272 1749 5334 proposse
1757 5252 1812 5313 sub·

163 5392 220 5468 (95)
235 5396 332 5453 Petras
346 5398 522 5456 simoniacus
536 5401 656 5454 vocatur
668 5398 813 5471 Pepiemr'r
830 5400 875 5455 vel
890 5401 948 5456 Tri·
1039 5399 1095 5471 (97)
1110 5398 1204 5469 Hujus
1218 5398 1361 5455 Domimci
1374 5398 1502 5472 elogium
1521 5400 1588 5458 vide
1607 5402 1688 5475 apud
1703 5397 1808 5460 Simiam

124 5469 218 5523 nereis
232 5471 353 5539 spania
367 5487 417 5554 seo
432 5472 538 5542 Papr'ee,
554 5487 618 5555 qua
634 5473 661 5526 at
676 5470 800 5555 Ticinum
813 5471 933 5555 dicitur,
1002 5470 1032 5526 in
1048 5469 1146 5525 Cataio
1168 5488 1183 5526 e
1199 5487 1237 5543 pa
1259 5471 1310 5526 .91
1326 5476 1355 5526 et
1369 5486 1451 5599 sego.
1603 5544 1610 5559 .

159 5540 213 5613 (ee)
228 5540 282 5597 Per
296 5542 463 5598 terlucentem
486 5542 590 5599 cerebre
614 5544 716 5601 auctor
738 5540 785 5599 luc
812 5543 948 5617 intelligit
1038 5542 1093 5614 (98)
1108 5543 1134 5598 lt
1151 5558 1167 5597 ο
1186 5559 1217 5598 re
1257 5542 1340 5599 asvel
1355 5543 1400 5599 lltt
1419 5542 1626 5604 emendassent
1639 5538 1807 5621 peterere

108 5627 248 5687 mantum,
266 5614 301 5671 et
314 5612 429 5689 opiner.
1001 5613 1102 5687 gorius
1116 5612 1154 5672 Vl
1169 5655 1177 5684 ,
1194 5630 1330 5675 summus
1344 5613 1484 5674 Pontifex·
