3892 6096
77 254 145 373 rei
570 308 723 372 uranos.
746 309 800 370 oo
820 308 963 373 narnus
986 307 1295 381 ounsrronisus.
1724 292 1791 370 tna

76 447 195 516 rituam,
208 440 265 499 otii
278 458 384 517 petrem
398 443 571 513 linguarum,
582 443 634 498 otii
647 444 836 514 interpretatio
850 460 903 499 scr·
918 448 946 514 A
995 444 1039 498 Ad
1051 443 1183 499 eamdem
1194 443 1415 499 consonantiam
1431 440 1557 516 pertinet
1569 441 1704 499 ordinata
1718 443 1780 498 ani-

75 551 190 605 mosam
206 535 230 605 (l
241 532 304 589 Cor.
315 533 377 604 ant.
388 532 431 588 Ad
447 532 508 587 haec
524 532 612 588 etiam
628 548 681 588 nos
696 533 906 604 subjungimus
961 551 1015 590 mae
1037 538 1065 589 et
1086 533 1215 605 corporis
1230 550 1370 606 compago
1383 552 1390 601 ;
1405 533 1458 588 viri
1474 538 1502 589 et
1517 531 1649 589 mulieris
1665 535 1783 603 propter

78 624 150 698 quia
165 622 242 679 alius
258 621 368 678 eminet
382 622 412 676 in
427 621 604 692 humilitate,
617 620 692 677 alius
708 620 737 675 in
753 621 905 689 charitate,
961 621 1528 694 necessariautriusquesubsidiamulta
1536 620 1701 693 conjunctio
1712 618 1781 693 legi-

77 715 152 772 elter
168 713 198 769 in
213 712 360 780 castitate,
371 710 444 768 alter
458 711 488 767 in
505 711 644 777 oratione,
662 710 734 767 alter
747 710 777 765 in
794 711 906 767 discre-
961 712 1051 779 tima;
1075 717 1191 783 patrum
1211 716 1239 767 ot
1253 711 1392 777 filiorum,
1408 710 1530 767 divitum
1555 715 1583 766 et
1607 726 1779 783 pauperum,

75 803 170 870 tione,
181 801 260 859 alius
271 801 302 857 in
314 800 435 873 vigiliis,
448 800 524 856 atius
537 801 565 855 in
573 799 697 872 jejunis,
709 799 781 854 alter
791 798 821 854 in
835 799 906 856 elee-
961 802 1147 858 dominorum
1163 806 1192 857 et
1206 799 1366 866 servorum,
1384 801 1592 872 magistrorum
1608 805 1636 854 st
1650 800 1780 870 discipu-

77 909 271 967 mosynarum
297 890 441 964 largitate,
458 890 531 946 alter
549 889 579 945 in
595 889 780 945 intirmorum
795 887 838 944 vel
854 889 905 945 ho·
960 891 1073 959 lorum;
1089 893 1247 965 conjugum
1260 890 1570 963 quoqueatvirginum
1583 888 1706 944 mirifica
1717 905 1782 944 oon-

77 984 192 1057 spitum
206 979 396 1048 recreatione,
413 977 486 1036 alter
501 979 530 1034 in
547 978 697 1050 patientia,
714 977 786 1034 alter
804 978 834 1032 in
849 977 907 1034 alia
960 982 1124 1037 venientia:
1142 981 1276 1054 quamvis
1287 980 1365 1036 enim
1381 980 1532 1051 virginitas
1548 977 1633 1051 longe
1648 978 1782 1050 superior

76 1075 197 1130 virtute.
210 1071 268 1128 Sed
282 1069 384 1126 nullus
395 1069 524 1143 proiecto
535 1068 564 1124 in
578 1067 709 1140 qualibet
719 1067 825 1123 virtute
835 1084 906 1140 prae-
959 1072 998 1127 sit
1008 1070 1235 1143 conjugio,nibil
1247 1075 1344 1127 tamen
1356 1073 1474 1126 resonat
1484 1069 1546 1125 sine
1555 1068 1636 1140 ipso;
1649 1067 1718 1140 quia
1728 1082 1781 1122 nec

77 1162 159 1219 dicta
171 1159 320 1217 invenitur
333 1159 376 1215 ita
390 1158 545 1232 perlectus,
558 1161 589 1213 ut
600 1173 658 1212 non
669 1172 723 1229 Ope
736 1161 821 1233 egeni
833 1155 904 1212 ulte·
959 1177 1023 1217 esse
1048 1160 1123 1217 valet
1146 1161 1210 1216 sins
1237 1159 1296 1215 illo.
1313 1159 1395 1216 Sicut
1417 1164 1447 1214 et
1465 1163 1599 1215 tonorum
1616 1156 1780 1229 integritas,

79 1249 221 1307 rius.tlur
232 1247 361 1314 hoc,niei
375 1247 445 1320 quia
455 1246 580 1304 invicem
592 1250 772 1302 suntomncs
782 1245 905 1302 virtutes
959 1249 1026 1306 licet
1039 1249 1287 1322 comparationem
1303 1248 1413 1305 nullam
1425 1252 1522 1304 teneat
1533 1249 1568 1303 ad
1580 1246 1780 1314 semitonium,

79 1338 253 1405 referendae,
267 1341 294 1394 et
308 1336 419 1410 plectro
436 1335 622 1392 discretionis
637 1335 667 1391 in
682 1334 905 1392 consonantiam
959 1344 1046 1411 atque
1059 1339 1066 1394 i
1072 1356 1123 1411 pso
1139 1344 1236 1395 tamen
1251 1337 1366 1395 nulium
1380 1355 1497 1406 sonum,
1507 1337 1556 1409 qui
1567 1338 1653 1409 juxta
1663 1335 1781 1392 musica

81 1426 225 1486 alternam
233 1424 904 1497 commutanda?hujusnamqueconsonantiae
959 1429 1031 1485 artis
1046 1433 1179 1485 auctores
1195 1428 1310 1500 proprie
1330 1427 1523 1484 consonantia
1536 1430 1665 1492 vocetur,
1681 1424 1780 1481 elficit.

76 1517 235 1590 plectrum,
251 1515 389 1573 discretio
403 1520 449 1572 est
463 1515 614 1570 uirtutum.
959 1517 1024 1573 Sive
1039 1517 1118 1573 enim
1133 1517 1326 1586 diatessaron,
1338 1516 1396 1572 sive
1410 1516 1545 1588 diapente
1558 1515 1780 1571 consonantiam

371 1629 488 1687 CAPUT
511 1630 607 1686 XLIV·
959 1606 1054 1663 dicere
1065 1606 1147 1675 velis,
1156 1606 1218 1662 sine
1229 1606 1384 1662 semitonio
1396 1605 1553 1677 nequis,de
1562 1604 1703 1676 diapason
1714 1619 1781 1659 vero

77 1722 177 1792 omi,
199 1727 226 1777 θ,
249 1725 357 1793 quma
376 1722 533 1792 ,epm-w
551 1721 697 1776 gamoni,
720 1722 795 1776 ,qm
816 1728 903 1775 mmm
959 1696 1139 1768 superfluum
1151 1701 1195 1752 est
1207 1695 1706 1767 dicerequianonstaterutroqus.
1719 1694 1781 1757 Oua

111 1794 298 1849 monasticam
323 1801 348 1848 et
368 1793 542 1860 annotarem,
561 1793 637 1848 Vetus
655 1801 683 1848 ee
694 1793 798 1849 Nonam
814 1793 902 1849 Testa·
917 1820 942 1886 B
959 1786 994 1841 de
1010 1803 1040 1841 rc
1056 1784 1177 1858 intelligi
1192 1784 1367 1855 daturquia,
1380 1784 1458 1840 siout
1472 1783 1659 1839 semitonium
1675 1799 1782 1838 conso·

111 1870 247 1935 mentam,
264 1875 364 1936 mrim
377 1867 405 1921 tl
419 1865 553 1933 animam,
571 1864 797 1935 diversorumque
812 1865 903 1921 ltmt·
958 1875 1065 1930 nantia
1077 1873 1275 1931 necessarium
1286 1877 1332 1929 est
1341 1872 1370 1928 in
1381 1872 1521 1939 melodia3
1533 1871 1573 1928 ita
1582 1870 1781 1943 conjugalium

110 1953 182 1992 “um
195 1939 307 1997 m?
959 1962 1163 2036 supplementa
1177 1962 1342 2019 necessaria
1357 1966 1427 2017 sunt
1443 1962 1473 2016 in
1489 1959 1614 2032 spiritali
1629 1959 1699 2015 vita.
1779 1977 1783 1986 ·

110 2050 337 2124 Progrediamur
352 2055 380 2109 et
395 2049 482 2122 ultra,
493 2051 624 2108 dicentes
635 2068 699 2124 quis
712 2053 905 2109 consonantia
993 2053 1160 2110 Notandum
1176 2069 1244 2107 vero
1259 2052 1289 2108 in
1305 2052 1362 2119 his,
1380 2050 1457 2121 quia,
1474 2051 1527 2106 etsi
1544 2067 1602 2105 non
1623 2049 1722 2105 omnia
1744 2050 1780 2105 ad

75 2139 905 2214 sitintsrccsnobialisetsaecularisvitaehomines.lgitur
959 2142 1107 2198 relativam
1134 2140 1366 2208 consonantiam,
1393 2140 1430 2195 ad
1457 2138 1658 2211 probationem
1681 2143 1780 2195 tamen

75 2229 227 2287 neminem
251 2228 282 2284 in
304 2227 455 2285 coenobiali
472 2228 530 2285 vita
545 2230 675 2302 positum
690 2247 756 2287 reor
769 2231 904 2302 ignorare
959 2231 1057 2287 omnia
1079 2231 1263 2287 conveniunt.

75 2319 149 2391 quia
163 2316 366 2390 multipliciter
379 2322 465 2390 egeat
479 2317 665 2375 secularium
681 2318 836 2375 hominum
851 2321 902 2376 ad·
994 2320 1109 2376 Praelati
1136 2337 1264 2392 namque
1293 2320 1426 2392 quilibet,
1449 2318 1724 2390 excellentioresque
1749 2320 1780 2374 in

75 2405 306 2463 ministratione.
318 2406 471 2470 Quomodo
485 2407 564 2463 enim
576 2406 620 2464 vel
634 2408 744 2465 victum
759 2408 804 2465 vel
819 2409 904 2465 vesti·
958 2409 1076 2478 saeculo,
1100 2409 1137 2464 ut'
1156 2409 1280 2474 domini,
1304 2413 1412 2480 patres,
1435 2408 1579 2480 magistri,
1599 2407 1704 2464 divites
1729 2424 1781 2479 per

76 2499 144 2552 tum
169 2511 223 2553 seu
245 2494 344 2566 ipsum
373 2495 577 2553 babitaculum
603 2497 660 2553 sibi
684 2501 785 2569 aptum
805 2503 905 2570 posset
958 2499 1092 2555 subditos
1116 2497 1172 2554 sibi
1197 2503 1225 2554 et
1249 2499 1435 2570 pauperiores
1458 2497 1568 2571 jugiter
1596 2497 1779 2566 probentur:

76 2584 195 2651 habere,
220 2584 278 2645 nisi
305 2601 340 2642 ex
367 2585 553 2643 secularium
581 2585 748 2659 aliquorum
777 2587 903 2645 laboret
958 2586 1341 2661 quantavideliceteiscura
1350 2584 1781 2659 praesint;qualis1denutriant

76 2674 159 2731 Unde
183 2674 353 2733 omnimodo
373 2675 559 2747 pensandum
574 2679 619 2733 est
633 2676 747 2732 cunctis
762 2677 791 2732 in
808 2693 903 2734 omno·
958 2682 986 2734 et
1000 2682 1182 2734 succurrant.
1200 2677 1316 2734 Subditi
1334 2693 1411 2745 vero,
1429 2676 1553 2748 qualiter
1568 2673 1694 2747 praelatis
1709 2675 1780 2730 obe·

76 2762 148 2820 biali
160 2764 314 2837 proposito
324 2763 493 2831 senectutis
508 2764 577 2838 quia
592 2782 649 2821 non
662 2765 759 2821 solum
772 2765 839 2833 sibi,
852 2768 903 2824 sed
958 2767 1041 2822 diant
1052 2785 1059 2836 ;
1072 2773 1101 2823 ct
1112 2783 1265 2839 pauperes,
1277 2766 1401 2839 qualiter
1413 2766 1556 2822 sufferant
1568 2767 1781 2837 paupertatem,

77 2853 164 2924 etiam
189 2851 251 2909 illis
276 2853 325 2924 qui
350 2853 522 2929 hujusmodi
541 2853 747 2927 supplementa
761 2855 902 2928 praebent,
958 2872 1025 2912 cum
1040 2857 1145 2913 divites
1161 2857 1241 2912 omni
1258 2857 1344 2912 modo
1360 2854 1455 2911 tulciri
1470 2855 1681 2928 perspexerint.

76 2941 229 3007 referende
243 2944 288 2999 est
301 2959 405 2999 eorum
420 2942 583 3016 spiritualis
603 2945 794 3001 conversatio.
985 2945 1072 3023 ,idem
1087 2946 1163 3001 inter
1178 2946 1317 3018 conjuges
1343 2948 1372 3000 et
1395 2943 1524 3017 virgines
1550 2943 1657 3017 agitur.
1674 2943 1780 3016 Magna

108 3029 249 3089 Similiter
263 3029 400 3099 homines
414 3032 511 3088 cuncti
525 3032 555 3088 in
570 3031 763 3089 sacularibus
778 3035 902 3109 negotiis
958 3050 1085 3106 namque
1109 3034 1241 3106 probatio
1268 3034 1323 3089 erit
1345 3032 1374 3088 in
1399 3033 1541 3105 utrisque.
1557 3033 1588 3089 ln
1603 3031 1780 3105 conjugibus

77 3118 173 3189 positi,
188 3119 299 3194 jugiter
320 3137 446 3193 pensare
470 3122 577 3178 debent
591 3127 736 3197 quantum
751 3124 903 3197 indigeant
958 3123 1123 3194 quidemst
1139 3140 1170 3179 se
1180 3123 1317 3195 congruis
1331 3122 1513 3192 temporibus
1528 3121 1583 3177 rita
1593 3121 1778 3177 contineant:

76 3208 254 3280 spiritalium
264 3208 393 3277 virorum
409 3209 540 3268 oratione
554 3229 561 3267 :
577 3229 623 3284 ne,
635 3212 710 3269 inter
724 3213 845 3271 delicies
857 3193 939 3271 velC
959 3229 1025 3268 cum
1054 3218 1082 3268 ct
1110 3212 1238 3285 virgines
1262 3212 1364 3266 eadem
1388 3209 1545 3281 fragilitate
1571 3209 1779 3274 circumdatos,

76 3296 901 3375 curasvelpericulainnumerapraescntisvitadepressi,
957 3294 1782 3374 eisdempnssionibustentatosperpetuamhaberecasti·

75 3391 189 3443 aterne
205 3384 313 3445 salutis
328 3387 419 3460 gloria
431 3389 593 3464 priventur.
958 3383 1779 3463 moniamagnoscantlnvirginibusautem,si,propositi

106 3475 251 3546 Cumque
262 3474 298 3530 ab
311 3476 458 3551 utriusque
469 3479 530 3535 hac
541 3479 701 3537 necessitas
715 3485 904 3553 pensatur,et
957 3479 1214 3552 suizexccllentiam
1221 3477 1333 3550 jugiter
1345 3477 1647 3543 attendentes,curent
1657 3488 1693 3527 ns
1703 3476 1779 3529 retro

71 3581 121 3635 pro
134 3563 190 3625 Dei
206 3579 307 3627 amoro
319 3562 368 3630 elii
382 3554 420 3633 ab
433 3566 499 3624 aliis
514 3568 701 3641 adjuvantur.
714 3569 798 3641 quasi
814 3570 901 3627 altar·
955 3571 1063 3626 cadant
1079 3586 1086 3625 :
1112 3565 1349 3640 quandoquidem
1370 3565 1479 3621 multos
1495 3563 1573 3619 licito
1589 3561 1778 3618 matrimonio

73 3651 684 3722 nantessoniinvicemsusvitcrresonant:
697 3660 900 3731 unusquidem
956 3656 1118 3730 copulatos,
1134 3661 1185 3713 aut
1206 3656 1261 3712 sub
1277 3654 1457 3711 continentia
1473 3654 1570 3709 debita
1584 3651 1678 3710 vivere
1702 3653 1778 3724 (qun

72 3757 163 3803 sonus
193 3741 393 3817 superinniti
422 3748 467 3802 est
495 3743 707 3817 spiritualiter,
735 3747 808 3804 alter
834 3765 902 3806 vero
956 3748 1014 3804 Deo
1038 3751 1118 3802 tanto
1144 3745 1288 3818 acceptior
1311 3747 1490 3816 est,quanto
1513 3742 1634 3799 liberius
1655 3741 1779 3798 relaxari

72 3828 208 3913 interius,
221 3822 253 3888 id
280 3835 327 3888 ast
354 3832 542 3891 seculariter.
557 3834 658 3909 Neque
679 3835 757 3892 enim
783 3836 844 3893 ulla
868 3839 902 3894 fit
956 3840 1062 3909 potest)
1077 3834 1121 3890 val
1137 3851 1269 3907 prorsus,
1280 3833 1338 3889 vita
1348 3831 1480 3888 saeculari
1494 3831 1604 3902 relicta,
1615 3847 1667 3904 pro
1680 3845 1778 3887 amors

71 3919 274 4003 consonantis,
292 3920 349 3987 nisi
366 3936 401 3979 ex
422 3921 521 3995 aliqua
534 3923 645 3981 suimet
659 3924 809 3980 distantia.
955 3925 1007 3981 Dei
1022 3924 1168 3980 desideria
1182 3924 1278 3980 carnis
1293 3927 1398 3979 cuncta
1412 3922 1559 3993 respuisse
1571 3922 1705 3977 audiunt.

94 4011 213 4093 ,lingna
227 4008 316 4077 etiam
333 4009 391 4069 dici
406 4014 502 4084 potest
519 4013 721 4082 consonantia,
738 4014 851 4071 Veteris
867 4032 901 4073 ac
991 4014 1156 4071 Probantur
1175 4018 1203 4068 et
1227 4011 1310 4068 aliter
1325 4012 1453 4084 virgines
1470 4019 1557 4084 atque
1572 4011 1722 4083 conjuges.
1738 4011 1778 4066 Eo

69 4095 145 4153 Novi
160 4097 341 4167 Testamenti
356 4101 569 4163 convenientia.
585 4101 647 4158 Nisi
662 4102 740 4159 enim
757 4103 786 4158 in
802 4103 898 4163 Veteri
955 4103 1074 4175 quidem
1090 4103 1176 4158 modo
1191 4101 1330 4173 virgines,
1346 4103 1370 4156 si
1390 4102 1542 4156 attendant
1563 4105 1689 4173 quantas
1711 4116 1777 4173 gra-

67 4184 214 4257 prsedicts
236 4187 343 4258 inisset
356 4188 452 4271 gratis
466 4188 547 4261 Novi,
564 4207 650 4247 nemo
678 4208 728 4264 per
753 4191 841 4249 tidem
869 4193 899 4249 in
954 4192 1062 4248 tiarum
1077 4191 1206 4247 actiones
1222 4195 1278 4247 Deo
1294 4208 1346 4263 pro
1360 4191 1415 4247 hoc
1430 4191 1554 4247 debeant
1569 4191 1658 4263 quod,
1675 4206 1725 4247 eos
1740 4190 1775 4245 ad

65 4273 423 4359 Nessonisisaeteatvari
436 4301 444 4349 ἦ
457 4277 900 4354 quiaomniaitdeiargumenta
954 4279 1202 4338 sublimissimum
1229 4279 1406 4352 virginitatis
1431 4281 1556 4352 gradum
1581 4295 1632 4351 per
1650 4279 1776 4351 inspira-

66 4363 107 4437 ab
137 4363 376 4433 antecedentibus
400 4367 490 4435 rebus
515 4371 900 4444 suntassumenda.tlt,ut
954 4370 1043 4426 tionis
1069 4386 1128 4425 sua
1153 4371 1277 4442 gratiam
1307 4369 1429 4441 eligens,
1446 4371 1482 4424 ab
1506 4368 1670 4423 innumeris
1686 4368 1777 4440 hujus

66 4455 196 4525 mactus
212 4451 369 4537 Gregorius
394 4455 475 4530 dicit,
492 4457 681 4538 sequentium
699 4475 797 4517 rerum
814 4462 897 4517 certi·
953 4458 1053 4515 saculi
1077 4458 1204 4514 miseriis
1231 4458 1428 4530 periculisque
1447 4459 1557 4529 eripere
1573 4457 1712 4529 dignutus
1727 4456 1776 4521 sit,

68 4539 145 4607 iudo
154 4541 424 4615 praterinmmast
435 4544 753 4621 exhibitioUtrumque
762 4549 852 4623 igitur
862 4552 898 4607 ad
915 4559 938 4625 Ι)
955 4565 1021 4613 curu
1033 4547 1176 4620 plurimos
1187 4548 1216 4602 in
1231 4548 1341 4604 eisdem
1354 4546 1480 4603 miseriis
1491 4546 1601 4618 positos
1613 4545 1773 4616 reliquerit.

68 4628 152 4689 aliud
167 4630 421 4699 relatum-iactum
446 4638 492 4691 est
513 4634 603 4692 nimis
628 4653 810 4709 consonum,
829 4641 900 4712 quia
952 4637 1016 4693 Non
1030 4636 1126 4693 solum
1142 4642 1240 4693 autem
1256 4637 1394 4710 virgines,
1410 4637 1460 4692 sed
1478 4634 1565 4691 etiam
1588 4651 1689 4690 omnes
1713 4634 1775 4706 qui,

67 4718 170 4785 omnis
196 4737 260 4796 qun.
286 4721 318 4780 in
342 4721 419 4781 Novo
435 4740 487 4796 par
501 4725 660 4783 adrentum
674 4727 789 4785 Domini
806 4730 899 4786 nostri
954 4726 984 4782 in
1000 4742 1175 4799 quacunque
1185 4730 1268 4781 aetate
1281 4725 1379 4797 positi,
1390 4725 1426 4780 ad
1442 4723 1622 4780 sublimioris
1635 4723 1777 4796 propositi

66 4806 141 4869 Jenu
154 4803 264 4875 Christi
279 4815 351 4875 sunt
371 4812 502 4887 impleta,
517 4814 548 4871 in
562 4814 659 4872 Veteri
675 4834 727 4889 per
742 4819 901 4893 prophetas
955 4831 1052 4872 arcem
1061 4814 1244 4888 perveniunt,
1251 4814 1351 4870 eodem
1360 4814 1446 4869 modo
1455 4814 1625 4885 probantur.
1633 4815 1778 4886 conjuges

65 4895 115 4953 sel
130 4901 269 4973 mysticas
284 4918 384 4963 rerum
410 4902 524 4977 species
547 4904 665 4963 fucrant
689 4909 838 4980 praedicta.
855 4908 900 4966 Ibi
954 4922 1035 4972 vero,
1045 4920 1205 4975 omnesque
1216 4904 1245 4959 in
1257 4902 1388 4959 seculari
1398 4903 1457 4958 vita
1467 4905 1629 4973 constituti,
1642 4905 1668 4960 si
1683 4909 1775 4961 atten-

67 5004 199 5069 namqnq
210 4982 510 5071 ajaaiacaraatinihi
521 4993 796 5071 ejus-passi0,illius
806 5017 901 5058 resur,
954 4996 1026 5051 daut
1041 4998 1151 5066 quanta
1165 4993 1260 5066 gratia
1282 4994 1320 5050 sit
1342 4995 1419 5065 quod
1442 4992 1486 5050 vel
1502 4994 1650 5067 aliquibus
1665 4994 1776 5051 deliciis

68 5079 161 5138 rectio
183 5085 211 5140 et
225 5081 361 5149 aaronem
377 5100 384 5140 :
411 5080 499 5140 etiam
514 5083 613 5141 omnia
628 5102 694 5159 qua
709 5087 745 5143 ab
761 5088 898 5147 tncarna-
953 5083 1124 5157 temporalis
1138 5083 1202 5138 vita
1218 5081 1279 5138 ulla
1292 5082 1408 5155 pietatis
1418 5082 1521 5138 divinae
1537 5083 1653 5139 licentia
1663 5082 1777 5139 valeant

68 5168 151 5239 tinne
162 5170 280 5241 Domini
295 5189 391 5247 usque
413 5173 449 5235 ad
474 5190 614 5249 presens,
631 5179 659 5232 et
674 5192 737 5249 qua
752 5177 783 5232 in
799 5178 898 5237 tuturo
954 5174 996 5230 sic
1010 5174 1064 5240 uti,
1077 5176 1109 5228 ut
1123 5175 1220 5228 tamen
1236 5172 1399 5228 abstersae
1414 5172 1604 5228 beatitudinis
1620 5171 1774 5245 participa-

68 5257 188 5330 uculo,
199 5262 349 5334 eveniunt,
364 5262 505 5335 leguntur
519 5267 571 5319 aut
585 5268 683 5336 aperte
698 5267 838 5337 praedicta
852 5269 898 5327 vel
951 5263 1031 5319 tiana
1055 5279 1113 5319 non
1138 5261 1349 5329 excludantur3
1380 5279 1446 5318 cum
1477 5261 1613 5332 plurimis
1641 5262 1775 5320 videatur

67 5350 167 5421 typice
180 5352 377 5427 praetigurata.
393 5352 449 5410 Sed
476 5368 544 5411 eum
567 5352 771 5411 consideratur
786 5362 898 5428 quanta
951 5353 1124 5417 maximum,
1142 5353 1165 5408 si
1191 5368 1257 5407 cum
1278 5355 1448 5424 contemptu
1465 5367 1561 5406 rorum
1578 5350 1772 5426 secularium,

67 5430 312 5499 eomomatia'sit
327 5441 357 5499 in
373 5440 521 5515 predictis
536 5446 565 5499 et
579 5441 729 5514 imptetis;
745 5461 809 5516 qua
825 5461 895 5519 quo·
952 5459 1019 5497 cum
1038 5440 1212 5497 contritione
1237 5444 1266 5496 et
1291 5440 1447 5496 atssictione
1474 5440 1569 5496 carnis
1593 5457 1627 5498 ac
1651 5440 1773 5514 spiritns

67 5525 168 5599 quein
184 5528 297 5597 tuturis
309 5528 375 5602 flat,
389 5530 474 5599 tacite
501 5534 598 5605 potest
620 5532 737 5591 eredere
759 5532 895 5610 quisquis
951 5530 1108 5604 omnigena
1128 5534 1275 5603 postremo
1300 5547 1368 5586 cum
1392 5530 1552 5586 sevissimo
1568 5535 1672 5601 morte,
1689 5547 1760 5603 regn

69 5613 173 5691 tidelis.
950 5618 1074 5677 coelestis
1089 5619 1247 5693 participes
1266 5617 1329 5676 fieri
1344 5622 1521 5677 mereantur.
