3892 6096
119 280 176 343 stt
625 272 798 335 brunoni
819 272 996 335 MONACHl
1019 272 1050 333 S.
1074 268 1322 335 EMMCRAMMI
1761 272 1824 334 272

119 413 179 470 Hoc
193 412 281 468 modo
295 424 384 483 quam
399 405 668 479 plures,carnaliter
682 406 738 462 heu
756 406 761 460 t
778 405 938 479 sepientes,
953 409 981 477 Α
995 404 1129 477 Hie,quia
1147 404 1284 475 coelestis,
1300 403 1420 477 paribus
1431 416 1546 475 quoque
1573 402 1703 476 pascitur
1730 404 1809 463 escis

119 503 156 560 ut
168 501 274 559 Christi
291 513 397 555 nomen
412 497 587 553 verbotenus
601 495 787 568 accipientes,
996 493 1060 550 Tali
1076 510 1204 566 namque
1214 492 1310 562 modo,
1327 509 1449 549 necnon
1465 491 1556 549 simili
1567 493 1680 551 ratione

119 590 228 648 Auditu
243 593 357 645 tantum
378 587 540 643 decernunt
554 602 618 642 esse
633 584 800 658 legendum,
995 583 1067 639 Visa
1079 582 1124 640 val
1140 583 1242 640 audite
1257 582 1374 655 sapiens
1391 581 1547 656 praesentia
1562 585 1677 655 cuncta,

120 680 184 737 Non
197 678 381 735 attendentes
393 675 463 748 quia
477 673 586 730 Paulus
602 673 680 730 dicet
694 674 730 730 ad
747 688 868 731 omnes:
997 673 1064 738 Quae
1078 672 1227 744 bonejam
1242 670 1458 743 sentis,quibus
1474 675 1503 727 et
1513 669 1668 729 carnaliter
1680 671 1785 747 heres,

119 768 201 842 Legis
215 784 274 824 non
290 766 504 835 auditores,sed
520 781 584 820 eum
596 764 745 833 iacientes,
996 762 1116 834 Semper
1130 760 1159 817 id
1175 761 1292 818 adverte
1308 760 1378 832 quid
1394 759 1588 833 spiritualiter
1601 761 1708 818 edant:

117 858 152 914 tti
167 856 346 932 potiusjusti
361 857 518 912 censentur
532 853 569 909 ab
584 853 799 927 Omnipotente.
996 850 1042 906 Sic
1057 850 1145 906 etiam
1156 866 1245 907 sucre
1261 849 1417 922 Scriptura
1433 848 1591 923 {enigmata
1606 867 1738 923 queque.

115 945 359 1016 Quosinlrunitos
372 958 524 1016 nunquam
540 943 660 998 studeas
676 942 796 998 imitari.
996 940 1134 1004 Quamvis
1149 956 1302 1011 corporeas
1318 939 1348 993 in
1364 939 1406 994 cis
1422 939 1471 994 det
1483 938 1580 995 littora
1593 939 1703 997 formas

116 1037 192 1103 Quin
206 1035 267 1092 haec
283 1033 345 1091 sola
356 1034 413 1090 sibi
429 1032 468 1089 sit
482 1049 571 1088 eausa
585 1031 711 1104 legendi,
996 1029 1030 1085 Et
1045 1030 1097 1085 suh
1113 1029 1238 1085 terrenis
1253 1031 1393 1083 maneant
1406 1044 1546 1099 expressa
1561 1028 1675 1101 liguris,

115 1125 153 1183 Ut
172 1124 305 1181 facienda
319 1122 395 1180 scias
406 1125 435 1178 ct
450 1125 482 1177 ut
495 1120 556 1175 hec
570 1119 716 1192 operando
732 1119 852 1176 revisas.
996 1119 1039 1173 Ad
1057 1117 1120 1174 omli
1137 1117 1350 1190 regnum‚quod
1366 1115 1519 1188 spirituale
1534 1116 1685 1190 probetur,

117 1215 158 1272 Ne
170 1214 247 1287 quod
263 1212 338 1270 sciro
353 1212 440 1267 datur
454 1209 518 1277 tihi,
527 1208 674 1280 judicium
690 1213 846 1266 statuatur.
996 1207 1245 1264 Translormanda
1259 1209 1378 1262 manent
1393 1205 1422 1260 in
1438 1205 1560 1278 spiritus
1575 1206 1733 1280 agnitione.

382 1298 587 1356 CAPlTULUM
604 1298 664 1354 XII.
996 1297 1097 1353 (tarnis
1110 1296 1187 1352 enim
1204 1313 1310 1352 sensus
1324 1296 1400 1352 sicut
1415 1295 1566 1352 terrestria
1580 1296 1678 1366 sentit,

195 1398 236 1450 Dc
248 1390 389 1464 spirituali
404 1390 554 1461 Scriptura>
567 1404 652 1444 socrae
667 1387 866 1460 iotcliipeulio.
997 1385 1044 1441 Sic
1057 1384 1224 1442 intellectus
1239 1383 1337 1441 divina
1347 1384 1412 1441 luce
1426 1385 1552 1442 reiectus

117 1482 252 1555 Undique
267 1480 419 1552 falluntur,
432 1478 520 1535 etiam
536 1475 576 1533 nil
587 1477 662 1534 scire
677 1476 839 1549 probantur
995 1474 1089 1545 Atque
1105 1474 1178 1530 lidos
1202 1490 1276 1546 pura
1289 1473 1409 1546 sapiunt
1423 1473 1552 1531 coelestia
1561 1474 1650 1546 jura;

121 1571 175 1639 Qui
201 1571 303 1644 prisco>
317 1569 392 1642 legis
406 1567 450 1625 vel
466 1566 544 1623 dicta
559 1583 648 1623 socru
662 1564 798 1621 novitatis
995 1561 1041 1618 Nil
1056 1560 1195 1633 quonium
1207 1561 1238 1618 iu
1253 1561 1332 1618 coelis
1348 1562 1566 1619 substantivum
1582 1563 1734 1637 retinetur,

115 1659 228 1718 carnali
243 1664 359 1716 tantum
369 1674 458 1715 sensu
475 1656 652 1729 perpendere
669 1656 814 1727 querunt.
995 1652 1085 1723 Cujus
1099 1652 1128 1707 in
1144 1651 1199 1708 hoe
1216 1652 1326 1708 mundo
1342 1649 1494 1724 speculum
1510 1668 1568 1709 nou
1584 1652 1623 1710 sit
1635 1652 1680 1710 vel
1710 1652 1824 1728 imsgo,

115 1750 217 1807 Omnis
232 1748 383 1821 Scriptura
398 1746 468 1820 quia
478 1745 591 1802 coelitus
607 1744 766 1812 insinuate,
995 1741 1030 1797 ut
1044 1742 1080 1797 de
1100 1740 1337 1813 consimili,quod
1351 1757 1410 1796 non
1425 1741 1519 1814 possit
1533 1740 1678 1815 speculari

116 1837 356 1907 Quamvispmne
366 1851 459 1908 genus
474 1837 608 1889 assumat
621 1833 658 1889 ab
674 1832 816 1889 exteriori.
996 1830 1074 1886 Inter
1087 1829 1213 1885 carnalis
1227 1829 1384 1903 enigmata
1399 1829 1585 1899 conditionis,

118 1926 156 1983 Ut
169 1944 221 2000 per
235 1923 351 1981 carnale
366 1925 468 1980 doceat
482 1939 537 1979 nos
552 1921 715 1994 spirituale,
997 1919 1135 1983 Quamvis
1151 1919 1280 1992 perpigri
1296 1935 1349 1975 nos
1364 1918 1458 1975 simus
1473 1919 1510 1975 ud
1525 1919 1579 1975 hoc
1594 1920 1822 1992 speculandum.

115 2016 159 2072 tto
170 2015 298 2088 speciem
311 2012 404 2069 nostri
419 2011 515 2069 solum
530 2012 618 2067 detur
632 2011 789 2082 interioris,
997 2009 1053 2065 Sed
1069 2025 1106 2064 ne
1121 2009 1198 2080 quod
1215 2009 1308 2064 relero
1324 2007 1451 2064 dubitari
1462 2009 1556 2080 possit
1574 2009 1611 2065 ab
1626 2008 1698 2081 ullo,

117 2105 171 2170 Qui
187 2106 344 2160 renovatus
359 2103 448 2158 homo
463 2100 580 2158 Domini
589 2106 633 2156 est
648 2099 939 2173 plasmantisimago,
995 2096 1145 2160 Quoddam
1157 2113 1209 2170 pro
1220 2097 1339 2170 speculo
1355 2111 1449 2170 genus
1464 2096 1588 2171 exempli
1604 2097 1767 2171 perhibebo

112 2197 207 2266 Atque
217 2210 268 2266 per
282 2192 362 2248 hunc
377 2189 677 2247 cunctadecernimus
692 2188 852 2258 exteriora3
995 2185 1048 2242 Per
1058 2186 1207 2258 quodjam
1223 2187 1329 2243 melius
1345 2187 1481 2260 cognosci
1497 2190 1601 2244 cetera
1610 2193 1758 2262 possunt:

116 2281 190 2339 Num
207 2280 270 2339 coli
280 2296 485 2355 regnum,cum
497 2285 580 2336 terres
595 2279 634 2335 sit
646 2278 821 2346 similatum,
994 2275 1057 2331 Scis
1073 2275 1230 2331 Dominum
1244 2278 1328 2331 terrae
1344 2275 1447 2332 merito
1462 2293 1479 2332 a
1494 2276 1620 2349 propriis
1629 2279 1776 2352 venerari,

115 2372 150 2428 lit
166 2387 294 2444 praeseus
309 2370 367 2427 vita
381 2373 509 2426 venturu
525 2368 564 2424 sit
580 2368 664 2440 quasi
680 2368 784 2433 lorma,
994 2363 1077 2420 Haud
1093 2380 1177 2421 secus
1188 2369 1216 2420 et
1228 2368 1340 2436 patrem
1351 2369 1535 2438 matremque
1547 2365 1609 2422 suis
1625 2368 1825 2426 venerandos?

116 2460 237 2533 Mystico
252 2458 386 2532 signatur
400 2456 543 2530 quidquid
558 2456 668 2511 mundo
684 2454 865 2522 famulatur3
995 2453 1049 2517 Qui
1064 2457 1173 2521 tamen,
1188 2453 1223 2508 ad
1239 2454 1349 2510 summi
1364 2458 1468 2510 nutum
1482 2455 1576 2511 Petris
1591 2457 1776 2531 aequiparati,

115 2549 187 2605 Tam
204 2551 272 2603 note
284 2546 425 2603 librorum
437 2561 526 2617 quam
538 2548 644 2600 cuncte
659 2543 765 2599 creatio
782 2559 890 2613 rerum,
993 2541 1039 2597 Nil
1050 2541 1129 2598 aliud
1141 2559 1211 2599 sane
1227 2547 1362 2599 constant
1376 2543 1527 2615 speculum
1543 2544 1600 2601 nisi
1616 2545 1768 2618 quoddam

119 2637 177 2694 Nec
192 2652 250 2709 quo
265 2634 391 2692 carnalis
402 2638 537 2706 aspectus
550 2632 670 2689 tendere
685 2631 778 2703 quibit
995 2631 1138 2687 Omnibus
1154 2631 1333 2704 appositum,
1349 2632 1463 2690 cunctis
1479 2632 1507 2689 in
1524 2634 1610 2690 corde
1623 2636 1784 2694 statutum.

115 2725 329 2782 Interiorvisus
344 2723 413 2779 illuc
428 2722 632 2778 tantummodo
648 2720 749 2788 debet;
994 2720 1131 2793 Nunquid
1148 2720 1306 2789 nescimus,
1322 2721 1455 2794 nunquid
1471 2724 1579 2780 sentire
1594 2723 1766 2797 nequimus,

116 2815 171 2872 Sed
188 2830 239 2887 per
253 2812 405 2870 historiam
421 2828 535 2884 semper
551 2814 631 2865 notot
646 2808 824 2882 allegoriam.
995 2810 1057 2874 Qua
1071 2810 1183 2866 ratione
1197 2815 1273 2866 Deus
1289 2810 1353 2866 cccli
1367 2814 1509 2883 terreque
1519 2811 1647 2887 Creator,

118 2902 202 2959 Nunc
215 2902 285 2975 quid
302 2902 453 2974 presentis
468 2900 508 2955 sit
518 2898 691 2971 significatio
708 2897 810 2954 mundi
994 2898 1099 2954 Omnia
1113 2899 1308 2970 complectens
1324 2904 1353 2955 et
1367 2903 1462 2956 totum
1473 2901 1593 2957 numine
1608 2901 1737 2976 replens,

117 2990 153 3045 Et
167 2989 237 3062 quid
253 2988 409 3060 Scripturas
424 2987 536 3059 species
551 2986 612 3041 hec
627 2985 731 3042 intima
744 3002 843 3055 sacras,
994 2986 1133 3043 Debeata
1149 2987 1274 3060 propriis
1285 2991 1391 3045 satura
1405 2988 1490 3045 luctis
1506 2990 1651 3059 venerari,

117 3077 159 3134 De
176 3095 235 3150 qua
249 3093 345 3133 sermo
360 3076 467 3150 egitur,
485 3076 562 3148 quod
573 3075 688 3147 planius
703 3074 846 3130 efficiatur
993 3075 1022 3130 si
1038 3076 1094 3130 fixa
1111 3076 1217 3132 mentis
1233 3077 1294 3132 acie
1308 3077 1423 3134 novisse
1438 3078 1598 3150 pmbamur

118 3165 289 3239 Exemplum
306 3166 453 3238 quoddam
464 3165 536 3220 sotis
550 3162 712 3220 enarrabile
722 3180 849 3236 ponam:
954 3153 976 3220 C
995 3165 1075 3231 Quod
1093 3165 1206 3221 lactura
1217 3166 1273 3221 sibi
1289 3166 1331 3221 sic
1346 3165 1518 3223 alterutrum
1533 3166 1699 3226 veneranda
1713 3173 1759 3228 est

117 3255 191 3311 Ecce
205 3254 285 3311 vides
296 3253 376 3310 nasci
391 3252 490 3326 paleas
506 3269 572 3308 eum
588 3252 720 3325 germine
735 3253 816 3325 grani
833 3271 840 3320 ;
995 3256 1066 3322 Hoc,
1081 3252 1148 3310 licet
1163 3254 1288 3310 exterius
1305 3254 1334 3311 in
1349 3255 1433 3312 lectis
1449 3255 1681 3331 dissimulemus,

117 3348 254 3400 Attamen
266 3343 354 3399 unius
369 3359 507 3415 pressura
522 3342 602 3398 uliud
619 3342 796 3398 moderatur.
995 3343 1120 3399 Interius
1135 3348 1211 3399 certe
1226 3343 1311 3400 nobis
1325 3349 1428 3401 notum
1443 3345 1477 3401 llt
1491 3350 1600 3418 aperte,

117 3432 255 3505 Nunquid
270 3448 337 3488 cum
353 3430 445 3504 paleis
455 3431 568 3487 comedi
585 3431 729 3487 frumenta
744 3430 887 3503 parabis?
994 3432 1024 3488 Si
1039 3436 1133 3488 tumen
1152 3449 1216 3489 esse
1230 3438 1320 3490 Deum
1336 3434 1541 3506 cognoscimus
1555 3440 1644 3508 etque
1675 3437 1817 3496 latemur.

115 3523 198 3588 Quod
212 3525 291 3594 potet
305 3520 485 3588 atteritur,ut
499 3520 576 3591 quod
592 3521 663 3575 latet
685 3518 754 3574 hinc
774 3524 938 3577 renovetur.
994 3519 1067 3576 Hinc
1082 3525 1126 3577 est
1141 3522 1218 3594 quod
1236 3521 1386 3592 Dominus,
1400 3520 1609 3579 cmlestiadans
1638 3522 1817 3597 rudimenta,

115 3611 303 3682 Sic,quirpcr
313 3608 411 3681 paleas
426 3607 550 3666 carnalis
564 3607 624 3663 vita
638 3611 766 3676 notatur,
994 3608 1147 3681 Proposuit
1158 3615 1263 3666 cuncta
1281 3626 1332 3683 per
1347 3614 1456 3666 l'ormas
1469 3611 1675 3683 parabolarum
1687 3629 1695 3682 3

116 3699 153 3755 Et
166 3698 250 3772 grani
265 3697 359 3754 titulis
374 3697 509 3770 signatur
523 3695 696 3769 spiritualis.
993 3697 1110 3755 Scilicet
1126 3704 1158 3755 nt
1176 3699 1254 3755 notis
1269 3703 1424 3772 exponeret
1438 3699 1498 3756 alta
1512 3699 1615 3773 figuris

116 3788 244 3861 Spiritus
257 3803 325 3860 ergo
336 3787 415 3843 intre
425 3784 531 3859 patule
546 3784 616 3841 latet
630 3785 731 3841 abdita
745 3786 842 3842 carnis
993 3787 1053 3843 Hoc
1069 3787 1158 3843 simul
1174 3787 1298 3862 aenigma
1312 3788 1432 3845 dictavit
1443 3805 1495 3861 per
1509 3805 1564 3845 sua
1579 3789 1674 3863 signa,

116 3875 251 3938 Quolibet
265 3881 297 3931 ut
311 3890 437 3949 granum
452 3873 508 3931 sub
523 3873 684 3930 visceribus
699 3875 860 3947 palearum.
993 3877 1060 3940 Quas
1072 3877 1113 3933 sic
1128 3877 1254 3934 exterius
1270 3877 1404 3933 mirando
1419 3877 1524 3934 lecerat
1537 3894 1603 3946 usu,

116 3964 153 4019 Ni
167 3980 233 4020 caro
248 3968 373 4032 terrena,
387 3963 464 4019 vitiis
475 3961 623 4019 natalibus
638 3967 701 4019 orta
993 3965 1030 4022 Ut
1043 3971 1141 4023 tamen
1156 3966 1280 4024 interius
1294 3967 1404 4023 lerrent
1417 3965 1506 4023 aliam
1517 3967 1672 4035 rationem,

117 4053 184 4118 Ques
198 4068 249 4125 per
262 4052 329 4107 Adae
343 4050 459 4124 culpam
475 4050 589 4107 cunctis
600 4052 772 4110 mortalibus
783 4054 903 4124 haercnt,
993 4054 1054 4119 Qua
1066 4055 1143 4112 volut
1157 4055 1186 4111 in
1202 4055 1320 4127 speculo
1335 4055 1486 4112 studiosus
1502 4055 1630 4129 quisque
1642 4053 1752 4114 videbit

117 4145 215 4198 Instar
228 4142 386 4198 aristarum
402 4158 570 4214 pressuram
582 4142 646 4213 jam
662 4143 789 4214 patiatur
994 4145 1144 4211 Quomodo
1159 4149 1287 4200 venturu
1299 4160 1428 4217 presens
1442 4145 1501 4202 rita
1515 4143 1710 4215 assimiletur,

115 4231 151 4288 tut
165 4229 318 4288 desiderils
332 4230 499 4287 carnalibus
509 4230 556 4286 hie
571 4231 723 4301 moriatur,
993 4232 1063 4289 Inde
1077 4233 1165 4291 etiam
1180 4237 1279 4290 vatum
1295 4232 1515 4307 quamplurima
1529 4234 1605 4291 dicta
1620 4234 1741 4307 piorum

114 4321 158 4377 Ad
174 4337 255 4394 spem
271 4320 430 4377 mandendi
445 4319 561 4377 venient
575 4320 675 4376 minus
689 4320 794 4377 intima
807 4321 900 4394 grani,
993 4320 1163 4392 Mysterium
1179 4320 1242 4377 coeli
1257 4321 1433 4394 depromunt
1443 4320 1650 4394 parabolatim.

119 4410 179 4467 Hoc
189 4411 283 4477 est,ad
298 4410 428 4483 requiem
444 4410 532 4466 flatus
547 4409 649 4481 nequit
662 4409 705 4466 ire
718 4426 888 4482 perennem,
992 4408 1064 4465 Hinc
1078 4415 1106 4466 ct
1120 4409 1230 4465 Paulus
1245 4410 1286 4466 ait
1301 4423 1308 4465 ε
1325 4410 1447 4482 Speculo
1462 4428 1542 4468 nunc
1553 4408 1768 4469 cernimusilla

118 4499 180 4564 Qun
194 4499 279 4556 cibus
294 4503 339 4556 est
354 4497 480 4568 Domini,
494 4497 630 4570 quisquis
645 4497 807 4570 pervenerit
820 4497 900 4555 illue.
952 4500 1059 4587 DQuoe
1073 4498 1146 4555 lucie
1156 4499 1191 4554 ad
1204 4498 1306 4554 taciem
1322 4500 1499 4572 quandoque
1513 4499 1611 4556 videre
1635 4500 1800 4571 meremur,

113 4589 181 4654 Qus
196 4588 309 4661 loquor,
325 4589 459 4656 attende,
476 4603 538 4660 quae
552 4586 888 4654 testificor,memorere:
993 4587 1158 4659 Nam,quod
1174 4586 1215 4643 ait
1229 4587 1392 4661 speculum,
1408 4605 1537 4661 presens
1551 4586 1684 4661 intelligo
1697 4586 1821 4646 s'seolum

113 4680 169 4733 Cur
184 4677 273 4735 simul
293 4683 407 4734 exortus
423 4692 573 4734 secernere
588 4676 691 4733 niteris
705 4676 835 4734 herbas?
992 4677 1073 4741 Quod
1086 4675 1314 4749 velutimpresso
1331 4677 1477 4734 similatur
1491 4694 1557 4734 cere
1571 4675 1679 4750 sigillo,

113 4765 179 4822 Jarn
194 4766 278 4822 cibus
294 4783 361 4838 ergo
377 4771 459 4835 tuus,
474 4766 579 4823 triture
591 4765 802 4838 purificandus,
992 4765 1028 4822 Ut
1042 4782 1131 4838 supra
1147 4765 1216 4834 dixi,
1233 4782 1322 4839 reguo
1338 4768 1486 4823 confertur
1500 4766 1610 4840 olympi
1627 4783 1635 4822 ε

113 4852 302 4925 Qnamplana
317 4854 411 4926 specie
425 4854 606 4911 demonstrat
624 4854 817 4927 significando
991 4855 1025 4910 nt
1039 4854 1145 4911 Christi
1156 4871 1290 4928 regnum,
1307 4856 1385 4927 quod
1400 4858 1515 4913 constat
1528 4855 1738 4929 vituperandi,

113 4941 164 5012 Te,
175 4941 227 5014 qui
243 4941 368 5013 peccatis
382 4948 538 5014 conceptus
553 4946 640 4998 natus
656 4942 774 5001 haberis
990 4946 1029 4998 Ut
1042 4942 1148 5015 lapidis
1164 4943 1281 4998 firmum
1293 4959 1409 5016 semper
1423 4944 1529 5001 durare
1548 4942 1693 5016 sigillum.

116 5030 150 5087 m
165 5029 286 5104 posthac
301 5030 400 5085 forsan
411 5026 548 5101 delapsus
563 5046 595 5086 es
610 5031 645 5085 ad
662 5031 740 5087 mala
753 5031 855 5105 multa,
990 5032 1046 5088 Sed
1059 5048 1111 5088 nec
1123 5032 1153 5086 in
1168 5031 1281 5088 interno
1293 5033 1511 5090 substantivum
1527 5033 1596 5105 quid
1621 5030 1753 5090 habetur

112 5119 180 5184 Onu
195 5135 253 5176 non
269 5126 374 5176 natura
388 5118 548 5186 victus,sed
563 5123 667 5190 sponte
685 5121 816 5193 gerebas,
989 5121 1079 5192 Cujus
1093 5120 1124 5175 in
1139 5120 1194 5176 hac
1204 5119 1262 5176 vita
1277 5121 1315 5177 sit
1330 5138 1387 5177 non
1401 5120 1588 5193 aliquatenus
1603 5120 1724 5178 umbre.

110 5209 154 5264 Ad
167 5224 279 5265 coenam
295 5206 411 5263 Domini
426 5205 534 5279 pariter
548 5206 653 5263 debere
673 5211 779 5280 parari,
989 5210 1063 5267 Nam
1079 5225 1200 5265 cernens
1214 5210 1350 5266 umbram
1366 5210 1485 5267 dubitas
1500 5210 1560 5266 lore
1575 5208 1708 5282 corporis
1718 5208 1825 5268 illam?

112 5295 141 5351 Si
155 5299 253 5352 tamen
269 5296 349 5352 illius
364 5311 472 5352 mense
486 5295 569 5369 cupis
578 5295 726 5353 associari.
990 5299 1038 5355 Sic
1050 5313 1167 5370 quoque
1182 5303 1356 5371 presentem
1370 5298 1429 5355 noli
1445 5299 1579 5356 dilltdere
1593 5296 1746 5355 mundum

111 5385 186 5445 Nam
202 5403 253 5443 ceu
270 5391 302 5442 tu
313 5384 409 5442 lautus
425 5385 532 5457 quoeris
551 5384 710 5442 ferventius
722 5403 814 5458 escas,
989 5389 1025 5445 ut
1039 5388 1104 5444 vitre
1119 5391 1148 5443 et
1160 5389 1263 5444 mortis
1278 5387 1402 5445 formam
1413 5392 1528 5461 gestare
1543 5378 1692 5461 pereu'nis.

110 5475 158 5534 Sic
173 5491 222 5533 cor
236 5476 393 5533 contritum
409 5481 484 5532 Deus
500 5473 588 5548 exigit
603 5474 632 5529 in
648 5473 862 5534 holocaustum.
989 5479 1041 5535 Hic
1059 5477 1215 5549 utriusque
1231 5476 1331 5534 schola
1346 5478 1520 5549 discendi,et
1534 5492 1613 5533 nunc
1628 5474 1686 5533 erit
1706 5475 1782 5536 hora

111 5567 240 5641 Tu,quia
253 5571 396 5639 terrenus,
406 5566 538 5627 carnutes
553 5562 652 5639 diligis
666 5579 744 5636 esus,
989 5567 1022 5625 ln
1039 5582 1097 5640 qua
1112 5565 1238 5641 quisque
1252 5566 1330 5641 legat
1341 5569 1418 5641 quod
1433 5583 1465 5628 se
1480 5583 1597 5643 semper
1609 5565 1681 5627 vettt
1694 5566 1774 5631 asse.
