3892 6096
119 272 198 333 tlte
737 275 930 337 ANNALES.
953 308 992 320 -
1018 276 1082 336 etl.
1108 276 1198 336 1013.
1740 280 1820 343 ltro

117 419 149 460 ss
164 401 323 459 abdicaret.
339 403 421 470 Quod
431 402 480 461 ille
490 401 570 461 nulle
580 403 692 462 ratione
705 407 740 450 ⁰¹⁸
750 421 781 462 se
792 405 938 462 lecturum
953 410 981 475 Α
995 422 1047 462 cus
1060 407 1096 442 ⁹³⁸
1108 421 1224 474 comes;
1238 411 1302 463 tum
1318 404 1423 479 vulgus
1447 405 1648 479 promiscuum
1672 424 1763 484 snpra
1780 411 1817 467 60

117 492 345 566 protestabatur,
373 493 489 550 etiamsi
513 493 569 550 sibi
592 493 732 565 quicquid
756 494 848 550 atatis
872 492 938 550 reli·
995 495 1076 551 milia
1091 497 1162 563 erat,
1179 495 1229 567 qui
1247 496 1282 551 ad
1295 494 1528 557 asserendam⁰⁸t
1538 495 1703 554 libertatem
1718 499 1818 571 patrie

115 596 210 653 quum
225 585 303 637 esset
316 580 345 637 in
361 581 537 639 custodiret
552 581 581 636 in
606 580 730 638 vinculis
752 581 939 654 exigendum,
994 583 1131 656 legesque
1145 584 1270 640 tuendas
1285 583 1509 658 promptissimo
1524 583 1622 642 enimc
1632 601 1739 643 manus
1754 603 1820 661 ope·

115 669 230 725 etiamsi
245 687 296 742 per
310 687 413 728 omnes
428 669 574 727 cruciatus
589 675 618 726 st
633 687 684 743 per
706 671 805 727 omnia
828 668 940 743 suppli·
994 688 1117 744 remque
1133 688 1218 728 suem
1234 671 1454 745 promittebant.
1467 676 1502 729 st
1512 688 1578 730 vere
1588 672 1731 732 divinitus
1740 674 1820 732 obla·

113 758 229 815 ciorum
245 775 352 832 genere
366 759 466 815 anima
485 759 620 831 ponenda
634 762 721 815 essct.
747 758 879 831 Cumque
895 758 939 814 ni·
993 763 1053 816 tem
1069 759 1126 815 sibi
1141 775 1207 816 esse
1229 760 1252 802 ⁹³
1269 760 1453 818 occasionem
1480 760 1626 832 dicebant,
1642 779 1700 835 qua
1711 763 1818 837 jugum

116 847 156 903 hil
171 845 206 886 ⁹¹⁸
224 847 426 921 supplicando,
442 847 517 903 nihil
540 848 695 921 pecuniam
717 851 804 920 atque
826 846 941 903 inllnita
995 847 1190 920 iniquissima
1200 848 1410 907 dominationis
1426 866 1443 906 a
1457 849 1619 908 cervicibus
1630 852 1692 908 suis
1702 856 1818 909 excute·

114 935 226 1008 pradia
239 937 396 1004 oll‘erendo,
412 935 485 991 nihil
509 952 564 992 sue
578 936 696 1008 utrique
709 935 745 970 ⁹²⁰
760 951 829 1009 erge
842 935 940 1008 ipsum
995 943 1068 994 rent.
1085 937 1148 994 Dux
1163 938 1292 994 Saxonis
1310 939 1435 994 necdum
1458 938 1566 1011 aliquis
1589 939 1768 998 constitutus
1783 939 1818 986 θ’·

114 1029 476 1099 regematquecrgersm
499 1025 647 1097 publicam
663 1023 757 1080 multa
778 1025 941 1096 saepebsne
995 1026 1100 1095 luerat,
1125 1027 1204 1100 quia,
1236 1026 1313 1085 sicut
1341 1044 1431 1100 supra
1458 1032 1654 1085 memoratum
1680 1033 1734 1100 est,
1759 1031 1818 1087 dux

115 1113 222 1168 merita
241 1113 508 1183 commemorando,
534 1113 717 1184 proficerent,
742 1113 779 1169 nd
802 1112 940 1169 ultimum
995 1114 1060 1170 Otto
1075 1114 1163 1187 paulo
1180 1119 1247 1171 ante
1261 1116 1401 1172 humanis
1417 1117 1504 1173 rebus
1518 1121 1681 1174 excesserat
1694 1122 1725 1174 et
1739 1117 1819 1177 illiue

116 1200 185 1257 Otto
195 1201 254 1257 dux
268 1201 416 1272 quondam
433 1200 573 1273 Bejonrie
588 1218 619 1257 ss
636 1201 733 1275 ipsum
749 1200 809 1275 regi
824 1200 939 1271 obtulit,
995 1203 1059 1275 ejus
1074 1203 1108 1241 ⁸³⁸
1123 1204 1258 1277 Magnus,
1274 1203 1320 1261 cui
1336 1206 1460 1261 ducatus
1478 1204 1611 1278 legitime
1634 1206 1821 1264 successione

115 1288 939 1362 quamdinvelletinvincnlisirnbendum,stemniaeus,
996 1292 1156 1349 debebatur
1170 1293 1256 1366 (310),
1282 1292 1378 1350 adhuc
1402 1293 1432 1350 in
1451 1292 1570 1351 castello
1593 1294 1773 1369 Harteeburg
1786 1295 1821 1337 ⁸⁴⁰

114 1380 270 1451 tamquam
286 1377 375 1451 priori
390 1379 580 1435 conventione
596 1378 668 1435 nihil
679 1382 780 1436 actum
791 1382 878 1452 esset,
889 1396 941 1452 pro
996 1380 1112 1438 deditus
1128 1381 1307 1439 servabatur.
1325 1383 1360 1438 Et
1370 1382 1440 1454 quia
1451 1398 1501 1438 rex
1513 1382 1544 1439 in
1558 1383 1636 1442 bona
1646 1383 1711 1456 ejus
1724 1383 1819 1441 inhia·
1876 1384 1880 1390 ’

115 1467 261 1524 arbitratu
275 1483 329 1523 suo
345 1465 558 1537 distribuenda,
571 1469 731 1524 dummodo
743 1468 940 1541 propinquum
995 1473 1085 1538 verat,
1095 1471 1124 1525 id
1137 1469 1298 1542 prestulari
1309 1470 1478 1544 putabatur,
1492 1475 1526 1527 ut
1536 1470 1680 1529 melorum
1693 1472 1821 1545 pondere

116 1570 219 1625 suum,
231 1556 282 1628 qui
297 1555 359 1613 solo
375 1572 496 1613 suerum
507 1557 636 1629 partium
646 1557 745 1614 studio
755 1557 857 1614 ineam
868 1555 943 1613 cela·
996 1574 1029 1614 ac
1043 1557 1137 1632 longae
1153 1558 1316 1617 dedicionis
1330 1560 1418 1615 taedio
1440 1558 1581 1634 fatigatus
1596 1559 1674 1619 ultro
1683 1560 1752 1632 J'ure
1766 1576 1820 1618 suo

116 1642 249 1700 mitatem
275 1644 439 1714 devenerat,
465 1645 616 1702 dedicione
639 1645 812 1703 absolveret.
823 1645 865 1701 Ad
879 1645 941 1700 hesc
996 1647 1111 1703 cederet
1124 1653 1154 1703 et
1176 1647 1317 1713 ducatum
1340 1648 1388 1705 cui
1412 1664 1462 1704 rex
1476 1648 1509 1684 ⁹⁵¹
1524 1647 1666 1707 voluisset
1688 1649 1820 1707 dandum

114 1732 208 1789 ierim
223 1749 273 1790 rex
287 1737 368 1790 atrox
394 1733 483 1790 nimis
497 1734 614 1790 dedisse
639 1750 825 1806 responsum,
842 1733 941 1806 ipsum
957 1771 981 1836 B
996 1736 1177 1809 permitteret
1187 1736 1820 1811 ⁸⁶².LiemarusPremensiserchispiscopue,

114 1821 255 1879 etomnie
268 1839 331 1894 quas
355 1822 448 1896 ipsius
463 1828 563 1880 essent
572 1823 635 1894 jam
651 1822 765 1894 pridem
781 1821 943 1878 dedicionis
997 1824 1077 1898 Eppo
1092 1824 1245 1882 citicensis
1263 1825 1418 1899 epiecopus
1432 1829 1461 1882 et
1485 1826 1584 1882 Benno
1598 1826 1820 1901 osenbruggen-

111 1910 181 1983 jure
195 1911 224 1967 in
251 1915 424 1984 potestatem
449 1912 559 1985 regiam
586 1911 722 1983 cessisse,
747 1927 799 1967 nec
823 1927 890 1966 eum
906 1911 940 1951 ⁰²¹
998 1912 1039 1970 sia
1054 1913 1089 1951 ⁸⁸⁸
1104 1913 1271 1987 opiscopus,
1285 1914 1355 1987 quia
1378 1914 1407 1970 in
1432 1929 1620 1970 communem
1645 1915 1822 1971 sententiam

115 1998 230 2072 objecto
245 2000 395 2071 quondam
418 1999 540 2056 crimine
556 1999 652 2056 adhuc
668 2000 709 2056 ite
723 2003 893 2073 purgatum,
910 2002 943 2056 ut
996 2002 1092 2074 gentis
1106 2019 1165 2058 sue
1183 2002 1340 2060 concedere
1354 2002 1505 2073 nolebant,
1517 2004 1553 2061 de
1567 2003 1677 2061 linibus
1691 2003 1822 2062 Sexcuia

115 2088 163 2145 sui
177 2087 221 2145 vel
235 2089 270 2124 ⁰¹¹
287 2104 409 2146 suerum
423 2089 594 2161 rerumjnre
609 2088 742 2163 gentium
752 2087 940 2145 traditionem
996 2090 1125 2162 effugati,
1144 2092 1180 2146 ed
1197 2105 1295 2163 regem
1317 2108 1348 2148 se
1362 2091 1560 2160 contulerunt,
1577 2091 1664 2164 cique
1678 2096 1739 2149 toto
1753 2090 1822 2148 belli

115 2175 208 2233 ullam
223 2176 345 2234 liberam
362 2176 603 2234 haberettiavox
618 2177 721 2234 acerbe
736 2176 849 2250 prolate
864 2192 941 2233 acer-
995 2179 1085 2252 hvrjns
1101 2183 1232 2253 tempore
1247 2179 1391 2236 individui
1407 2180 1528 2237 comites
1542 2180 1740 2238 edisserunt.

113 2264 184 2322 bins
198 2270 244 2323 est
257 2271 385 2339 accepta,
401 2282 602 2340 magnumque
612 2266 671 2322 odii
682 2265 875 2323 seminarium
885 2265 941 2322 ira·
1030 2268 1097 2340 (101.
1113 2270 1194 2340 dep.)
1218 2267 1311 2341 Igitur
1334 2267 1449 2324 circiter
1470 2268 1506 2304 ⁹⁸⁸
1520 2267 1665 2325 Kalendae
1684 2267 1820 2341 Augusti,

115 2370 242 2427 rumque
256 2354 389 2411 tomitem
403 2355 593 2412 ministravit.
994 2356 1096 2412 adulte
1106 2358 1170 2429 J'am
1185 2356 1316 2429 setisque
1329 2356 1464 2413 roboreta
1479 2357 1691 2428 conjuratione,
1707 2355 1820 2431 legatos

150 2441 203 2500 llis
217 2443 387 2500 euctoribns
402 2447 465 2499 orta
477 2441 593 2510 seditio,
605 2441 736 2498 itabrcvi
747 2446 842 2499 totum
853 2443 940 2498 Saxo·
994 2444 1116 2500 mittunt
1131 2446 1166 2500 ad
1179 2444 1214 2481 ⁹⁸¹
1230 2461 1338 2518 regem,
1353 2448 1417 2501 tum
1433 2445 1619 2518 '‘ltemporis
1629 2445 1663 2480 ⁹⁴¹
1679 2443 1820 2501 Gestaris

113 2529 168 2589 nie
185 2531 424 2605 populumquesi
439 2531 518 2588 rabie
533 2531 939 2604 quedaminlccit,utomnis
993 2532 1198 2600 constitutum,
1226 2531 1408 2606 postulantes
1432 2535 1465 2588 ut
1488 2531 1644 2605 expeditio,
1671 2547 1760 2604 quem
1787 2532 1817 2590 in

112 2618 255 2694 dignitas,
270 2620 367 2676 omnis
391 2619 530 2691 conditio,
555 2619 651 2675 omnis
667 2623 736 2675 etas
761 2636 826 2692 quse
852 2619 938 2676 modo
993 2620 1116 2678 Polenos
1131 2622 1165 2657 ⁹⁸⁸
1181 2621 1359 2690 institueret,
1376 2619 1433 2678 sibi
1444 2620 1661 2690 remitteretur,
1676 2621 1817 2678 ssadver-

111 2707 254 2765 iaciendis
278 2708 434 2781 stipendiis
448 2708 554 2764 idonea
568 2708 651 2778 toret,
668 2724 726 2763 uno
749 2708 858 2780 animo,
874 2709 938 2782 pari
992 2726 1059 2767 sum
1074 2708 1232 2766 acerrimos
1256 2708 1356 2766 hostes
1380 2708 1508 2766 Luticios
1521 2709 1556 2745 ’⁸⁹
1570 2708 1617 2766 die
1635 2725 1669 2766 ac
1683 2713 1768 2768 nocte
1782 2708 1813 2764 in

111 2797 273 2862 voluntate,
290 2797 324 2853 ad
342 2813 424 2852 arma
439 2795 645 2866 conclamaret,
661 2801 735 2853 etse
759 2797 814 2853 sub
838 2813 937 2855 sacra·
992 2799 1144 2871 procinctu
1158 2804 1248 2871 atque
1271 2797 1302 2854 in
1324 2797 1483 2867 adestare,
1499 2800 1528 2855 et
1542 2797 1567 2855 sl
1581 2796 1736 2871 paululum
1752 2813 1815 2854 ma·

113 2890 212 2943 mento
236 2886 420 2959 promitteret
446 2889 496 2941 aut
519 2885 665 2942 obstinate
688 2885 857 2957 morituros,
886 2891 939 2944 aut
992 2904 1048 2944 nus
1064 2888 1224 2956 remittant,
1240 2885 1317 2943 illico
1329 2879 1437 2943 finibus
1450 2886 1513 2943 suis
1528 2886 1703 2944 insultantes
1717 2886 1818 2942 adrer-

112 2979 231 3049 gcntcm
248 2991 332 3032 snam
347 2973 376 3029 in
391 2972 557 3031 libertatem
572 2973 780 3031 vindicaturos.
803 2975 893 3032 Erant
907 2976 937 3032 in
992 2976 1085 3034 sarios
1098 2980 1127 3033 ct
1141 2975 1241 3032 omnia
1253 2975 1330 3032 cede
1345 2979 1432 3048 atque
1456 2974 1590 3032 incendio
1606 2973 1818 3050 depopulantes

114 3080 149 3121 ee
162 3063 364 3135 conjuratione
379 3063 526 3136 principes
542 3062 591 3120 isti
604 3080 610 3119 :
631 3062 726 3120 Wcasl
741 3062 938 3136 Magadsbur·
993 3065 1142 3137 aspicere;
1157 3064 1195 3119 ed
1218 3063 1324 3119 horum
1348 3063 1409 3121 vim
1424 3064 1581 3121 arcendam
1600 3062 1648 3120 vix
1675 3062 1731 3120 sibi
1746 3063 1819 3122 setis

114 3153 216 3227 gensis
230 3151 468 3225 archiepiscopus
483 3152 528 3222 ⁹²³,
541 3153 634 3209 Bucco
652 3150 941 3208 ualterstatensie⁹²⁴
956 3136 978 3203 C
997 3152 1147 3225 copiarum
1162 3167 1227 3209 esso
1242 3168 1249 3220 ς
1266 3151 1388 3224 proinde
1402 3151 1527 3208 stultum
1542 3153 1612 3222 lore,
1629 3157 1662 3208 ut
1671 3152 1776 3209 exteris
1787 3167 1820 3209 an

115 3242 283 3316 episcopus,
307 3240 392 3298 Hecel
412 3239 711 3298 Hildenesheimensis
725 3240 761 3281 ⁹²⁶
776 3241 942 3315 episcopus,
998 3240 1083 3313 longe
1098 3238 1202 3312 positis
1217 3238 1354 3312 gentihus
1376 3255 1458 3295 arma
1473 3239 1611 3308 inferent,
1627 3239 1678 3310 qui
1702 3239 1821 3296 domes·

118 3329 274 3387 wernheri
302 3327 553 3403 Mersebnrgensis
581 3327 616 3363 ⁰²⁸
638 3327 804 3402 episcopus,
833 3329 943 3387 ililber·
998 3328 1188 3394 ticisucpene
1198 3325 1346 3383 intestinis
1359 3326 1423 3383 sine
1433 3325 1742 3383 intermissionebellis
1752 3343 1823 3399 que·

116 3422 169 3476 tus
186 3416 222 3454 ”¹
250 3417 412 3475 itlindensis
440 3418 605 3491 episcopus,
630 3418 736 3473 immet
765 3417 942 3475 Pndelbrun-
997 3417 1119 3472 tiantur.
1143 3415 1331 3472 Preterea⁰⁵⁰
1346 3414 1544 3488 postulantut
1559 3413 1688 3483 castella,
1704 3431 1769 3488 que
1784 3415 1822 3471 ed

114 3508 218 3565 nensis
245 3506 281 3543 ⁰²⁸
310 3507 476 3581 episcopus,
515 3506 662 3564 Friderich
701 3506 943 3580 Mimegardelur-
998 3504 1176 3561 eversionem
1187 3503 1318 3560 Saxonis
1329 3502 1523 3578 persingulos
1534 3507 1649 3560 montes
1660 3501 1823 3560 colliculos-

114 3596 218 3655 densis
237 3596 272 3638 ⁹²⁰
295 3597 451 3669 episcopus
477 3595 562 3669 (304),
592 3595 691 3652 Benuo
716 3595 882 3652 Misinsnsis
909 3597 944 3634 ⁰⁸⁰
998 3611 1055 3666 que
1070 3597 1235 3651 extruxerat
1249 3594 1295 3660 ⁹⁵¹,
1316 3593 1392 3648 dirui
1415 3593 1551 3666 juberet,
1576 3596 1610 3648 ut
1637 3591 1821 3666 principibus

113 3684 284 3759 episcopus,
300 3684 365 3741 Otto
386 3685 445 3740 dux
471 3683 619 3756 quondam
645 3683 795 3755 bajoarie,
821 3683 893 3741 Uoto
908 3686 942 3722 ⁹³¹
997 3679 1822 3755 saxonia,quibuesinelegitimadiseussionebonasue

113 3771 249 3830 marchio
264 3773 349 3846 (305),
365 3772 436 3829 Dedi
463 3771 593 3828 marchio
608 3772 694 3844 (300),
710 3776 738 3828 et
759 3773 839 3828 omni
865 3790 943 3830 mar·
999 3772 1159 3838 ademerat,
1175 3770 1339 3826 secundum
1353 3768 1520 3843 principum
1545 3784 1667 3827 snorum
1678 3767 1819 3840 jurisdic-

112 3861 222 3918 chinne
232 3860 684 3933 animosioratqueimplacatior
694 3878 765 3917 uxor
773 3861 943 3933 ejustdela,
997 3860 1107 3916 tionem
1122 3858 1324 3926 satisfaceret5
1341 3861 1384 3929 ut,
1404 3857 1506 3915 relicta
1520 3857 1668 3915 interdum
1683 3857 1820 3929 Saxonia,

113 3950 263 4024 Egbertus
277 3949 410 4006 marchio
426 3949 657 4022 Thuringorum,
673 3965 746 4022 puer
755 3949 852 4007 adhue
869 3951 945 4007 inira
999 3950 1029 4005 in
1045 3965 1103 4021 qne
1113 3948 1208 4020 jama
1227 3963 1317 4021 puero
1346 3946 1489 4014 residens,
1517 3947 1575 4003 otio
1590 3950 1679 4019 atque
1706 3945 1823 4020 ignavia

114 4037 263 4095 militares
277 4054 382 4107 annos,
395 4036 541 4093 Friderich
553 4036 701 4110 palatinus
716 4055 824 4107 comes,
841 4039 944 4096 Dicds·
999 4052 1073 4110 pene
1088 4036 1289 4107 emarcuisset,
1304 4035 1393 4092 etiam
1408 4033 1573 4109 aliasregni
1588 4034 1635 4092 sui
1646 4032 1827 4108 partesinvi·
1926 4095 1930 4105 .

116 4126 200 4184 mous
214 4127 250 4170 ⁹⁸²
265 4142 362 4183 comes
386 4126 471 4199 (307),
495 4125 716 4182 Adalbertue⁹³³
740 4143 839 4185 comcs
860 4129 945 4201 (308),
1001 4123 1826 4198 seret;utvilissimoshomines,quornmconsiliossque

118 4214 190 4273 Otto
219 4231 328 4281 comes,
354 4214 527 4272 Counredus
545 4215 582 4256 ⁹³⁸
602 4230 699 4270 comes
723 4214 808 4288 (309),
832 4215 948 4272 Heinri·
1002 4231 1125 4288 remque
1139 4214 1288 4288 publicam
1301 4213 1478 4288 precipitem
1493 4214 1632 4284 dedisset,
1659 4214 1696 4270 de
1719 4209 1830 4287 palatin

800 4357 921 4415 VARIAE
944 4358 1148 4415 LECTIONES.

119 4474 280 4534 ’¹⁸eer.3
317 4474 352 4512 ⁰¹⁹
367 4490 399 4531 er
420 4489 436 4528 a
460 4472 559 4544 ipsum
588 4472 825 4555 0030100104.Ι
854 4473 1026 4546 ⁰²⁰uterqus
1053 4474 1080 4554 .¹·
1119 4473 1153 4509 ⁸²¹
1170 4488 1238 4528 oum
1254 4474 1279 4527 1.
1305 4471 1332 4527 4.
1370 4472 1455 4554 mut
1483 4471 1573 4529 simul
1597 4471 1624 4526 4.
1650 4471 1677 4525 5
1715 4467 1827 4541 ”³epi·

120 4547 311 4674 ”clati
405 4543 1525 4672 destitui.tlt.t÷¹ttf¹⁶¹vvsc.t.l”duruerunt:
1557 4539 1774 4667 letitie:
1800 4539 1828 4665 t:

119 4618 393 4746 aniciensem.
431 4632 923 4743 ⁹³⁸Cunraeusl.3.c0nr.⁵i.5t
959 4687 993 4723 ⁸³⁵
1008 4687 1095 4742 Henr.
1111 4686 1137 4741 3.
1176 4686 1211 4720 ⁹³⁶
1222 4684 1259 4741 ad
1281 4686 1435 4742 serendam
1450 4685 1476 4739 3.
1516 4683 1637 4739 ⁹³²deeet
1659 4681 1685 4736 3.
1723 4681 1757 4717 ⁹⁸⁸
1771 4679 1830 4736 100-

121 4762 323 4817 ratconst.3.
362 4758 395 4795 ⁰⁸⁹
408 4757 482 4815 deest
496 4759 523 4815 5.
563 4757 805 4830 ⁹⁸⁰lierttesburg
828 4759 855 4814 3.
894 4759 927 4794 ⁰⁸¹
943 4775 971 4814 v.
996 4758 1082 4815 read.
1120 4756 1265 4830 ’‘tprom.
1288 4756 1314 4811 3.
1353 4755 1388 4790 ⁰¹⁸
1402 4752 1665 4826 ossenbruggensis
1688 4752 1715 4808 3.
1739 4753 1830 4835 ann-

120 4832 324 4903 brugensist.
341 4830 369 4885 5.
406 4829 542 4886 ⁰“circa
559 4830 586 4885 3.
625 4830 709 4885 mad
728 4845 824 4902 regem
839 4829 978 4886 (1000015.
1015 4829 1050 4865 ’⁸⁶
1063 4832 1133 4884 tunc
1148 4829 1175 4884 4.
1213 4827 1247 4863 ⁹⁸⁷
1260 4827 1334 4882 deest
1348 4826 1375 4881 3.
1413 4827 1446 4866 ⁹⁴⁸
1465 4824 1589 4883 Polonos
1604 4824 1631 4879 ³.
1670 4822 1705 4860 '⁸⁰
1729 4822 1832 4879 Lurttr·

121 4902 188 4960 cios
203 4904 230 4959 3.
269 4903 302 4939 ⁰⁸⁰
316 4901 392 4958 codd.
405 4902 422 4956 3
433 4906 461 4957 st
471 4902 497 4956 4.
509 4900 679 4958 conditiones
691 4902 814 4973 singutas
825 4903 950 4958 numeria
960 4902 991 4957 in
1001 4900 1177 4971 murpinevct
1187 4899 1382 4972 asperitatem
1392 4898 1487 4970 positia
1499 4897 1634 4972 indicent.
1673 4895 1705 4931 ³⁸¹
1722 4895 1793 4951 deest
1802 4894 1830 4950 3.

927 5041 1044 5100 NOTAE.

172 5159 248 5242 (304)
262 5160 305 5245 lla
317 5159 462 5228 Brnnone,
488 5159 635 5242 cenet,
663 5158 785 5240 colliges
810 5159 909 5232 potine
932 5157 1002 5227 inl)
1052 5155 1127 5228 (308)
1143 5154 1340 5240 lisssvidetur
1354 5172 1452 5215 comes
1473 5155 1571 5215 senior
1592 5155 1628 5212 ds
1649 5150 1837 5222 Ballanstide,

133 5246 167 5289 re
191 5247 216 5287 rs
231 5231 366 5305 partibus
380 5231 459 5288 hunc
474 5230 656 5288 Frrdcrrcum
669 5231 770 5287 luisse.
1016 5233 1097 5285 sator
1111 5234 1206 5370 gentle
1221 5228 1393 5285 rlnhaltrnes.
1513 5297 1520 5311 ι
1590 5296 1596 5311 ⁸

169 5247 250 5440 5305)
265 5303 297 5358 V.
309 5320 399 5376 supra
413 5320 440 5359 a.
457 5303 535 5358 1057.
1053 5299 1116 5370 (309
1154 5300 1262 5383 Forsan
1287 5303 1398 5382 Ι(10000Ι
1417 5300 1470 5383 (10ι
1491 5298 1687 5370 Brchcllngen‚
1725 5293 1840 5353 Ottonis

174 5375 251 5517 (33ξί
266 5375 302 5502 <ie
315 5374 550 5511 {leggieiiinirffl
566 5442 623 5498 vid.
641 5442 786 5500 Gebhardi
802 5441 875 5500 Hist.
896 5459 963 5515 gen.
1017 5371 1416 5515 quffigguzfeuaeertrirgkdggrs
1430 5369 1601 5513 fllllleursmgriln,
1639 5438 1750 5512 Herzog
1785 5452 1841 5497 von

134 5515 227 5644 Αο171ὲ,
245 5516 404 5646 11,ῖέ4213,
427 5531 504 5588 sqq.;
525 5515 670 5572 Schrader
693 5514 849 5588 Dynasten,
864 5532 893 5588 p.
909 5515 962 5585 W?
1018 5512 1157 5585 Sechsen,
1175 5531 1203 5587 p.
1219 5515 1264 5583 47,
1280 5530 1324 5587 sq.

136 5605 169 5650 n·
225 5605 279 5665 ’P'
349 5632 357 5647 Ι

292 5716 428 5795 Percote
449 5713 580 5782 cxtvl.
1642 5710 1687 5782 30
