<?xml version="1.0" encoding="UTF-8"?>
<!DOCTYPE html PUBLIC "-//W3C//DTD XHTML 1.0 Transitional//EN"
    "http://www.w3.org/TR/xhtml1/DTD/xhtml1-transitional.dtd">
<html xmlns="http://www.w3.org/1999/xhtml" xml:lang="en" lang="en">
 <head>
  <title>
</title>
<meta http-equiv="Content-Type" content="text/html;charset=utf-8" />
  <meta name='ocr-system' content='tesseract 3.04.00' />
  <meta name='ocr-capabilities' content='ocr_page ocr_carea ocr_par ocr_line ocrx_word'/>
</head>
<body>
  <div class='ocr_page' id='page_1' title='image "./patrologiaecurs01unkngoog_0721.png"; bbox 0 0 3892 6096; ppageno 0'>
   <div class='ocr_carea' id='block_1_1' title="bbox 121 314 1819 386">
    <p class='ocr_par' dir='ltr' id='par_1_1' title="bbox 121 314 1819 386">
     <span class='ocr_line' id='line_1_1' title="bbox 121 314 1819 386; baseline 0.003 -6"><span class='ocrx_word' id='word_1_1' title='bbox 121 317 199 380; x_wconf 73' lang='lat' dir='ltr'><strong>ttae</strong></span> <span class='ocrx_word' id='word_1_2' title='bbox 282 314 453 380; x_wconf 74' lang='lat' dir='ltr'><strong>erratu.</strong></span> <span class='ocrx_word' id='word_1_3' title='bbox 471 314 625 381; x_wconf 72' lang='lat' dir='ltr'><strong>lelPP.</strong></span> <span class='ocrx_word' id='word_1_4' title='bbox 642 316 759 381; x_wconf 67' lang='lat' dir='ltr'><strong>saux.</strong></span> <span class='ocrx_word' id='word_1_5' title='bbox 775 315 802 379; x_wconf 94' lang='lat' dir='ltr'><strong>Il</strong></span> <span class='ocrx_word' id='word_1_6' title='bbox 832 315 1029 381; x_wconf 71' lang='lat' dir='ltr'><strong>staurium</strong></span> <span class='ocrx_word' id='word_1_7' title='bbox 1045 319 1223 385; x_wconf 82' lang='lat' dir='ltr'><strong>ttoeurt&#39;r.</strong></span> <span class='ocrx_word' id='word_1_8' title='bbox 1238 318 1655 386; x_wconf 58' lang='lat' dir='ltr'><strong>tenuissimarum.</strong></span> <span class='ocrx_word' id='word_1_9' title='bbox 1742 320 1819 385; x_wconf 71' lang='lat' dir='ltr'><strong>test</strong></span> 
     </span>
    </p>
   </div>
   <div class='ocr_carea' id='block_1_2' title="bbox 115 447 1818 3121">
    <p class='ocr_par' dir='ltr' id='par_1_2' title="bbox 115 447 1818 3121">
     <span class='ocr_line' id='line_1_2' title="bbox 119 447 1814 530; baseline 0.001 -21"><span class='ocrx_word' id='word_1_10' title='bbox 119 467 188 509; x_wconf 90' lang='lat' dir='ltr'><strong>rens</strong></span> <span class='ocrx_word' id='word_1_11' title='bbox 198 448 331 508; x_wconf 91' lang='lat' dir='ltr'><strong>criminis</strong></span> <span class='ocrx_word' id='word_1_12' title='bbox 341 466 398 523; x_wconf 90' lang='lat' dir='ltr'><strong>quo</strong></span> <span class='ocrx_word' id='word_1_13' title='bbox 409 447 599 507; x_wconf 91' lang='lat' dir='ltr'><strong>insimulatur</strong></span> <span class='ocrx_word' id='word_1_14' title='bbox 617 467 634 505; x_wconf 88' lang='lat' dir='ltr'><strong>a</strong></span> <span class='ocrx_word' id='word_1_15' title='bbox 652 450 793 524; x_wconf 90' lang='lat' dir='ltr'><strong>dignitate</strong></span> <span class='ocrx_word' id='word_1_16' title='bbox 809 450 940 524; x_wconf 89' lang='lat' dir='ltr'><strong>rejicere·</strong></span> <span class='ocrx_word' id='word_1_17' title='bbox 953 452 981 521; x_wconf 77' lang='lat' dir='ltr'>A</span> <span class='ocrx_word' id='word_1_18' title='bbox 995 452 1161 511; x_wconf 89' lang='lat' dir='ltr'><strong>retulimus.</strong></span> <span class='ocrx_word' id='word_1_19' title='bbox 1174 456 1413 513; x_wconf 81' lang='lat' dir='ltr'><strong>Nostrsfavendo</strong></span> <span class='ocrx_word' id='word_1_20' title='bbox 1425 454 1510 530; x_wconf 90' lang='lat' dir='ltr'><strong>parti,</strong></span> <span class='ocrx_word' id='word_1_21' title='bbox 1521 458 1553 511; x_wconf 92' lang='lat' dir='ltr'><strong>ut</strong></span> <span class='ocrx_word' id='word_1_22' title='bbox 1574 457 1685 528; x_wconf 90' lang='lat' dir='ltr'><strong>patrem</strong></span> <span class='ocrx_word' id='word_1_23' title='bbox 1706 452 1814 526; x_wconf 90' lang='lat' dir='ltr'><strong>decuit,</strong></span> 
     </span>
     <span class='ocr_line' id='line_1_3' title="bbox 118 540 1817 619; baseline 0.002 -22"><span class='ocrx_word' id='word_1_24' title='bbox 118 544 177 609; x_wconf 89' lang='lat' dir='ltr'><strong>tur,</strong></span> <span class='ocrx_word' id='word_1_25' title='bbox 193 544 244 596; x_wconf 89' lang='lat' dir='ltr'><strong>aut</strong></span> <span class='ocrx_word' id='word_1_26' title='bbox 265 541 405 597; x_wconf 79' lang='lat' dir='ltr'><strong>innocens</strong></span> <span class='ocrx_word' id='word_1_27' title='bbox 425 540 562 597; x_wconf 89' lang='lat' dir='ltr'><strong>canonice</strong></span> <span class='ocrx_word' id='word_1_28' title='bbox 594 545 823 598; x_wconf 89' lang='lat' dir='ltr'><strong>consecraretur.</strong></span> <span class='ocrx_word' id='word_1_29' title='bbox 841 543 871 597; x_wconf 95' lang='lat' dir='ltr'><strong>fn</strong></span> <span class='ocrx_word' id='word_1_30' title='bbox 886 541 941 597; x_wconf 91' lang='lat' dir='ltr'><strong>boc</strong></span> <span class='ocrx_word' id='word_1_31' title='bbox 995 543 1030 598; x_wconf 94' lang='lat' dir='ltr'><strong>ad</strong></span> <span class='ocrx_word' id='word_1_32' title='bbox 1044 543 1331 603; x_wconf 85' lang='lat' dir='ltr'><strong>melioradircxistis.</strong></span> <span class='ocrx_word' id='word_1_33' title='bbox 1344 545 1436 619; x_wconf 83' lang='lat' dir='ltr'><strong>Unde,</strong></span> <span class='ocrx_word' id='word_1_34' title='bbox 1452 546 1529 603; x_wconf 85' lang='lat' dir='ltr'><strong>sieut</strong></span> <span class='ocrx_word' id='word_1_35' title='bbox 1543 547 1669 617; x_wconf 83' lang='lat' dir='ltr'>oportet,</span> <span class='ocrx_word' id='word_1_36' title='bbox 1681 559 1817 600; x_wconf 90' lang='lat' dir='ltr'><strong>reveren·</strong></span> 
     </span>
     <span class='ocr_line' id='line_1_4' title="bbox 121 628 1818 706; baseline -0.001 -18"><span class='ocrx_word' id='word_1_37' title='bbox 121 628 209 688; x_wconf 88' lang='lat' dir='ltr'><strong>etiam</strong></span> <span class='ocrx_word' id='word_1_38' title='bbox 221 629 415 702; x_wconf 77' lang='lat' dir='ltr'><strong>pernivestrar</strong></span> <span class='ocrx_word' id='word_1_39' title='bbox 426 629 732 699; x_wconf 87' lang='lat' dir='ltr'><strong>auctoritati,invitatis</strong></span> <span class='ocrx_word' id='word_1_40' title='bbox 744 630 881 703; x_wconf 76' lang='lat' dir='ltr'><strong>predicto</strong></span> <span class='ocrx_word' id='word_1_41' title='bbox 894 648 940 687; x_wconf 89' lang='lat' dir='ltr'><strong>ar·</strong></span> <span class='ocrx_word' id='word_1_42' title='bbox 994 631 1123 689; x_wconf 79' lang='lat' dir='ltr'><strong>dissime</strong></span> <span class='ocrx_word' id='word_1_43' title='bbox 1139 633 1306 692; x_wconf 88' lang='lat' dir='ltr'><strong>celsitudini</strong></span> <span class='ocrx_word' id='word_1_44' title='bbox 1327 639 1429 691; x_wconf 83' lang='lat' dir='ltr'><strong>vestra</strong></span> <span class='ocrx_word' id='word_1_45' title='bbox 1452 631 1630 706; x_wconf 77' lang='lat' dir='ltr'><strong>multiplices</strong></span> <span class='ocrx_word' id='word_1_46' title='bbox 1656 632 1818 705; x_wconf 88' lang='lat' dir='ltr'><strong>gratiarum</strong></span> 
     </span>
     <span class='ocr_line' id='line_1_5' title="bbox 118 718 1816 795; baseline 0.001 -19"><span class='ocrx_word' id='word_1_47' title='bbox 118 718 304 792; x_wconf 87' lang='lat' dir='ltr'><strong>chlepiscopo</strong></span> <span class='ocrx_word' id='word_1_48' title='bbox 319 723 347 775; x_wconf 89' lang='lat' dir='ltr'><strong>ct</strong></span> <span class='ocrx_word' id='word_1_49' title='bbox 361 719 610 791; x_wconf 89' lang='lat' dir='ltr'><strong>fratribus,locum</strong></span> <span class='ocrx_word' id='word_1_50' title='bbox 626 724 654 776; x_wconf 88' lang='lat' dir='ltr'><strong>et</strong></span> <span class='ocrx_word' id='word_1_51' title='bbox 664 720 742 777; x_wconf 90' lang='lat' dir='ltr'><strong>diem</strong></span> <span class='ocrx_word' id='word_1_52' title='bbox 758 719 938 793; x_wconf 78' lang='lat' dir='ltr'><strong>praescripsi;</strong></span> <span class='ocrx_word' id='word_1_53' title='bbox 995 722 1134 795; x_wconf 90' lang='lat' dir='ltr'><strong>actiones,</strong></span> <span class='ocrx_word' id='word_1_54' title='bbox 1145 728 1174 780; x_wconf 90' lang='lat' dir='ltr'><strong>et</strong></span> <span class='ocrx_word' id='word_1_55' title='bbox 1184 724 1294 781; x_wconf 90' lang='lat' dir='ltr'><strong>humile</strong></span> <span class='ocrx_word' id='word_1_56' title='bbox 1303 724 1475 781; x_wconf 81' lang='lat' dir='ltr'><strong>exhibemus</strong></span> <span class='ocrx_word' id='word_1_57' title='bbox 1486 722 1652 788; x_wconf 91' lang='lat' dir='ltr'><strong>inclinium,</strong></span> <span class='ocrx_word' id='word_1_58' title='bbox 1668 719 1816 778; x_wconf 81' lang='lat' dir='ltr'><strong>continuis</strong></span> 
     </span>
     <span class='ocr_line' id='line_1_6' title="bbox 118 805 1812 883; baseline 0 -18"><span class='ocrx_word' id='word_1_59' title='bbox 118 808 168 865; x_wconf 89' lang='lat' dir='ltr'><strong>sed</strong></span> <span class='ocrx_word' id='word_1_60' title='bbox 190 807 345 866; x_wconf 90' lang='lat' dir='ltr'><strong>concilium</strong></span> <span class='ocrx_word' id='word_1_61' title='bbox 377 805 582 865; x_wconf 89' lang='lat' dir='ltr'><strong>celebrandum</strong></span> <span class='ocrx_word' id='word_1_62' title='bbox 611 810 791 883; x_wconf 81' lang='lat' dir='ltr'><strong>perturbavit</strong></span> <span class='ocrx_word' id='word_1_63' title='bbox 819 809 940 865; x_wconf 90' lang='lat' dir='ltr'><strong>indictio</strong></span> <span class='ocrx_word' id='word_1_64' title='bbox 994 811 1297 870; x_wconf 85' lang='lat' dir='ltr'><strong>orationnmvictimis</strong></span> <span class='ocrx_word' id='word_1_65' title='bbox 1314 814 1444 870; x_wconf 90' lang='lat' dir='ltr'><strong>divinam</strong></span> <span class='ocrx_word' id='word_1_66' title='bbox 1464 809 1812 870; x_wconf 82' lang='lat' dir='ltr'><strong>exorantcsclementiam</strong></span> 
     </span>
     <span class='ocr_line' id='line_1_7' title="bbox 118 897 1814 973; baseline 0.001 -20"><span class='ocrx_word' id='word_1_67' title='bbox 118 897 202 971; x_wconf 83' lang='lat' dir='ltr'><strong>regia</strong></span> <span class='ocrx_word' id='word_1_68' title='bbox 219 897 382 971; x_wconf 88' lang='lat' dir='ltr'><strong>potestatis,</strong></span> <span class='ocrx_word' id='word_1_69' title='bbox 394 913 501 971; x_wconf 87' lang='lat' dir='ltr'><strong>cogens</strong></span> <span class='ocrx_word' id='word_1_70' title='bbox 513 915 560 955; x_wconf 92' lang='lat' dir='ltr'><strong>me</strong></span> <span class='ocrx_word' id='word_1_71' title='bbox 573 904 601 955; x_wconf 91' lang='lat' dir='ltr'><strong>et</strong></span> <span class='ocrx_word' id='word_1_72' title='bbox 614 898 685 956; x_wconf 87' lang='lat' dir='ltr'><strong>alios</strong></span> <span class='ocrx_word' id='word_1_73' title='bbox 701 899 782 973; x_wconf 90' lang='lat' dir='ltr'><strong>regni</strong></span> <span class='ocrx_word' id='word_1_74' title='bbox 793 898 940 972; x_wconf 76' lang='lat' dir='ltr'><strong>principes</strong></span> <span class='ocrx_word' id='word_1_75' title='bbox 994 905 1027 957; x_wconf 94' lang='lat' dir='ltr'><strong>ut</strong></span> <span class='ocrx_word' id='word_1_76' title='bbox 1036 902 1071 957; x_wconf 94' lang='lat' dir='ltr'><strong>ad</strong></span> <span class='ocrx_word' id='word_1_77' title='bbox 1082 902 1271 959; x_wconf 79' lang='lat' dir='ltr'><strong>stabilitatem</strong></span> <span class='ocrx_word' id='word_1_78' title='bbox 1280 908 1385 959; x_wconf 79' lang='lat' dir='ltr'><strong>sanctur</strong></span> <span class='ocrx_word' id='word_1_79' title='bbox 1399 902 1600 958; x_wconf 79' lang='lat' dir='ltr'><strong>Ecclesiasua</strong></span> <span class='ocrx_word' id='word_1_80' title='bbox 1611 900 1774 973; x_wconf 75' lang='lat' dir='ltr'><strong>longevum</strong></span> <span class='ocrx_word' id='word_1_81' title='bbox 1785 901 1814 955; x_wconf 87' lang='lat' dir='ltr'><strong>et</strong></span> 
     </span>
     <span class='ocr_line' id='line_1_8' title="bbox 118 986 1665 1065; baseline 0.002 -23"><span class='ocrx_word' id='word_1_82' title='bbox 118 986 149 1044; x_wconf 92' lang='lat' dir='ltr'><strong>in</strong></span> <span class='ocrx_word' id='word_1_83' title='bbox 165 986 300 1043; x_wconf 89' lang='lat' dir='ltr'><strong>militiam</strong></span> <span class='ocrx_word' id='word_1_84' title='bbox 316 1004 377 1044; x_wconf 80' lang='lat' dir='ltr'><strong>sure</strong></span> <span class='ocrx_word' id='word_1_85' title='bbox 392 987 594 1060; x_wconf 86' lang='lat' dir='ltr'><strong>expeditionis.</strong></span> <span class='ocrx_word' id='word_1_86' title='bbox 611 989 642 1044; x_wconf 93' lang='lat' dir='ltr'><strong>ln</strong></span> <span class='ocrx_word' id='word_1_87' title='bbox 659 1006 716 1062; x_wconf 88' lang='lat' dir='ltr'><strong>qua</strong></span> <span class='ocrx_word' id='word_1_88' title='bbox 731 1006 761 1045; x_wconf 89' lang='lat' dir='ltr'><strong>re</strong></span> <span class='ocrx_word' id='word_1_89' title='bbox 772 989 892 1045; x_wconf 88' lang='lat' dir='ltr'><strong>obsecro</strong></span> <span class='ocrx_word' id='word_1_90' title='bbox 909 992 940 1044; x_wconf 96' lang='lat' dir='ltr'><strong>ut</strong></span> <span class='ocrx_word' id='word_1_91' title='bbox 993 987 1140 1047; x_wconf 88' lang='lat' dir='ltr'><strong>incolume</strong></span> <span class='ocrx_word' id='word_1_92' title='bbox 1154 992 1301 1048; x_wconf 88' lang='lat' dir='ltr'><strong>custodiat</strong></span> <span class='ocrx_word' id='word_1_93' title='bbox 1315 991 1510 1065; x_wconf 89' lang='lat' dir='ltr'><strong>apostolatum</strong></span> <span class='ocrx_word' id='word_1_94' title='bbox 1525 994 1665 1047; x_wconf 91' lang='lat' dir='ltr'><strong>vestrum.</strong></span> 
     </span>
     <span class='ocr_line' id='line_1_9' title="bbox 118 1075 1814 1154; baseline 0.001 -21"><span class='ocrx_word' id='word_1_95' title='bbox 118 1077 259 1133; x_wconf 89' lang='lat' dir='ltr'><strong>sanctitas</strong></span> <span class='ocrx_word' id='word_1_96' title='bbox 273 1081 370 1133; x_wconf 89' lang='lat' dir='ltr'><strong>vestra</strong></span> <span class='ocrx_word' id='word_1_97' title='bbox 385 1077 560 1149; x_wconf 89' lang='lat' dir='ltr'><strong>obsequium</strong></span> <span class='ocrx_word' id='word_1_98' title='bbox 576 1094 674 1133; x_wconf 90' lang='lat' dir='ltr'><strong>meum</strong></span> <span class='ocrx_word' id='word_1_99' title='bbox 699 1078 806 1134; x_wconf 89' lang='lat' dir='ltr'><strong>habeat</strong></span> <span class='ocrx_word' id='word_1_100' title='bbox 821 1093 940 1134; x_wconf 89' lang='lat' dir='ltr'><strong>excusa·</strong></span> <span class='ocrx_word' id='word_1_101' title='bbox 1030 1081 1116 1136; x_wconf 91' lang='lat' dir='ltr'><strong>Porro</strong></span> <span class='ocrx_word' id='word_1_102' title='bbox 1133 1080 1229 1137; x_wconf 87' lang='lat' dir='ltr'><strong>adbuc</strong></span> <span class='ocrx_word' id='word_1_103' title='bbox 1244 1082 1395 1154; x_wconf 91' lang='lat' dir='ltr'><strong>antiquam</strong></span> <span class='ocrx_word' id='word_1_104' title='bbox 1407 1085 1538 1137; x_wconf 90' lang='lat' dir='ltr'><strong>nostram</strong></span> <span class='ocrx_word' id='word_1_105' title='bbox 1554 1093 1643 1153; x_wconf 91' lang='lat' dir='ltr'><strong>super</strong></span> <span class='ocrx_word' id='word_1_106' title='bbox 1657 1075 1814 1134; x_wconf 84' lang='lat' dir='ltr'><strong>rebellibus</strong></span> 
     </span>
     <span class='ocr_line' id='line_1_10' title="bbox 117 1166 1815 1243; baseline 0 -21"><span class='ocrx_word' id='word_1_107' title='bbox 117 1169 181 1222; x_wconf 92' lang='lat' dir='ltr'><strong>tum</strong></span> <span class='ocrx_word' id='word_1_108' title='bbox 195 1182 202 1223; x_wconf 91' lang='lat'>:</span> <span class='ocrx_word' id='word_1_109' title='bbox 218 1170 247 1222; x_wconf 92' lang='lat' dir='ltr'><strong>et</strong></span> <span class='ocrx_word' id='word_1_110' title='bbox 262 1166 318 1222; x_wconf 91' lang='lat' dir='ltr'><strong>nisi</strong></span> <span class='ocrx_word' id='word_1_111' title='bbox 332 1167 499 1239; x_wconf 89' lang='lat' dir='ltr'><strong>impedirer,</strong></span> <span class='ocrx_word' id='word_1_112' title='bbox 517 1167 685 1240; x_wconf 83' lang='lat' dir='ltr'><strong>implessem</strong></span> <span class='ocrx_word' id='word_1_113' title='bbox 702 1173 878 1240; x_wconf 69' lang='lat' dir='ltr'><strong>praecepium</strong></span> <span class='ocrx_word' id='word_1_114' title='bbox 891 1182 938 1222; x_wconf 89' lang='lat' dir='ltr'><strong>ve·</strong></span> <span class='ocrx_word' id='word_1_115' title='bbox 994 1169 1153 1242; x_wconf 82' lang='lat' dir='ltr'><strong>&#39;fhuringis</strong></span> <span class='ocrx_word' id='word_1_116' title='bbox 1169 1171 1409 1243; x_wconf 91' lang='lat' dir='ltr'><strong>conquestionem</strong></span> <span class='ocrx_word' id='word_1_117' title='bbox 1422 1171 1458 1226; x_wconf 90' lang='lat' dir='ltr'><strong>sd</strong></span> <span class='ocrx_word' id='word_1_118' title='bbox 1472 1169 1606 1226; x_wconf 92' lang='lat' dir='ltr'><strong>notitiam</strong></span> <span class='ocrx_word' id='word_1_119' title='bbox 1630 1167 1714 1224; x_wconf 83' lang='lat' dir='ltr'><strong>alma</strong></span> <span class='ocrx_word' id='word_1_120' title='bbox 1736 1166 1815 1222; x_wconf 91' lang='lat' dir='ltr'><strong>sedis</strong></span> 
     </span>
     <span class='ocr_line' id='line_1_11' title="bbox 118 1259 1815 1332; baseline -0.002 -20"><span class='ocrx_word' id='word_1_121' title='bbox 118 1259 222 1312; x_wconf 88' lang='lat' dir='ltr'><strong>strum.</strong></span> <span class='ocrx_word' id='word_1_122' title='bbox 993 1263 1094 1314; x_wconf 79' lang='lat' dir='ltr'><strong>vestra</strong></span> <span class='ocrx_word' id='word_1_123' title='bbox 1108 1259 1271 1329; x_wconf 83' lang='lat' dir='ltr'><strong>referimus,</strong></span> <span class='ocrx_word' id='word_1_124' title='bbox 1283 1261 1389 1316; x_wconf 89' lang='lat' dir='ltr'><strong>obnixe</strong></span> <span class='ocrx_word' id='word_1_125' title='bbox 1398 1263 1534 1332; x_wconf 88' lang='lat' dir='ltr'><strong>rogantes</strong></span> <span class='ocrx_word' id='word_1_126' title='bbox 1550 1262 1582 1315; x_wconf 90' lang='lat' dir='ltr'><strong>ut</strong></span> <span class='ocrx_word' id='word_1_127' title='bbox 1597 1261 1710 1314; x_wconf 91' lang='lat' dir='ltr'><strong>armata</strong></span> <span class='ocrx_word' id='word_1_128' title='bbox 1725 1271 1815 1310; x_wconf 89' lang='lat' dir='ltr'><strong>manu</strong></span> 
     </span>
     <span class='ocr_line' id='line_1_12' title="bbox 154 1345 1814 1421; baseline 0 -22"><span class='ocrx_word' id='word_1_129' title='bbox 154 1345 432 1402; x_wconf 84' lang='lat' dir='ltr'><strong>Praetercarefatum</strong></span> <span class='ocrx_word' id='word_1_130' title='bbox 456 1350 501 1402; x_wconf 90' lang='lat' dir='ltr'><strong>est</strong></span> <span class='ocrx_word' id='word_1_131' title='bbox 529 1347 614 1403; x_wconf 90' lang='lat' dir='ltr'><strong>nobis</strong></span> <span class='ocrx_word' id='word_1_132' title='bbox 638 1348 708 1420; x_wconf 92' lang='lat' dir='ltr'><strong>qnia</strong></span> <span class='ocrx_word' id='word_1_133' title='bbox 731 1346 810 1420; x_wconf 91' lang='lat' dir='ltr'><strong>regia</strong></span> <span class='ocrx_word' id='word_1_134' title='bbox 833 1345 939 1420; x_wconf 92' lang='lat' dir='ltr'><strong>legatie</strong></span> <span class='ocrx_word' id='word_1_135' title='bbox 994 1346 1090 1420; x_wconf 90' lang='lat' dir='ltr'><strong>gladio</strong></span> <span class='ocrx_word' id='word_1_136' title='bbox 1110 1349 1237 1421; x_wconf 88' lang='lat' dir='ltr'><strong>Spiritus</strong></span> <span class='ocrx_word' id='word_1_137' title='bbox 1265 1349 1481 1421; x_wconf 65' lang='lat' dir='ltr'><strong>sanctiusque</strong></span> <span class='ocrx_word' id='word_1_138' title='bbox 1510 1348 1546 1404; x_wconf 87' lang='lat' dir='ltr'><strong>ad</strong></span> <span class='ocrx_word' id='word_1_139' title='bbox 1575 1345 1814 1419; x_wconf 84' lang='lat' dir='ltr'><strong>expurgationem</strong></span> 
     </span>
     <span class='ocr_line' id='line_1_13' title="bbox 117 1433 1815 1508; baseline 0.001 -19"><span class='ocrx_word' id='word_1_140' title='bbox 117 1434 253 1490; x_wconf 90' lang='lat' dir='ltr'><strong>eumdem</strong></span> <span class='ocrx_word' id='word_1_141' title='bbox 270 1434 456 1507; x_wconf 89' lang='lat' dir='ltr'><strong>designatum</strong></span> <span class='ocrx_word' id='word_1_142' title='bbox 471 1435 640 1508; x_wconf 89' lang='lat' dir='ltr'><strong>episcopum</strong></span> <span class='ocrx_word' id='word_1_143' title='bbox 657 1436 692 1492; x_wconf 90' lang='lat' dir='ltr'><strong>sd</strong></span> <span class='ocrx_word' id='word_1_144' title='bbox 709 1452 759 1492; x_wconf 90' lang='lat' dir='ltr'><strong>vos</strong></span> <span class='ocrx_word' id='word_1_145' title='bbox 780 1434 938 1491; x_wconf 91' lang='lat' dir='ltr'><strong>discutien·</strong></span> <span class='ocrx_word' id='word_1_146' title='bbox 994 1453 1095 1494; x_wconf 90' lang='lat' dir='ltr'><strong>eorum</strong></span> <span class='ocrx_word' id='word_1_147' title='bbox 1112 1439 1196 1495; x_wconf 90' lang='lat' dir='ltr'><strong>nobis</strong></span> <span class='ocrx_word' id='word_1_148' title='bbox 1211 1438 1357 1495; x_wconf 90' lang='lat' dir='ltr'><strong>dexteram</strong></span> <span class='ocrx_word' id='word_1_149' title='bbox 1375 1438 1475 1495; x_wconf 89' lang='lat' dir='ltr'><strong>feratis</strong></span> <span class='ocrx_word' id='word_1_150' title='bbox 1490 1436 1600 1494; x_wconf 87' lang='lat' dir='ltr'><strong>auxilii.</strong></span> <span class='ocrx_word' id='word_1_151' title='bbox 1624 1433 1815 1508; x_wconf 78' lang='lat' dir='ltr'><strong>suggerimus</strong></span> 
     </span>
     <span class='ocr_line' id='line_1_14' title="bbox 118 1522 1815 1601; baseline 0.001 -25"><span class='ocrx_word' id='word_1_152' title='bbox 118 1522 190 1577; x_wconf 93' lang='lat' dir='ltr'><strong>dum</strong></span> <span class='ocrx_word' id='word_1_153' title='bbox 205 1524 436 1580; x_wconf 91' lang='lat' dir='ltr'><strong>consecrandum</strong></span> <span class='ocrx_word' id='word_1_154' title='bbox 451 1524 587 1581; x_wconf 89' lang='lat' dir='ltr'><strong>deducat.</strong></span> <span class='ocrx_word' id='word_1_155' title='bbox 602 1527 632 1581; x_wconf 90' lang='lat' dir='ltr'><strong>lu</strong></span> <span class='ocrx_word' id='word_1_156' title='bbox 649 1542 708 1598; x_wconf 89' lang='lat' dir='ltr'><strong>qua</strong></span> <span class='ocrx_word' id='word_1_157' title='bbox 722 1541 752 1582; x_wconf 92' lang='lat' dir='ltr'><strong>re</strong></span> <span class='ocrx_word' id='word_1_158' title='bbox 768 1524 838 1598; x_wconf 90' lang='lat' dir='ltr'><strong>quid</strong></span> <span class='ocrx_word' id='word_1_159' title='bbox 853 1524 940 1596; x_wconf 81' lang='lat' dir='ltr'><strong>aqui·</strong></span> <span class='ocrx_word' id='word_1_160' title='bbox 993 1541 1111 1600; x_wconf 88' lang='lat' dir='ltr'><strong>quoqne</strong></span> <span class='ocrx_word' id='word_1_161' title='bbox 1127 1527 1275 1584; x_wconf 85' lang='lat' dir='ltr'><strong>sanctitati</strong></span> <span class='ocrx_word' id='word_1_162' title='bbox 1291 1531 1390 1584; x_wconf 79' lang='lat' dir='ltr'><strong>vestra</strong></span> <span class='ocrx_word' id='word_1_163' title='bbox 1406 1528 1483 1601; x_wconf 91' lang='lat' dir='ltr'><strong>qnod</strong></span> <span class='ocrx_word' id='word_1_164' title='bbox 1502 1526 1645 1600; x_wconf 78' lang='lat' dir='ltr'><strong>synodum</strong></span> <span class='ocrx_word' id='word_1_165' title='bbox 1662 1540 1750 1595; x_wconf 90' lang='lat' dir='ltr'><strong>super</strong></span> <span class='ocrx_word' id='word_1_166' title='bbox 1768 1522 1815 1578; x_wconf 90' lang='lat' dir='ltr'><strong>bis</strong></span> 
     </span>
     <span class='ocr_line' id='line_1_15' title="bbox 117 1611 1817 1688; baseline 0.002 -23"><span class='ocrx_word' id='word_1_167' title='bbox 117 1611 187 1667; x_wconf 91' lang='lat' dir='ltr'><strong>tatis</strong></span> <span class='ocrx_word' id='word_1_168' title='bbox 202 1616 231 1668; x_wconf 89' lang='lat' dir='ltr'><strong>et</strong></span> <span class='ocrx_word' id='word_1_169' title='bbox 240 1612 363 1684; x_wconf 84' lang='lat' dir='ltr'><strong>justitia</strong></span> <span class='ocrx_word' id='word_1_170' title='bbox 379 1614 429 1682; x_wconf 90' lang='lat' dir='ltr'><strong>sit,</strong></span> <span class='ocrx_word' id='word_1_171' title='bbox 444 1613 630 1670; x_wconf 88' lang='lat' dir='ltr'><strong>discretionis</strong></span> <span class='ocrx_word' id='word_1_172' title='bbox 644 1618 745 1670; x_wconf 86' lang='lat' dir='ltr'><strong>vestra</strong></span> <span class='ocrx_word' id='word_1_173' title='bbox 772 1613 847 1670; x_wconf 91' lang='lat' dir='ltr'><strong>libra</strong></span> <span class='ocrx_word' id='word_1_174' title='bbox 862 1616 939 1669; x_wconf 89' lang='lat' dir='ltr'><strong>recte</strong></span> <span class='ocrx_word' id='word_1_175' title='bbox 994 1620 1060 1688; x_wconf 90' lang='lat' dir='ltr'><strong>post</strong></span> <span class='ocrx_word' id='word_1_176' title='bbox 1075 1615 1186 1672; x_wconf 87' lang='lat' dir='ltr'><strong>Pascha</strong></span> <span class='ocrx_word' id='word_1_177' title='bbox 1201 1615 1346 1673; x_wconf 82' lang='lat' dir='ltr'><strong>celebrare</strong></span> <span class='ocrx_word' id='word_1_178' title='bbox 1362 1616 1555 1685; x_wconf 87' lang='lat' dir='ltr'><strong>decrevimus,</strong></span> <span class='ocrx_word' id='word_1_179' title='bbox 1571 1615 1607 1671; x_wconf 93' lang='lat' dir='ltr'><strong>ad</strong></span> <span class='ocrx_word' id='word_1_180' title='bbox 1624 1631 1712 1687; x_wconf 91' lang='lat' dir='ltr'><strong>quam</strong></span> <span class='ocrx_word' id='word_1_181' title='bbox 1727 1612 1763 1669; x_wconf 90' lang='lat' dir='ltr'><strong>ds</strong></span> <span class='ocrx_word' id='word_1_182' title='bbox 1777 1611 1817 1668; x_wconf 89' lang='lat' dir='ltr'><strong>la·</strong></span> 
     </span>
     <span class='ocr_line' id='line_1_16' title="bbox 117 1697 1817 1778; baseline 0.002 -26"><span class='ocrx_word' id='word_1_183' title='bbox 117 1697 268 1769; x_wconf 89' lang='lat' dir='ltr'><strong>dijudicet.</strong></span> <span class='ocrx_word' id='word_1_184' title='bbox 287 1702 366 1774; x_wconf 85' lang='lat' dir='ltr'><strong>Rogo</strong></span> <span class='ocrx_word' id='word_1_185' title='bbox 382 1706 480 1758; x_wconf 89' lang='lat' dir='ltr'><strong>autem</strong></span> <span class='ocrx_word' id='word_1_186' title='bbox 496 1702 698 1759; x_wconf 86' lang='lat' dir='ltr'><strong>excellentiam</strong></span> <span class='ocrx_word' id='word_1_187' title='bbox 719 1706 821 1759; x_wconf 80' lang='lat' dir='ltr'><strong>vestra</strong></span> <span class='ocrx_word' id='word_1_188' title='bbox 842 1705 938 1774; x_wconf 90' lang='lat' dir='ltr'><strong>pater·</strong></span> <span class='ocrx_word' id='word_1_189' title='bbox 993 1707 1053 1760; x_wconf 89' lang='lat' dir='ltr'><strong>tere</strong></span> <span class='ocrx_word' id='word_1_190' title='bbox 1066 1710 1161 1761; x_wconf 90' lang='lat' dir='ltr'><strong>vestro</strong></span> <span class='ocrx_word' id='word_1_191' title='bbox 1171 1705 1284 1778; x_wconf 89' lang='lat' dir='ltr'><strong>legatos</strong></span> <span class='ocrx_word' id='word_1_192' title='bbox 1295 1704 1372 1762; x_wconf 90' lang='lat' dir='ltr'><strong>mitti</strong></span> <span class='ocrx_word' id='word_1_193' title='bbox 1382 1703 1631 1778; x_wconf 81' lang='lat' dir='ltr'><strong>postulamus,qui</strong></span> <span class='ocrx_word' id='word_1_194' title='bbox 1647 1701 1817 1759; x_wconf 87' lang='lat' dir='ltr'><strong>auctoritate</strong></span> 
     </span>
     <span class='ocr_line' id='line_1_17' title="bbox 117 1785 1816 1892; baseline 0.002 -51"><span class='ocrx_word' id='word_1_195' title='bbox 117 1785 218 1843; x_wconf 91' lang='lat' dir='ltr'><strong>nitatis</strong></span> <span class='ocrx_word' id='word_1_196' title='bbox 233 1788 310 1860; x_wconf 89' lang='lat' dir='ltr'><strong>quod</strong></span> <span class='ocrx_word' id='word_1_197' title='bbox 327 1789 352 1845; x_wconf 93' lang='lat' dir='ltr'><strong>si</strong></span> <span class='ocrx_word' id='word_1_198' title='bbox 367 1789 409 1845; x_wconf 91' lang='lat' dir='ltr'><strong>ita</strong></span> <span class='ocrx_word' id='word_1_199' title='bbox 424 1805 523 1846; x_wconf 88' lang='lat' dir='ltr'><strong>verum</strong></span> <span class='ocrx_word' id='word_1_200' title='bbox 539 1794 592 1858; x_wconf 91' lang='lat' dir='ltr'><strong>est,</strong></span> <span class='ocrx_word' id='word_1_201' title='bbox 610 1806 646 1847; x_wconf 92' lang='lat' dir='ltr'><strong>ne</strong></span> <span class='ocrx_word' id='word_1_202' title='bbox 661 1790 723 1863; x_wconf 90' lang='lat' dir='ltr'><strong>ipse</strong></span> <span class='ocrx_word' id='word_1_203' title='bbox 738 1790 793 1846; x_wconf 92' lang='lat' dir='ltr'><strong>boc</strong></span> <span class='ocrx_word' id='word_1_204' title='bbox 817 1807 834 1846; x_wconf 90' lang='lat' dir='ltr'><strong>a</strong></span> <span class='ocrx_word' id='word_1_205' title='bbox 857 1789 938 1845; x_wconf 89' lang='lat' dir='ltr'><strong>vobis</strong></span> <span class='ocrx_word' id='word_1_206' title='bbox 953 1825 979 1892; x_wconf 76' lang='lat' dir='ltr'>B</span> <span class='ocrx_word' id='word_1_207' title='bbox 995 1796 1091 1848; x_wconf 89' lang='lat' dir='ltr'><strong>vestra</strong></span> <span class='ocrx_word' id='word_1_208' title='bbox 1105 1797 1133 1849; x_wconf 92' lang='lat' dir='ltr'><strong>et</strong></span> <span class='ocrx_word' id='word_1_209' title='bbox 1149 1793 1206 1865; x_wconf 91' lang='lat' dir='ltr'><strong>ipsi</strong></span> <span class='ocrx_word' id='word_1_210' title='bbox 1221 1794 1332 1866; x_wconf 78' lang='lat' dir='ltr'><strong>synodo</strong></span> <span class='ocrx_word' id='word_1_211' title='bbox 1348 1793 1479 1865; x_wconf 84' lang='lat' dir='ltr'><strong>prasint,</strong></span> <span class='ocrx_word' id='word_1_212' title='bbox 1496 1798 1525 1850; x_wconf 91' lang='lat' dir='ltr'><strong>et</strong></span> <span class='ocrx_word' id='word_1_213' title='bbox 1535 1793 1594 1849; x_wconf 82' lang='lat' dir='ltr'><strong>hac</strong></span> <span class='ocrx_word' id='word_1_214' title='bbox 1610 1809 1673 1865; x_wconf 81' lang='lat' dir='ltr'><strong>qua</strong></span> <span class='ocrx_word' id='word_1_215' title='bbox 1688 1791 1724 1846; x_wconf 90' lang='lat' dir='ltr'><strong>de</strong></span> <span class='ocrx_word' id='word_1_216' title='bbox 1736 1789 1816 1845; x_wconf 87' lang='lat' dir='ltr'><strong>Thu·</strong></span> 
     </span>
     <span class='ocr_line' id='line_1_18' title="bbox 118 1875 1817 1954; baseline 0 -22"><span class='ocrx_word' id='word_1_217' title='bbox 118 1875 250 1948; x_wconf 90' lang='lat' dir='ltr'><strong>accipiat,</strong></span> <span class='ocrx_word' id='word_1_218' title='bbox 267 1878 344 1950; x_wconf 93' lang='lat' dir='ltr'><strong>quod</strong></span> <span class='ocrx_word' id='word_1_219' title='bbox 362 1878 446 1944; x_wconf 88' lang='lat' dir='ltr'><strong>mihi,</strong></span> <span class='ocrx_word' id='word_1_220' title='bbox 470 1878 520 1951; x_wconf 91' lang='lat' dir='ltr'><strong>qni</strong></span> <span class='ocrx_word' id='word_1_221' title='bbox 546 1879 601 1936; x_wconf 93' lang='lat' dir='ltr'><strong>hoc</strong></span> <span class='ocrx_word' id='word_1_222' title='bbox 626 1880 764 1937; x_wconf 89' lang='lat' dir='ltr'><strong>canonice</strong></span> <span class='ocrx_word' id='word_1_223' title='bbox 780 1881 874 1936; x_wconf 89' lang='lat' dir='ltr'><strong>facere</strong></span> <span class='ocrx_word' id='word_1_224' title='bbox 888 1878 939 1934; x_wconf 88' lang='lat' dir='ltr'><strong>de·</strong></span> <span class='ocrx_word' id='word_1_225' title='bbox 996 1879 1088 1954; x_wconf 89' lang='lat' dir='ltr'><strong>ringis</strong></span> <span class='ocrx_word' id='word_1_226' title='bbox 1104 1880 1221 1954; x_wconf 87' lang='lat' dir='ltr'><strong>agimus</strong></span> <span class='ocrx_word' id='word_1_227' title='bbox 1244 1881 1383 1938; x_wconf 90' lang='lat' dir='ltr'><strong>canonice</strong></span> <span class='ocrx_word' id='word_1_228' title='bbox 1407 1883 1577 1950; x_wconf 88' lang='lat' dir='ltr'><strong>terminent,</strong></span> <span class='ocrx_word' id='word_1_229' title='bbox 1591 1886 1620 1937; x_wconf 89' lang='lat' dir='ltr'><strong>et</strong></span> <span class='ocrx_word' id='word_1_230' title='bbox 1643 1879 1667 1936; x_wconf 90' lang='lat' dir='ltr'><strong>si</strong></span> <span class='ocrx_word' id='word_1_231' title='bbox 1681 1896 1744 1951; x_wconf 84' lang='lat' dir='ltr'><strong>qua</strong></span> <span class='ocrx_word' id='word_1_232' title='bbox 1759 1877 1817 1933; x_wconf 89' lang='lat' dir='ltr'><strong>alia</strong></span> 
     </span>
     <span class='ocr_line' id='line_1_19' title="bbox 118 1965 1816 2042; baseline 0.001 -21"><span class='ocrx_word' id='word_1_233' title='bbox 118 1965 183 2035; x_wconf 87' lang='lat' dir='ltr'><strong>bec,</strong></span> <span class='ocrx_word' id='word_1_234' title='bbox 199 1967 358 2023; x_wconf 87' lang='lat' dir='ltr'><strong>auctoritas</strong></span> <span class='ocrx_word' id='word_1_235' title='bbox 371 1971 468 2024; x_wconf 87' lang='lat' dir='ltr'><strong>vestra</strong></span> <span class='ocrx_word' id='word_1_236' title='bbox 483 1968 679 2025; x_wconf 81' lang='lat' dir='ltr'><strong>interdixerat.</strong></span> <span class='ocrx_word' id='word_1_237' title='bbox 697 1969 770 2034; x_wconf 86' lang='lat' dir='ltr'><strong>Quin</strong></span> <span class='ocrx_word' id='word_1_238' title='bbox 784 1970 809 2026; x_wconf 90' lang='lat' dir='ltr'><strong>si</strong></span> <span class='ocrx_word' id='word_1_239' title='bbox 825 1969 865 2026; x_wconf 89' lang='lat' dir='ltr'><strong>ita</strong></span> <span class='ocrx_word' id='word_1_240' title='bbox 880 1968 939 2028; x_wconf 66' lang='lat' dir='ltr'><strong>fiet,</strong></span> <span class='ocrx_word' id='word_1_241' title='bbox 995 1968 1166 2042; x_wconf 87' lang='lat' dir='ltr'><strong>corrigenda</strong></span> <span class='ocrx_word' id='word_1_242' title='bbox 1177 1970 1451 2035; x_wconf 87' lang='lat' dir='ltr'><strong>occurrerint.Quod</strong></span> <span class='ocrx_word' id='word_1_243' title='bbox 1465 1970 1489 2027; x_wconf 92' lang='lat' dir='ltr'><strong>si</strong></span> <span class='ocrx_word' id='word_1_244' title='bbox 1501 1970 1563 2027; x_wconf 92' lang='lat' dir='ltr'><strong>llori</strong></span> <span class='ocrx_word' id='word_1_245' title='bbox 1574 1966 1754 2042; x_wconf 86' lang='lat' dir='ltr'><strong>nequit,aliis</strong></span> <span class='ocrx_word' id='word_1_246' title='bbox 1764 1982 1816 2022; x_wconf 88' lang='lat' dir='ltr'><strong>vos</strong></span> 
     </span>
     <span class='ocr_line' id='line_1_20' title="bbox 118 2054 1817 2132; baseline 0.001 -22"><span class='ocrx_word' id='word_1_247' title='bbox 118 2054 186 2112; x_wconf 92' lang='lat' dir='ltr'><strong>inde</strong></span> <span class='ocrx_word' id='word_1_248' title='bbox 198 2056 295 2128; x_wconf 87' lang='lat' dir='ltr'><strong>magis</strong></span> <span class='ocrx_word' id='word_1_249' title='bbox 306 2057 427 2113; x_wconf 89' lang='lat' dir='ltr'><strong>videbor</strong></span> <span class='ocrx_word' id='word_1_250' title='bbox 454 2073 590 2130; x_wconf 87' lang='lat' dir='ltr'><strong>peccasse</strong></span> <span class='ocrx_word' id='word_1_251' title='bbox 620 2058 745 2131; x_wconf 87' lang='lat' dir='ltr'><strong>principi</strong></span> <span class='ocrx_word' id='word_1_252' title='bbox 769 2075 845 2128; x_wconf 88' lang='lat' dir='ltr'><strong>meo,</strong></span> <span class='ocrx_word' id='word_1_253' title='bbox 861 2060 939 2131; x_wconf 87' lang='lat' dir='ltr'><strong>quod</strong></span> <span class='ocrx_word' id='word_1_254' title='bbox 994 2059 1206 2131; x_wconf 90' lang='lat' dir='ltr'><strong>occupantibus</strong></span> <span class='ocrx_word' id='word_1_255' title='bbox 1222 2059 1357 2132; x_wconf 89' lang='lat' dir='ltr'><strong>negotiis,</strong></span> <span class='ocrx_word' id='word_1_256' title='bbox 1370 2059 1472 2116; x_wconf 89' lang='lat' dir='ltr'><strong>saltem</strong></span> <span class='ocrx_word' id='word_1_257' title='bbox 1483 2059 1610 2132; x_wconf 90' lang='lat' dir='ltr'><strong>petimus</strong></span> <span class='ocrx_word' id='word_1_258' title='bbox 1621 2059 1717 2131; x_wconf 90' lang='lat' dir='ltr'><strong>ipsam</strong></span> <span class='ocrx_word' id='word_1_259' title='bbox 1732 2073 1817 2130; x_wconf 79' lang='lat' dir='ltr'><strong>syno-</strong></span> 
     </span>
     <span class='ocr_line' id='line_1_21' title="bbox 117 2142 1814 2221; baseline 0 -22"><span class='ocrx_word' id='word_1_260' title='bbox 117 2142 184 2216; x_wconf 90' lang='lat' dir='ltr'><strong>plus</strong></span> <span class='ocrx_word' id='word_1_261' title='bbox 198 2144 264 2201; x_wconf 92' lang='lat' dir='ltr'><strong>odio</strong></span> <span class='ocrx_word' id='word_1_262' title='bbox 280 2161 450 2202; x_wconf 86' lang='lat' dir='ltr'><strong>consecrare</strong></span> <span class='ocrx_word' id='word_1_263' title='bbox 475 2163 542 2203; x_wconf 90' lang='lat' dir='ltr'><strong>eum</strong></span> <span class='ocrx_word' id='word_1_264' title='bbox 572 2147 727 2217; x_wconf 90' lang='lat' dir='ltr'><strong>noluerim,</strong></span> <span class='ocrx_word' id='word_1_265' title='bbox 744 2164 833 2220; x_wconf 91' lang='lat' dir='ltr'><strong>quam</strong></span> <span class='ocrx_word' id='word_1_266' title='bbox 857 2150 940 2221; x_wconf 88' lang='lat' dir='ltr'><strong>justa</strong></span> <span class='ocrx_word' id='word_1_267' title='bbox 994 2148 1065 2203; x_wconf 92' lang='lat' dir='ltr'><strong>dum</strong></span> <span class='ocrx_word' id='word_1_268' title='bbox 1082 2153 1224 2217; x_wconf 88' lang='lat' dir='ltr'><strong>nostram,</strong></span> <span class='ocrx_word' id='word_1_269' title='bbox 1236 2165 1302 2221; x_wconf 79' lang='lat' dir='ltr'><strong>quse</strong></span> <span class='ocrx_word' id='word_1_270' title='bbox 1312 2149 1413 2221; x_wconf 87' lang='lat' dir='ltr'><strong>utique</strong></span> <span class='ocrx_word' id='word_1_271' title='bbox 1428 2153 1457 2205; x_wconf 90' lang='lat' dir='ltr'><strong>et</strong></span> <span class='ocrx_word' id='word_1_272' title='bbox 1470 2153 1566 2205; x_wconf 89' lang='lat' dir='ltr'><strong>vestra</strong></span> <span class='ocrx_word' id='word_1_273' title='bbox 1580 2151 1635 2219; x_wconf 91' lang='lat' dir='ltr'><strong>est,</strong></span> <span class='ocrx_word' id='word_1_274' title='bbox 1645 2144 1814 2219; x_wconf 87' lang='lat' dir='ltr'><strong>apostolicis</strong></span> 
     </span>
     <span class='ocr_line' id='line_1_22' title="bbox 118 2231 1814 2310; baseline -0.001 -21"><span class='ocrx_word' id='word_1_275' title='bbox 118 2249 208 2290; x_wconf 89' lang='lat' dir='ltr'><strong>causa</strong></span> <span class='ocrx_word' id='word_1_276' title='bbox 222 2233 266 2290; x_wconf 91' lang='lat' dir='ltr'><strong>vel</strong></span> <span class='ocrx_word' id='word_1_277' title='bbox 282 2239 425 2307; x_wconf 80' lang='lat' dir='ltr'><strong>precepto</strong></span> <span class='ocrx_word' id='word_1_278' title='bbox 440 2240 546 2292; x_wconf 88' lang='lat' dir='ltr'><strong>vestre.</strong></span> <span class='ocrx_word' id='word_1_279' title='bbox 558 2235 588 2292; x_wconf 88' lang='lat' dir='ltr'><strong>Si</strong></span> <span class='ocrx_word' id='word_1_280' title='bbox 609 2252 677 2310; x_wconf 91' lang='lat' dir='ltr'><strong>ergo</strong></span> <span class='ocrx_word' id='word_1_281' title='bbox 696 2236 807 2293; x_wconf 89' lang='lat' dir='ltr'><strong>svobis</strong></span> <span class='ocrx_word' id='word_1_282' title='bbox 823 2237 938 2294; x_wconf 91' lang='lat' dir='ltr'><strong>discus·</strong></span> <span class='ocrx_word' id='word_1_283' title='bbox 994 2238 1160 2294; x_wconf 88' lang='lat' dir='ltr'><strong>sanctitatis</strong></span> <span class='ocrx_word' id='word_1_284' title='bbox 1170 2243 1271 2294; x_wconf 83' lang='lat' dir='ltr'><strong>vestrm</strong></span> <span class='ocrx_word' id='word_1_285' title='bbox 1286 2236 1392 2294; x_wconf 83' lang='lat' dir='ltr'><strong>litteris</strong></span> <span class='ocrx_word' id='word_1_286' title='bbox 1418 2235 1632 2310; x_wconf 68' lang='lat' dir='ltr'><strong>roborarique</strong></span> <span class='ocrx_word' id='word_1_287' title='bbox 1656 2240 1685 2292; x_wconf 90' lang='lat' dir='ltr'><strong>et</strong></span> <span class='ocrx_word' id='word_1_288' title='bbox 1700 2231 1814 2291; x_wconf 90' lang='lat' dir='ltr'><strong>rebelli-</strong></span> 
     </span>
     <span class='ocr_line' id='line_1_23' title="bbox 116 2322 1814 2398; baseline -0.001 -20"><span class='ocrx_word' id='word_1_289' title='bbox 116 2338 179 2390; x_wconf 90' lang='lat' dir='ltr'><strong>sus,</strong></span> <span class='ocrx_word' id='word_1_290' title='bbox 195 2322 336 2380; x_wconf 89' lang='lat' dir='ltr'><strong>innocens</strong></span> <span class='ocrx_word' id='word_1_291' title='bbox 353 2323 440 2379; x_wconf 88' lang='lat' dir='ltr'><strong>fuerit</strong></span> <span class='ocrx_word' id='word_1_292' title='bbox 456 2325 602 2397; x_wconf 89' lang='lat' dir='ltr'><strong>inventus,</strong></span> <span class='ocrx_word' id='word_1_293' title='bbox 618 2326 755 2383; x_wconf 90' lang='lat' dir='ltr'><strong>remittite</strong></span> <span class='ocrx_word' id='word_1_294' title='bbox 778 2343 846 2383; x_wconf 89' lang='lat' dir='ltr'><strong>eum</strong></span> <span class='ocrx_word' id='word_1_295' title='bbox 866 2327 939 2384; x_wconf 91' lang='lat' dir='ltr'><strong>mihi</strong></span> <span class='ocrx_word' id='word_1_296' title='bbox 993 2323 1050 2380; x_wconf 90' lang='lat' dir='ltr'><strong>bus</strong></span> <span class='ocrx_word' id='word_1_297' title='bbox 1065 2324 1222 2381; x_wconf 90' lang='lat' dir='ltr'><strong>anathema</strong></span> <span class='ocrx_word' id='word_1_298' title='bbox 1236 2325 1419 2394; x_wconf 90' lang='lat' dir='ltr'><strong>denuntient,</strong></span> <span class='ocrx_word' id='word_1_299' title='bbox 1435 2329 1464 2382; x_wconf 91' lang='lat' dir='ltr'><strong>et</strong></span> <span class='ocrx_word' id='word_1_300' title='bbox 1478 2340 1660 2398; x_wconf 78' lang='lat' dir='ltr'><strong>quacunque</strong></span> <span class='ocrx_word' id='word_1_301' title='bbox 1680 2322 1752 2379; x_wconf 93' lang='lat' dir='ltr'><strong>inibi</strong></span> <span class='ocrx_word' id='word_1_302' title='bbox 1768 2338 1814 2378; x_wconf 93' lang='lat' dir='ltr'><strong>ca·</strong></span> 
     </span>
     <span class='ocr_line' id='line_1_24' title="bbox 115 2412 1702 2489; baseline 0.001 -23"><span class='ocrx_word' id='word_1_303' title='bbox 115 2415 145 2467; x_wconf 90' lang='lat' dir='ltr'><strong>ct</strong></span> <span class='ocrx_word' id='word_1_304' title='bbox 159 2412 300 2468; x_wconf 89' lang='lat' dir='ltr'><strong>fratribus</strong></span> <span class='ocrx_word' id='word_1_305' title='bbox 316 2412 389 2469; x_wconf 92' lang='lat' dir='ltr'><strong>meis</strong></span> <span class='ocrx_word' id='word_1_306' title='bbox 404 2415 645 2483; x_wconf 88' lang='lat' dir='ltr'><strong>consecrandum,</strong></span> <span class='ocrx_word' id='word_1_307' title='bbox 659 2419 690 2471; x_wconf 91' lang='lat' dir='ltr'><strong>ut</strong></span> <span class='ocrx_word' id='word_1_308' title='bbox 705 2415 781 2472; x_wconf 90' lang='lat' dir='ltr'><strong>sicut</strong></span> <span class='ocrx_word' id='word_1_309' title='bbox 795 2421 908 2489; x_wconf 89' lang='lat' dir='ltr'><strong>oportet</strong></span> <span class='ocrx_word' id='word_1_310' title='bbox 923 2434 940 2473; x_wconf 89' lang='lat' dir='ltr'><strong>u</strong></span> <span class='ocrx_word' id='word_1_311' title='bbox 994 2413 1097 2470; x_wconf 90' lang='lat' dir='ltr'><strong>nonice</strong></span> <span class='ocrx_word' id='word_1_312' title='bbox 1112 2418 1203 2487; x_wconf 91' lang='lat' dir='ltr'><strong>gesta,</strong></span> <span class='ocrx_word' id='word_1_313' title='bbox 1220 2419 1316 2471; x_wconf 89' lang='lat' dir='ltr'><strong>vestra</strong></span> <span class='ocrx_word' id='word_1_314' title='bbox 1332 2415 1504 2472; x_wconf 87' lang='lat' dir='ltr'><strong>auctoritate</strong></span> <span class='ocrx_word' id='word_1_315' title='bbox 1518 2414 1702 2471; x_wconf 80' lang='lat' dir='ltr'><strong>confirment.</strong></span> 
     </span>
     <span class='ocr_line' id='line_1_25' title="bbox 117 2500 1816 2577; baseline 0.001 -22"><span class='ocrx_word' id='word_1_316' title='bbox 117 2500 203 2556; x_wconf 89' lang='lat' dir='ltr'><strong>nobis</strong></span> <span class='ocrx_word' id='word_1_317' title='bbox 219 2502 357 2560; x_wconf 88' lang='lat' dir='ltr'><strong>canonice</strong></span> <span class='ocrx_word' id='word_1_318' title='bbox 372 2503 497 2577; x_wconf 88' lang='lat' dir='ltr'><strong>accipiat</strong></span> <span class='ocrx_word' id='word_1_319' title='bbox 511 2505 608 2561; x_wconf 92' lang='lat' dir='ltr'><strong>oleum</strong></span> <span class='ocrx_word' id='word_1_320' title='bbox 624 2504 864 2562; x_wconf 89' lang='lat' dir='ltr'><strong>consecrationis.</strong></span> <span class='ocrx_word' id='word_1_321' title='bbox 879 2506 939 2562; x_wconf 90' lang='lat' dir='ltr'><strong>Hoc</strong></span> <span class='ocrx_word' id='word_1_322' title='bbox 1029 2501 1103 2566; x_wconf 89' lang='lat' dir='ltr'><strong>Quia</strong></span> <span class='ocrx_word' id='word_1_323' title='bbox 1116 2519 1183 2560; x_wconf 91' lang='lat' dir='ltr'><strong>vero</strong></span> <span class='ocrx_word' id='word_1_324' title='bbox 1196 2503 1325 2560; x_wconf 85' lang='lat' dir='ltr'><strong>maxima</strong></span> <span class='ocrx_word' id='word_1_325' title='bbox 1335 2520 1458 2577; x_wconf 82' lang='lat' dir='ltr'><strong>quaque</strong></span> <span class='ocrx_word' id='word_1_326' title='bbox 1471 2502 1673 2561; x_wconf 82' lang='lat' dir='ltr'><strong>ecclesiastica</strong></span> <span class='ocrx_word' id='word_1_327' title='bbox 1689 2500 1816 2574; x_wconf 90' lang='lat' dir='ltr'><strong>discipli·</strong></span> 
     </span>
     <span class='ocr_line' id='line_1_26' title="bbox 117 2589 1816 2667; baseline 0 -21"><span class='ocrx_word' id='word_1_328' title='bbox 117 2592 215 2646; x_wconf 88' lang='lat' dir='ltr'><strong>autem</strong></span> <span class='ocrx_word' id='word_1_329' title='bbox 232 2589 260 2647; x_wconf 96' lang='lat' dir='ltr'><strong>in</strong></span> <span class='ocrx_word' id='word_1_330' title='bbox 277 2592 371 2649; x_wconf 89' lang='lat' dir='ltr'><strong>fronte</strong></span> <span class='ocrx_word' id='word_1_331' title='bbox 385 2598 415 2650; x_wconf 89' lang='lat' dir='ltr'><strong>et</strong></span> <span class='ocrx_word' id='word_1_332' title='bbox 428 2593 459 2649; x_wconf 91' lang='lat' dir='ltr'><strong>in</strong></span> <span class='ocrx_word' id='word_1_333' title='bbox 483 2593 561 2651; x_wconf 90' lang='lat' dir='ltr'><strong>calce</strong></span> <span class='ocrx_word' id='word_1_334' title='bbox 580 2598 680 2651; x_wconf 87' lang='lat' dir='ltr'><strong>nostra</strong></span> <span class='ocrx_word' id='word_1_335' title='bbox 694 2598 791 2651; x_wconf 89' lang='lat' dir='ltr'><strong>teneat</strong></span> <span class='ocrx_word' id='word_1_336' title='bbox 805 2593 938 2667; x_wconf 87' lang='lat' dir='ltr'><strong>epistola,</strong></span> <span class='ocrx_word' id='word_1_337' title='bbox 994 2608 1037 2647; x_wconf 83' lang='lat' dir='ltr'><strong>na</strong></span> <span class='ocrx_word' id='word_1_338' title='bbox 1049 2592 1166 2665; x_wconf 90' lang='lat' dir='ltr'><strong>negotia</strong></span> <span class='ocrx_word' id='word_1_339' title='bbox 1178 2593 1213 2649; x_wconf 89' lang='lat' dir='ltr'><strong>ab</strong></span> <span class='ocrx_word' id='word_1_340' title='bbox 1225 2593 1290 2666; x_wconf 89' lang='lat' dir='ltr'><strong>ipso</strong></span> <span class='ocrx_word' id='word_1_341' title='bbox 1301 2591 1461 2666; x_wconf 81' lang='lat' dir='ltr'><strong>presulum</strong></span> <span class='ocrx_word' id='word_1_342' title='bbox 1470 2592 1578 2651; x_wconf 86' lang='lat' dir='ltr'><strong>vertice</strong></span> <span class='ocrx_word' id='word_1_343' title='bbox 1587 2593 1693 2650; x_wconf 91' lang='lat' dir='ltr'><strong>debent</strong></span> <span class='ocrx_word' id='word_1_344' title='bbox 1707 2589 1816 2648; x_wconf 81' lang='lat' dir='ltr'><strong>exami-</strong></span> 
     </span>
     <span class='ocr_line' id='line_1_27' title="bbox 117 2678 1816 2756; baseline -0.001 -21"><span class='ocrx_word' id='word_1_345' title='bbox 117 2679 195 2751; x_wconf 90' lang='lat' dir='ltr'><strong>quod</strong></span> <span class='ocrx_word' id='word_1_346' title='bbox 212 2695 270 2736; x_wconf 92' lang='lat' dir='ltr'><strong>non</strong></span> <span class='ocrx_word' id='word_1_347' title='bbox 285 2684 330 2737; x_wconf 87' lang='lat' dir='ltr'><strong>est</strong></span> <span class='ocrx_word' id='word_1_348' title='bbox 344 2681 431 2738; x_wconf 92' lang='lat' dir='ltr'><strong>bomo</strong></span> <span class='ocrx_word' id='word_1_349' title='bbox 445 2682 606 2755; x_wconf 89' lang='lat' dir='ltr'><strong>vivensqui</strong></span> <span class='ocrx_word' id='word_1_350' title='bbox 616 2684 778 2756; x_wconf 92' lang='lat' dir='ltr'><strong>promptior</strong></span> <span class='ocrx_word' id='word_1_351' title='bbox 787 2684 826 2739; x_wconf 89' lang='lat' dir='ltr'><strong>sit</strong></span> <span class='ocrx_word' id='word_1_352' title='bbox 841 2700 888 2740; x_wconf 90' lang='lat' dir='ltr'><strong>me</strong></span> <span class='ocrx_word' id='word_1_353' title='bbox 903 2685 938 2741; x_wconf 90' lang='lat' dir='ltr'><strong>ad</strong></span> <span class='ocrx_word' id='word_1_354' title='bbox 994 2681 1068 2753; x_wconf 90' lang='lat' dir='ltr'><strong>nari,</strong></span> <span class='ocrx_word' id='word_1_355' title='bbox 1082 2682 1167 2754; x_wconf 85' lang='lat' dir='ltr'><strong>cujus</strong></span> <span class='ocrx_word' id='word_1_356' title='bbox 1177 2699 1211 2738; x_wconf 85' lang='lat' dir='ltr'><strong>ex</strong></span> <span class='ocrx_word' id='word_1_357' title='bbox 1221 2682 1354 2754; x_wconf 84' lang='lat' dir='ltr'><strong>injuncte</strong></span> <span class='ocrx_word' id='word_1_358' title='bbox 1364 2682 1496 2739; x_wconf 90' lang='lat' dir='ltr'><strong>omnium</strong></span> <span class='ocrx_word' id='word_1_359' title='bbox 1507 2681 1698 2740; x_wconf 85' lang='lat' dir='ltr'><strong>ecclesiarum</strong></span> <span class='ocrx_word' id='word_1_360' title='bbox 1709 2678 1816 2738; x_wconf 90' lang='lat' dir='ltr'><strong>sollici·</strong></span> 
     </span>
     <span class='ocr_line' id='line_1_28' title="bbox 117 2768 1814 2846; baseline 0 -21"><span class='ocrx_word' id='word_1_361' title='bbox 117 2768 218 2825; x_wconf 93' lang='lat' dir='ltr'><strong>omnia</strong></span> <span class='ocrx_word' id='word_1_362' title='bbox 232 2773 332 2826; x_wconf 81' lang='lat' dir='ltr'><strong>vestra</strong></span> <span class='ocrx_word' id='word_1_363' title='bbox 339 2770 484 2843; x_wconf 89' lang='lat' dir='ltr'><strong>jussionis</strong></span> <span class='ocrx_word' id='word_1_364' title='bbox 499 2771 650 2844; x_wconf 88' lang='lat' dir='ltr'><strong>obsequia.</strong></span> <span class='ocrx_word' id='word_1_365' title='bbox 668 2771 721 2838; x_wconf 85' lang='lat' dir='ltr'><strong>Qui</strong></span> <span class='ocrx_word' id='word_1_366' title='bbox 735 2789 786 2828; x_wconf 90' lang='lat' dir='ltr'><strong>vos</strong></span> <span class='ocrx_word' id='word_1_367' title='bbox 801 2775 940 2846; x_wconf 75' lang='lat' dir='ltr'><strong>prevenit</strong></span> <span class='ocrx_word' id='word_1_368' title='bbox 993 2770 1105 2840; x_wconf 85' lang='lat' dir='ltr'><strong>tudine,</strong></span> <span class='ocrx_word' id='word_1_369' title='bbox 1121 2769 1306 2844; x_wconf 88' lang='lat' dir='ltr'><strong>privilegium</strong></span> <span class='ocrx_word' id='word_1_370' title='bbox 1322 2780 1377 2841; x_wconf 90' lang='lat' dir='ltr'><strong>est,</strong></span> <span class='ocrx_word' id='word_1_371' title='bbox 1392 2773 1470 2845; x_wconf 89' lang='lat' dir='ltr'><strong>quod</strong></span> <span class='ocrx_word' id='word_1_372' title='bbox 1493 2788 1546 2845; x_wconf 91' lang='lat' dir='ltr'><strong>per</strong></span> <span class='ocrx_word' id='word_1_373' title='bbox 1568 2788 1622 2829; x_wconf 90' lang='lat' dir='ltr'><strong>nos</strong></span> <span class='ocrx_word' id='word_1_374' title='bbox 1637 2787 1696 2827; x_wconf 92' lang='lat' dir='ltr'><strong>non</strong></span> <span class='ocrx_word' id='word_1_375' title='bbox 1710 2785 1814 2844; x_wconf 89' lang='lat' dir='ltr'><strong>possu-</strong></span> 
     </span>
     <span class='ocr_line' id='line_1_29' title="bbox 117 2855 1816 2935; baseline 0.001 -23"><span class='ocrx_word' id='word_1_376' title='bbox 117 2855 149 2912; x_wconf 92' lang='lat' dir='ltr'><strong>in</strong></span> <span class='ocrx_word' id='word_1_377' title='bbox 164 2858 415 2916; x_wconf 84' lang='lat' dir='ltr'><strong>benedictionibus</strong></span> <span class='ocrx_word' id='word_1_378' title='bbox 440 2858 614 2928; x_wconf 91' lang='lat' dir='ltr'><strong>dulcedinis,</strong></span> <span class='ocrx_word' id='word_1_379' title='bbox 631 2865 719 2934; x_wconf 90' lang='lat' dir='ltr'><strong>ponat</strong></span> <span class='ocrx_word' id='word_1_380' title='bbox 746 2877 836 2934; x_wconf 87' lang='lat' dir='ltr'><strong>super</strong></span> <span class='ocrx_word' id='word_1_381' title='bbox 852 2867 940 2935; x_wconf 90' lang='lat' dir='ltr'><strong>caput</strong></span> <span class='ocrx_word' id='word_1_382' title='bbox 994 2876 1061 2915; x_wconf 91' lang='lat' dir='ltr'><strong>mus</strong></span> <span class='ocrx_word' id='word_1_383' title='bbox 1077 2859 1232 2933; x_wconf 88' lang='lat' dir='ltr'><strong>corrigere,</strong></span> <span class='ocrx_word' id='word_1_384' title='bbox 1246 2861 1282 2917; x_wconf 91' lang='lat' dir='ltr'><strong>ad</strong></span> <span class='ocrx_word' id='word_1_385' title='bbox 1295 2860 1490 2933; x_wconf 89' lang='lat' dir='ltr'><strong>patrocinium</strong></span> <span class='ocrx_word' id='word_1_386' title='bbox 1506 2859 1647 2917; x_wconf 86' lang='lat' dir='ltr'><strong>almitatis</strong></span> <span class='ocrx_word' id='word_1_387' title='bbox 1656 2862 1757 2917; x_wconf 86' lang='lat' dir='ltr'><strong>vestras</strong></span> <span class='ocrx_word' id='word_1_388' title='bbox 1773 2873 1816 2914; x_wconf 92' lang='lat' dir='ltr'><strong>rc-</strong></span> 
     </span>
     <span class='ocr_line' id='line_1_30' title="bbox 117 2947 1815 3024; baseline 0 -21"><span class='ocrx_word' id='word_1_389' title='bbox 117 2951 249 3004; x_wconf 82' lang='lat' dir='ltr'><strong>restrum</strong></span> <span class='ocrx_word' id='word_1_390' title='bbox 265 2965 402 3005; x_wconf 90' lang='lat' dir='ltr'><strong>coronam</strong></span> <span class='ocrx_word' id='word_1_391' title='bbox 417 2953 531 3006; x_wconf 76' lang='lat' dir='ltr'><strong>aterna</strong></span> <span class='ocrx_word' id='word_1_392' title='bbox 544 2949 735 3007; x_wconf 88' lang='lat' dir='ltr'><strong>beatitudinis</strong></span> <span class='ocrx_word' id='word_1_393' title='bbox 751 2950 818 3023; x_wconf 71' lang='grc'><strong>(26).</strong></span> <span class='ocrx_word' id='word_1_394' title='bbox 993 2947 1127 3015; x_wconf 89' lang='lat' dir='ltr'><strong>ferimus,</strong></span> <span class='ocrx_word' id='word_1_395' title='bbox 1143 2949 1220 3021; x_wconf 88' lang='lat' dir='ltr'><strong>quod</strong></span> <span class='ocrx_word' id='word_1_396' title='bbox 1237 2949 1324 3006; x_wconf 89' lang='lat' dir='ltr'><strong>etiam</strong></span> <span class='ocrx_word' id='word_1_397' title='bbox 1340 2950 1454 3024; x_wconf 90' lang='lat' dir='ltr'><strong>pridem</strong></span> <span class='ocrx_word' id='word_1_398' title='bbox 1469 2951 1571 3007; x_wconf 89' lang='lat' dir='ltr'><strong>advos</strong></span> <span class='ocrx_word' id='word_1_399' title='bbox 1585 2948 1753 3023; x_wconf 85' lang='lat' dir='ltr'><strong>pervenisse</strong></span> <span class='ocrx_word' id='word_1_400' title='bbox 1767 2962 1815 3004; x_wconf 91' lang='lat' dir='ltr'><strong>co·</strong></span> 
     </span>
     <span class='ocr_line' id='line_1_31' title="bbox 406 3033 1815 3121; baseline -0.001 -29"><span class='ocrx_word' id='word_1_401' title='bbox 406 3063 581 3120; x_wconf 64' lang='lat' dir='ltr'>EPISTOLA</span> <span class='ocrx_word' id='word_1_402' title='bbox 597 3063 645 3121; x_wconf 38' lang='grc' dir='ltr'><strong>ΠΙ.</strong></span> <span class='ocrx_word' id='word_1_403' title='bbox 994 3038 1149 3109; x_wconf 90' lang='lat' dir='ltr'><strong>gnovimus</strong></span> <span class='ocrx_word' id='word_1_404' title='bbox 1159 3037 1580 3096; x_wconf 88' lang='lat' dir='ltr'><strong>decrudclissimaetinaudita</strong></span> <span class='ocrx_word' id='word_1_405' title='bbox 1590 3033 1815 3111; x_wconf 90' lang='lat' dir='ltr'><strong>necedesignati</strong></span> 
     </span>
    </p>
   </div>
   <div class='ocr_carea' id='block_1_3' title="bbox 122 3126 1818 3298">
    <p class='ocr_par' dir='ltr' id='par_1_3' title="bbox 122 3126 1818 3298">
     <span class='ocr_line' id='line_1_32' title="bbox 122 3126 1816 3225; baseline 0 -19"><span class='ocrx_word' id='word_1_406' title='bbox 122 3149 315 3208; x_wconf 79' lang='lat' dir='ltr'><strong>Alexandrum</strong></span> <span class='ocrx_word' id='word_1_407' title='bbox 330 3161 407 3225; x_wconf 79' lang='lat' dir='ltr'><strong>repat</strong></span> <span class='ocrx_word' id='word_1_408' title='bbox 421 3161 452 3208; x_wconf 85' lang='lat' dir='ltr'><strong>ut</strong></span> <span class='ocrx_word' id='word_1_409' title='bbox 464 3155 595 3209; x_wconf 82' lang='lat' dir='ltr'><strong>cononice</strong></span> <span class='ocrx_word' id='word_1_410' title='bbox 609 3154 759 3209; x_wconf 80' lang='lat' dir='ltr'><strong>ulciscetur</strong></span> <span class='ocrx_word' id='word_1_411' title='bbox 777 3160 804 3208; x_wconf 85' lang='lat' dir='ltr'><strong>ct</strong></span> <span class='ocrx_word' id='word_1_412' title='bbox 825 3155 938 3210; x_wconf 70' lang='lat' dir='ltr'><strong>seueru-</strong></span> <span class='ocrx_word' id='word_1_413' title='bbox 993 3126 1216 3182; x_wconf 56' lang='lat' dir='ltr'><strong>Tfflvefflmium</strong></span> <span class='ocrx_word' id='word_1_414' title='bbox 1227 3127 1365 3200; x_wconf 66' lang='lat' dir='ltr'><strong>⁶Pi³⁰⁰Pir</strong></span> <span class='ocrx_word' id='word_1_415' title='bbox 1377 3127 1428 3200; x_wconf 67' lang='lat' dir='ltr'><strong>qui</strong></span> <span class='ocrx_word' id='word_1_416' title='bbox 1438 3127 1816 3200; x_wconf 52' lang='lat' dir='ltr'><strong>Chii⁸ti⁸¹¹l⁸l⁰mp⁰fib⁰⁸v</strong></span> 
     </span>
     <span class='ocr_line' id='line_1_33' title="bbox 155 3193 1818 3298; baseline -0.005 -22"><span class='ocrx_word' id='word_1_417' title='bbox 155 3225 224 3280; x_wconf 79' lang='lat' dir='ltr'><strong>sime</strong></span> <span class='ocrx_word' id='word_1_418' title='bbox 235 3226 336 3296; x_wconf 80' lang='lat' dir='ltr'><strong>puniat</strong></span> <span class='ocrx_word' id='word_1_419' title='bbox 350 3224 504 3296; x_wconf 76' lang='lat' dir='ltr'><strong>nefandum</strong></span> <span class='ocrx_word' id='word_1_420' title='bbox 528 3224 649 3282; x_wconf 70' lang='lat' dir='ltr'><strong>canonis</strong></span> <span class='ocrx_word' id='word_1_421' title='bbox 667 3225 867 3298; x_wconf 61' lang='lat' dir='ltr'><strong>arcliepircopr·</strong></span> <span class='ocrx_word' id='word_1_422' title='bbox 882 3227 940 3281; x_wconf 72' lang='lat' dir='ltr'><strong>Tre.</strong></span> <span class='ocrx_word' id='word_1_423' title='bbox 955 3193 977 3264; x_wconf 75' lang='lat' dir='ltr'>C</span> <span class='ocrx_word' id='word_1_424' title='bbox 995 3214 1218 3271; x_wconf 89' lang='lat' dir='ltr'><strong>neiandiissima</strong></span> <span class='ocrx_word' id='word_1_425' title='bbox 1228 3220 1258 3272; x_wconf 90' lang='lat' dir='ltr'><strong>ct</strong></span> <span class='ocrx_word' id='word_1_426' title='bbox 1268 3214 1674 3272; x_wconf 85' lang='lat' dir='ltr'><strong>sceleratissimaNeroniana</strong></span> <span class='ocrx_word' id='word_1_427' title='bbox 1686 3214 1818 3271; x_wconf 90' lang='lat' dir='ltr'><strong>etDecia·</strong></span> 
     </span>
    </p>
   </div>
   <div class='ocr_carea' id='block_1_4' title="bbox 110 3295 1893 5520">
    <p class='ocr_par' dir='ltr' id='par_1_4' title="bbox 110 3295 1893 5520">
     <span class='ocr_line' id='line_1_34' title="bbox 152 3295 1817 3380; baseline 0.006 -31"><span class='ocrx_word' id='word_1_428' title='bbox 152 3297 269 3379; x_wconf 64' lang='lat' dir='ltr'><strong>virescis</strong></span> <span class='ocrx_word' id='word_1_429' title='bbox 283 3295 394 3365; x_wconf 65' lang='lat' dir='ltr'><strong>mrtem,</strong></span> <span class='ocrx_word' id='word_1_430' title='bbox 408 3302 436 3352; x_wconf 85' lang='lat' dir='ltr'><strong>ct</strong></span> <span class='ocrx_word' id='word_1_431' title='bbox 450 3305 481 3352; x_wconf 85' lang='lat' dir='ltr'><strong>ut</strong></span> <span class='ocrx_word' id='word_1_432' title='bbox 495 3296 528 3353; x_wconf 86' lang='lat' dir='ltr'><strong>de</strong></span> <span class='ocrx_word' id='word_1_433' title='bbox 541 3297 628 3380; x_wconf 77' lang='lat' dir='ltr'><strong>fatere</strong></span> <span class='ocrx_word' id='word_1_434' title='bbox 641 3313 689 3353; x_wconf 84' lang='lat' dir='ltr'><strong>suo</strong></span> <span class='ocrx_word' id='word_1_435' title='bbox 703 3296 826 3352; x_wconf 78' lang='lat' dir='ltr'><strong>tremisce</strong></span> <span class='ocrx_word' id='word_1_436' title='bbox 848 3299 941 3354; x_wconf 83' lang='lat' dir='ltr'><strong>mittut</strong></span> <span class='ocrx_word' id='word_1_437' title='bbox 995 3320 1038 3358; x_wconf 83' lang='lat' dir='ltr'><strong>na</strong></span> <span class='ocrx_word' id='word_1_438' title='bbox 1054 3304 1265 3377; x_wconf 85' lang='lat' dir='ltr'><strong>persecutionis</strong></span> <span class='ocrx_word' id='word_1_439' title='bbox 1278 3305 1476 3361; x_wconf 86' lang='lat' dir='ltr'><strong>cruciamenta</strong></span> <span class='ocrx_word' id='word_1_440' title='bbox 1485 3312 1632 3378; x_wconf 86' lang='lat' dir='ltr'><strong>expertus,</strong></span> <span class='ocrx_word' id='word_1_441' title='bbox 1640 3303 1772 3361; x_wconf 86' lang='lat' dir='ltr'><strong>horribili</strong></span> <span class='ocrx_word' id='word_1_442' title='bbox 1788 3305 1817 3359; x_wconf 87' lang='lat' dir='ltr'><strong>et</strong></span> 
     </span>
     <span class='ocr_line' id='line_1_35' title="bbox 151 3367 1813 3468; baseline 0.016 -46"><span class='ocrx_word' id='word_1_443' title='bbox 151 3382 198 3438; x_wconf 79' lang='lat' dir='ltr'><strong>pas</strong></span> <span class='ocrx_word' id='word_1_444' title='bbox 212 3367 313 3440; x_wconf 79' lang='lat' dir='ltr'><strong>synodo</strong></span> <span class='ocrx_word' id='word_1_445' title='bbox 331 3368 525 3440; x_wconf 78' lang='lat' dir='ltr'><strong>conprcpcnda</strong></span> <span class='ocrx_word' id='word_1_446' title='bbox 539 3372 662 3440; x_wconf 70' lang='lat' dir='ltr'><strong>pressat·</strong></span> <span class='ocrx_word' id='word_1_447' title='bbox 994 3392 1163 3449; x_wconf 83' lang='lat' dir='ltr'><strong>exsecrabili</strong></span> <span class='ocrx_word' id='word_1_448' title='bbox 1180 3410 1332 3466; x_wconf 85' lang='lat' dir='ltr'><strong>paenarum</strong></span> <span class='ocrx_word' id='word_1_449' title='bbox 1349 3410 1453 3468; x_wconf 89' lang='lat' dir='ltr'><strong>genere</strong></span> <span class='ocrx_word' id='word_1_450' title='bbox 1468 3393 1602 3450; x_wconf 89' lang='lat' dir='ltr'><strong>addictus</strong></span> <span class='ocrx_word' id='word_1_451' title='bbox 1612 3397 1657 3450; x_wconf 91' lang='lat' dir='ltr'><strong>est</strong></span> <span class='ocrx_word' id='word_1_452' title='bbox 1667 3392 1813 3450; x_wconf 86' lang='lat' dir='ltr'><strong>morti.Ad</strong></span> 
     </span>
     <span class='ocr_line' id='line_1_36' title="bbox 152 3480 1814 3557; baseline -0.001 -20"><span class='ocrx_word' id='word_1_453' title='bbox 152 3481 264 3539; x_wconf 90' lang='lat' dir='ltr'><strong>Domno</strong></span> <span class='ocrx_word' id='word_1_454' title='bbox 284 3483 466 3555; x_wconf 87' lang='lat' dir='ltr'><strong>beatissimo,</strong></span> <span class='ocrx_word' id='word_1_455' title='bbox 482 3487 511 3540; x_wconf 88' lang='lat' dir='ltr'><strong>et</strong></span> <span class='ocrx_word' id='word_1_456' title='bbox 536 3500 601 3540; x_wconf 87' lang='lat' dir='ltr'><strong>vere</strong></span> <span class='ocrx_word' id='word_1_457' title='bbox 624 3482 776 3557; x_wconf 89' lang='lat' dir='ltr'><strong>apostolici</strong></span> <span class='ocrx_word' id='word_1_458' title='bbox 800 3484 940 3542; x_wconf 90' lang='lat' dir='ltr'><strong>culminis</strong></span> <span class='ocrx_word' id='word_1_459' title='bbox 994 3483 1080 3554; x_wconf 90' lang='lat' dir='ltr'><strong>cujus</strong></span> <span class='ocrx_word' id='word_1_460' title='bbox 1095 3488 1289 3540; x_wconf 79' lang='lat' dir='ltr'><strong>monstruosa</strong></span> <span class='ocrx_word' id='word_1_461' title='bbox 1306 3485 1386 3541; x_wconf 89' lang='lat' dir='ltr'><strong>necis</strong></span> <span class='ocrx_word' id='word_1_462' title='bbox 1410 3483 1563 3552; x_wconf 91' lang='lat' dir='ltr'><strong>ultionem,</strong></span> <span class='ocrx_word' id='word_1_463' title='bbox 1578 3482 1748 3541; x_wconf 90' lang='lat' dir='ltr'><strong>testamenti</strong></span> <span class='ocrx_word' id='word_1_464' title='bbox 1767 3480 1814 3538; x_wconf 90' lang='lat' dir='ltr'><strong>sui</strong></span> 
     </span>
     <span class='ocr_line' id='line_1_37' title="bbox 115 3570 1812 3647; baseline 0 -20"><span class='ocrx_word' id='word_1_465' title='bbox 115 3570 225 3628; x_wconf 89' lang='lat' dir='ltr'><strong>bonore</strong></span> <span class='ocrx_word' id='word_1_466' title='bbox 240 3573 407 3641; x_wconf 87' lang='lat' dir='ltr'><strong>reverendo,</strong></span> <span class='ocrx_word' id='word_1_467' title='bbox 423 3577 523 3629; x_wconf 89' lang='lat' dir='ltr'><strong>sancto</strong></span> <span class='ocrx_word' id='word_1_468' title='bbox 539 3578 656 3645; x_wconf 90' lang='lat' dir='ltr'><strong>patrum</strong></span> <span class='ocrx_word' id='word_1_469' title='bbox 672 3574 761 3645; x_wconf 88' lang='lat' dir='ltr'><strong>patri,</strong></span> <span class='ocrx_word' id='word_1_470' title='bbox 777 3578 806 3630; x_wconf 90' lang='lat' dir='ltr'><strong>et</strong></span> <span class='ocrx_word' id='word_1_471' title='bbox 821 3591 939 3632; x_wconf 90' lang='lat' dir='ltr'><strong>summo</strong></span> <span class='ocrx_word' id='word_1_472' title='bbox 993 3573 1161 3629; x_wconf 88' lang='lat' dir='ltr'><strong>recordatus</strong></span> <span class='ocrx_word' id='word_1_473' title='bbox 1171 3573 1301 3645; x_wconf 90' lang='lat' dir='ltr'><strong>primum</strong></span> <span class='ocrx_word' id='word_1_474' title='bbox 1317 3577 1453 3647; x_wconf 88' lang='lat' dir='ltr'><strong>assurgat</strong></span> <span class='ocrx_word' id='word_1_475' title='bbox 1464 3571 1812 3630; x_wconf 79' lang='lat' dir='ltr'><strong>Dominustesustibris-</strong></span> 
     </span>
     <span class='ocr_line' id='line_1_38' title="bbox 117 3658 1818 3737; baseline -0.001 -21"><span class='ocrx_word' id='word_1_476' title='bbox 117 3660 275 3732; x_wconf 74' lang='lat' dir='ltr'><strong>praesulum</strong></span> <span class='ocrx_word' id='word_1_477' title='bbox 291 3660 408 3734; x_wconf 79' lang='lat' dir='ltr'><strong>praesuli</strong></span> <span class='ocrx_word' id='word_1_478' title='bbox 423 3664 596 3718; x_wconf 79' lang='lat' dir='ltr'><strong>Ansxsunso</strong></span> <span class='ocrx_word' id='word_1_479' title='bbox 612 3663 647 3730; x_wconf 92' lang='lat' dir='ltr'><strong>ll,</strong></span> <span class='ocrx_word' id='word_1_480' title='bbox 663 3667 798 3719; x_wconf 78' lang='lat' dir='ltr'><strong>Srrsrnus</strong></span> <span class='ocrx_word' id='word_1_481' title='bbox 816 3662 939 3737; x_wconf 89' lang='lat' dir='ltr'><strong>Mogun-</strong></span> <span class='ocrx_word' id='word_1_482' title='bbox 994 3660 1280 3728; x_wconf 82' lang='lat' dir='ltr'><strong>tus,daindevestra</strong></span> <span class='ocrx_word' id='word_1_483' title='bbox 1291 3662 1473 3719; x_wconf 89' lang='lat' dir='ltr'><strong>auctoritatis</strong></span> <span class='ocrx_word' id='word_1_484' title='bbox 1485 3661 1646 3718; x_wconf 89' lang='lat' dir='ltr'><strong>fortissima</strong></span> <span class='ocrx_word' id='word_1_485' title='bbox 1657 3665 1686 3717; x_wconf 91' lang='lat' dir='ltr'><strong>et</strong></span> <span class='ocrx_word' id='word_1_486' title='bbox 1695 3658 1818 3733; x_wconf 89' lang='lat' dir='ltr'><strong>patroci-</strong></span> 
     </span>
     <span class='ocr_line' id='line_1_39' title="bbox 117 3749 1817 3825; baseline -0.001 -20"><span class='ocrx_word' id='word_1_487' title='bbox 117 3749 185 3805; x_wconf 80' lang='lat' dir='ltr'><strong>tina</strong></span> <span class='ocrx_word' id='word_1_488' title='bbox 201 3750 366 3823; x_wconf 86' lang='lat' dir='ltr'><strong>speculator</strong></span> <span class='ocrx_word' id='word_1_489' title='bbox 380 3751 524 3819; x_wconf 79' lang='lat' dir='ltr'><strong>Ecclesia,</strong></span> <span class='ocrx_word' id='word_1_490' title='bbox 540 3749 682 3823; x_wconf 90' lang='lat' dir='ltr'><strong>quidquid</strong></span> <span class='ocrx_word' id='word_1_491' title='bbox 711 3749 789 3807; x_wconf 89' lang='lat' dir='ltr'><strong>tilius</strong></span> <span class='ocrx_word' id='word_1_492' title='bbox 810 3751 896 3825; x_wconf 90' lang='lat' dir='ltr'><strong>patri,</strong></span> <span class='ocrx_word' id='word_1_493' title='bbox 911 3755 940 3809; x_wconf 91' lang='lat' dir='ltr'><strong>et</strong></span> <span class='ocrx_word' id='word_1_494' title='bbox 994 3749 1070 3807; x_wconf 87' lang='lat' dir='ltr'><strong>nafis</strong></span> <span class='ocrx_word' id='word_1_495' title='bbox 1086 3767 1202 3808; x_wconf 89' lang='lat' dir='ltr'><strong>manus.</strong></span> <span class='ocrx_word' id='word_1_496' title='bbox 1214 3751 1309 3808; x_wconf 84' lang='lat' dir='ltr'><strong>Sacris</strong></span> <span class='ocrx_word' id='word_1_497' title='bbox 1320 3767 1603 3824; x_wconf 90' lang='lat' dir='ltr'><strong>namquecanonum</strong></span> <span class='ocrx_word' id='word_1_498' title='bbox 1613 3750 1737 3807; x_wconf 88' lang='lat' dir='ltr'><strong>decretis</strong></span> <span class='ocrx_word' id='word_1_499' title='bbox 1747 3765 1817 3805; x_wconf 89' lang='lat' dir='ltr'><strong>san·</strong></span> 
     </span>
     <span class='ocr_line' id='line_1_40' title="bbox 118 3836 1817 3914; baseline 0.001 -21"><span class='ocrx_word' id='word_1_500' title='bbox 118 3839 285 3895; x_wconf 85' lang='lat' dir='ltr'><strong>membrum</strong></span> <span class='ocrx_word' id='word_1_501' title='bbox 301 3840 400 3913; x_wconf 90' lang='lat' dir='ltr'><strong>capiti.</strong></span> <span class='ocrx_word' id='word_1_502' title='bbox 994 3838 1085 3894; x_wconf 90' lang='lat' dir='ltr'><strong>citum</strong></span> <span class='ocrx_word' id='word_1_503' title='bbox 1100 3844 1144 3896; x_wconf 90' lang='lat' dir='ltr'><strong>est</strong></span> <span class='ocrx_word' id='word_1_504' title='bbox 1160 3844 1193 3896; x_wconf 91' lang='lat' dir='ltr'><strong>ut</strong></span> <span class='ocrx_word' id='word_1_505' title='bbox 1216 3841 1310 3897; x_wconf 89' lang='lat' dir='ltr'><strong>sicubi</strong></span> <span class='ocrx_word' id='word_1_506' title='bbox 1338 3841 1492 3914; x_wconf 90' lang='lat' dir='ltr'><strong>episcopus</strong></span> <span class='ocrx_word' id='word_1_507' title='bbox 1511 3839 1672 3910; x_wconf 87' lang='lat' dir='ltr'><strong>ordinetur,</strong></span> <span class='ocrx_word' id='word_1_508' title='bbox 1688 3838 1739 3911; x_wconf 90' lang='lat' dir='ltr'><strong>qui</strong></span> <span class='ocrx_word' id='word_1_509' title='bbox 1757 3836 1817 3894; x_wconf 82' lang='lat' dir='ltr'><strong>vita</strong></span> 
     </span>
     <span class='ocr_line' id='line_1_41' title="bbox 152 3925 1815 4002; baseline -0.001 -19"><span class='ocrx_word' id='word_1_510' title='bbox 152 3928 324 4001; x_wconf 69' lang='lat' dir='ltr'><strong>apostolieae</strong></span> <span class='ocrx_word' id='word_1_511' title='bbox 336 3928 941 3986; x_wconf 87' lang='lat' dir='ltr'><strong>iustitutionisdocumentodidicimusma·</strong></span> <span class='ocrx_word' id='word_1_512' title='bbox 993 3927 1038 3983; x_wconf 90' lang='lat' dir='ltr'><strong>vet</strong></span> <span class='ocrx_word' id='word_1_513' title='bbox 1055 3928 1188 3985; x_wconf 91' lang='lat' dir='ltr'><strong>moribus</strong></span> <span class='ocrx_word' id='word_1_514' title='bbox 1205 3946 1221 3985; x_wconf 91' lang='lat' dir='ltr'><strong>a</strong></span> <span class='ocrx_word' id='word_1_515' title='bbox 1236 3933 1317 3985; x_wconf 89' lang='lat' dir='ltr'><strong>tanta</strong></span> <span class='ocrx_word' id='word_1_516' title='bbox 1329 3929 1476 4002; x_wconf 89' lang='lat' dir='ltr'><strong>discrepet</strong></span> <span class='ocrx_word' id='word_1_517' title='bbox 1491 3929 1643 4002; x_wconf 87' lang='lat' dir='ltr'><strong>dignitate,</strong></span> <span class='ocrx_word' id='word_1_518' title='bbox 1658 3925 1703 3983; x_wconf 88' lang='lat' dir='ltr'><strong>vel</strong></span> <span class='ocrx_word' id='word_1_519' title='bbox 1714 3925 1764 3998; x_wconf 77' lang='lat' dir='ltr'><strong>qui</strong></span> <span class='ocrx_word' id='word_1_520' title='bbox 1779 3925 1815 3981; x_wconf 91' lang='lat' dir='ltr'><strong>ad</strong></span> 
     </span>
     <span class='ocr_line' id='line_1_42' title="bbox 117 4014 1815 4092; baseline -0.002 -19"><span class='ocrx_word' id='word_1_521' title='bbox 117 4020 190 4073; x_wconf 90' lang='lat' dir='ltr'><strong>trem</strong></span> <span class='ocrx_word' id='word_1_522' title='bbox 202 4018 370 4074; x_wconf 89' lang='lat' dir='ltr'><strong>acradieem</strong></span> <span class='ocrx_word' id='word_1_523' title='bbox 380 4017 523 4074; x_wconf 86' lang='lat' dir='ltr'><strong>virtutum</strong></span> <span class='ocrx_word' id='word_1_524' title='bbox 534 4018 776 4075; x_wconf 89' lang='lat' dir='ltr'><strong>essccharitatem</strong></span> <span class='ocrx_word' id='word_1_525' title='bbox 786 4019 939 4092; x_wconf 90' lang='lat' dir='ltr'><strong>;cuiquid·</strong></span> <span class='ocrx_word' id='word_1_526' title='bbox 994 4020 1109 4073; x_wconf 90' lang='lat' dir='ltr'><strong>tantum</strong></span> <span class='ocrx_word' id='word_1_527' title='bbox 1126 4019 1265 4075; x_wconf 91' lang='lat' dir='ltr'><strong>ascendat</strong></span> <span class='ocrx_word' id='word_1_528' title='bbox 1275 4019 1386 4090; x_wconf 88' lang='lat' dir='ltr'><strong>apicem</strong></span> <span class='ocrx_word' id='word_1_529' title='bbox 1396 4017 1584 4091; x_wconf 89' lang='lat' dir='ltr'><strong>subreptione</strong></span> <span class='ocrx_word' id='word_1_530' title='bbox 1595 4034 1653 4073; x_wconf 91' lang='lat' dir='ltr'><strong>non</strong></span> <span class='ocrx_word' id='word_1_531' title='bbox 1665 4014 1815 4083; x_wconf 88' lang='lat' dir='ltr'><strong>electione,</strong></span> 
     </span>
     <span class='ocr_line' id='line_1_43' title="bbox 116 4105 1815 4181; baseline -0.001 -19"><span class='ocrx_word' id='word_1_532' title='bbox 116 4107 188 4179; x_wconf 88' lang='lat' dir='ltr'><strong>quid</strong></span> <span class='ocrx_word' id='word_1_533' title='bbox 204 4107 344 4164; x_wconf 88' lang='lat' dir='ltr'><strong>inseritur</strong></span> <span class='ocrx_word' id='word_1_534' title='bbox 365 4108 434 4164; x_wconf 93' lang='lat' dir='ltr'><strong>boni</strong></span> <span class='ocrx_word' id='word_1_535' title='bbox 463 4107 569 4181; x_wconf 87' lang='lat' dir='ltr'><strong>operis,</strong></span> <span class='ocrx_word' id='word_1_536' title='bbox 593 4107 710 4165; x_wconf 83' lang='lat' dir='ltr'><strong>Christo</strong></span> <span class='ocrx_word' id='word_1_537' title='bbox 726 4109 939 4165; x_wconf 88' lang='lat' dir='ltr'><strong>incrementum</strong></span> <span class='ocrx_word' id='word_1_538' title='bbox 994 4105 1021 4161; x_wconf 93' lang='lat' dir='ltr'><strong>ei</strong></span> <span class='ocrx_word' id='word_1_539' title='bbox 1037 4107 1216 4163; x_wconf 90' lang='lat' dir='ltr'><strong>audientiam</strong></span> <span class='ocrx_word' id='word_1_540' title='bbox 1233 4123 1289 4163; x_wconf 89' lang='lat' dir='ltr'><strong>non</strong></span> <span class='ocrx_word' id='word_1_541' title='bbox 1303 4108 1452 4181; x_wconf 87' lang='lat' dir='ltr'><strong>negari,et</strong></span> <span class='ocrx_word' id='word_1_542' title='bbox 1466 4106 1619 4164; x_wconf 89' lang='lat' dir='ltr'><strong>hocctism</strong></span> <span class='ocrx_word' id='word_1_543' title='bbox 1635 4109 1815 4178; x_wconf 82' lang='lat' dir='ltr'><strong>prutersen-</strong></span> 
     </span>
     <span class='ocr_line' id='line_1_44' title="bbox 116 4193 1817 4269; baseline -0.002 -18"><span class='ocrx_word' id='word_1_544' title='bbox 116 4195 215 4265; x_wconf 88' lang='lat' dir='ltr'><strong>dante,</strong></span> <span class='ocrx_word' id='word_1_545' title='bbox 231 4196 309 4269; x_wconf 83' lang='lat' dir='ltr'><strong>parit</strong></span> <span class='ocrx_word' id='word_1_546' title='bbox 323 4197 451 4253; x_wconf 89' lang='lat' dir='ltr'><strong>fructum</strong></span> <span class='ocrx_word' id='word_1_547' title='bbox 470 4201 584 4252; x_wconf 78' lang='lat' dir='ltr'><strong>uterum</strong></span> <span class='ocrx_word' id='word_1_548' title='bbox 607 4196 808 4253; x_wconf 86' lang='lat' dir='ltr'><strong>beatitudinis.</strong></span> <span class='ocrx_word' id='word_1_549' title='bbox 829 4198 895 4254; x_wconf 79' lang='lat' dir='ltr'><strong>Hac</strong></span> <span class='ocrx_word' id='word_1_550' title='bbox 909 4201 939 4254; x_wconf 94' lang='lat' dir='ltr'><strong>in</strong></span> <span class='ocrx_word' id='word_1_551' title='bbox 994 4194 1115 4251; x_wconf 84' lang='lat' dir='ltr'><strong>tentiam</strong></span> <span class='ocrx_word' id='word_1_552' title='bbox 1133 4195 1256 4251; x_wconf 85' lang='lat' dir='ltr'><strong>Romani</strong></span> <span class='ocrx_word' id='word_1_553' title='bbox 1272 4195 1420 4269; x_wconf 87' lang='lat' dir='ltr'><strong>pontilicis</strong></span> <span class='ocrx_word' id='word_1_554' title='bbox 1434 4212 1492 4252; x_wconf 92' lang='lat' dir='ltr'><strong>non</strong></span> <span class='ocrx_word' id='word_1_555' title='bbox 1508 4195 1611 4252; x_wconf 88' lang='lat' dir='ltr'><strong>debere</strong></span> <span class='ocrx_word' id='word_1_556' title='bbox 1625 4193 1742 4250; x_wconf 89' lang='lat' dir='ltr'><strong>fieri.fn</strong></span> <span class='ocrx_word' id='word_1_557' title='bbox 1758 4209 1817 4265; x_wconf 90' lang='lat' dir='ltr'><strong>qua</strong></span> 
     </span>
     <span class='ocr_line' id='line_1_45' title="bbox 116 4282 1893 4365; baseline -0.004 -22"><span class='ocrx_word' id='word_1_558' title='bbox 116 4285 304 4343; x_wconf 83' lang='lat' dir='ltr'><strong>sanctissimo</strong></span> <span class='ocrx_word' id='word_1_559' title='bbox 320 4290 436 4359; x_wconf 86' lang='lat' dir='ltr'><strong>pectore</strong></span> <span class='ocrx_word' id='word_1_560' title='bbox 450 4290 545 4342; x_wconf 88' lang='lat' dir='ltr'><strong>vestro</strong></span> <span class='ocrx_word' id='word_1_561' title='bbox 561 4288 699 4341; x_wconf 83' lang='lat' dir='ltr'><strong>aternam</strong></span> <span class='ocrx_word' id='word_1_562' title='bbox 714 4286 814 4357; x_wconf 89' lang='lat' dir='ltr'><strong>posuit</strong></span> <span class='ocrx_word' id='word_1_563' title='bbox 828 4286 940 4356; x_wconf 89' lang='lat' dir='ltr'><strong>sedem,</strong></span> <span class='ocrx_word' id='word_1_564' title='bbox 995 4301 1036 4350; x_wconf 91' lang='lat' dir='ltr'><strong>re,</strong></span> <span class='ocrx_word' id='word_1_565' title='bbox 1050 4284 1074 4339; x_wconf 90' lang='lat' dir='ltr'><strong>si</strong></span> <span class='ocrx_word' id='word_1_566' title='bbox 1089 4300 1121 4340; x_wconf 89' lang='lat' dir='ltr'><strong>se</strong></span> <span class='ocrx_word' id='word_1_567' title='bbox 1135 4284 1231 4340; x_wconf 90' lang='lat' dir='ltr'><strong>clerus</strong></span> <span class='ocrx_word' id='word_1_568' title='bbox 1246 4283 1290 4340; x_wconf 91' lang='lat' dir='ltr'><strong>vel</strong></span> <span class='ocrx_word' id='word_1_569' title='bbox 1306 4283 1433 4356; x_wconf 90' lang='lat' dir='ltr'><strong>populus</strong></span> <span class='ocrx_word' id='word_1_570' title='bbox 1450 4283 1608 4356; x_wconf 90' lang='lat' dir='ltr'><strong>cujuslibet</strong></span> <span class='ocrx_word' id='word_1_571' title='bbox 1623 4282 1748 4340; x_wconf 89' lang='lat' dir='ltr'><strong>civitatis</strong></span> <span class='ocrx_word' id='word_1_572' title='bbox 1764 4299 1816 4338; x_wconf 84' lang='lat' dir='ltr'><strong>sa·</strong></span> <span class='ocrx_word' id='word_1_573' title='bbox 1883 4355 1893 4365; x_wconf 35' lang='grc'><strong>.</strong></span> 
     </span>
     <span class='ocr_line' id='line_1_46' title="bbox 116 4370 1818 4448; baseline -0.005 -15"><span class='ocrx_word' id='word_1_574' title='bbox 116 4379 146 4433; x_wconf 88' lang='lat' dir='ltr'><strong>ct</strong></span> <span class='ocrx_word' id='word_1_575' title='bbox 159 4375 189 4430; x_wconf 92' lang='lat' dir='ltr'><strong>in</strong></span> <span class='ocrx_word' id='word_1_576' title='bbox 207 4375 419 4432; x_wconf 90' lang='lat' dir='ltr'><strong>fecundissima</strong></span> <span class='ocrx_word' id='word_1_577' title='bbox 430 4374 560 4448; x_wconf 87' lang='lat' dir='ltr'><strong>corporis</strong></span> <span class='ocrx_word' id='word_1_578' title='bbox 569 4373 656 4431; x_wconf 89' lang='lat' dir='ltr'><strong>vestri</strong></span> <span class='ocrx_word' id='word_1_579' title='bbox 668 4378 745 4430; x_wconf 87' lang='lat' dir='ltr'><strong>terra</strong></span> <span class='ocrx_word' id='word_1_580' title='bbox 764 4372 854 4430; x_wconf 90' lang='lat' dir='ltr'><strong>altam</strong></span> <span class='ocrx_word' id='word_1_581' title='bbox 879 4374 941 4431; x_wconf 81' lang='lat' dir='ltr'><strong>lixit</strong></span> <span class='ocrx_word' id='word_1_582' title='bbox 995 4370 1086 4428; x_wconf 89' lang='lat' dir='ltr'><strong>culari</strong></span> <span class='ocrx_word' id='word_1_583' title='bbox 1097 4373 1227 4444; x_wconf 89' lang='lat' dir='ltr'><strong>potentia</strong></span> <span class='ocrx_word' id='word_1_584' title='bbox 1238 4372 1342 4428; x_wconf 87' lang='lat' dir='ltr'><strong>viderit</strong></span> <span class='ocrx_word' id='word_1_585' title='bbox 1357 4373 1585 4445; x_wconf 79' lang='lat' dir='ltr'><strong>pregravari,ad</strong></span> <span class='ocrx_word' id='word_1_586' title='bbox 1594 4389 1707 4429; x_wconf 88' lang='lat' dir='ltr'><strong>sacram</strong></span> <span class='ocrx_word' id='word_1_587' title='bbox 1716 4377 1818 4427; x_wconf 79' lang='lat' dir='ltr'><strong>vestrae</strong></span> 
     </span>
     <span class='ocr_line' id='line_1_47' title="bbox 116 4459 1817 4537; baseline -0.005 -17"><span class='ocrx_word' id='word_1_588' title='bbox 116 4464 245 4521; x_wconf 88' lang='lat' dir='ltr'><strong>radicem</strong></span> <span class='ocrx_word' id='word_1_589' title='bbox 258 4489 265 4533; x_wconf 87' lang='lat'><strong>;</strong></span> <span class='ocrx_word' id='word_1_590' title='bbox 276 4465 312 4521; x_wconf 90' lang='lat' dir='ltr'><strong>de</strong></span> <span class='ocrx_word' id='word_1_591' title='bbox 323 4481 391 4537; x_wconf 89' lang='lat' dir='ltr'><strong>qua,</strong></span> <span class='ocrx_word' id='word_1_592' title='bbox 403 4464 602 4521; x_wconf 83' lang='lat' dir='ltr'><strong>rorccoelestis</strong></span> <span class='ocrx_word' id='word_1_593' title='bbox 612 4462 712 4537; x_wconf 80' lang='lat' dir='ltr'><strong>gratia</strong></span> <span class='ocrx_word' id='word_1_594' title='bbox 723 4462 873 4535; x_wconf 89' lang='lat' dir='ltr'><strong>irrigante,</strong></span> <span class='ocrx_word' id='word_1_595' title='bbox 889 4480 941 4536; x_wconf 92' lang='lat' dir='ltr'><strong>per</strong></span> <span class='ocrx_word' id='word_1_596' title='bbox 995 4460 1074 4518; x_wconf 89' lang='lat' dir='ltr'><strong>sedis</strong></span> <span class='ocrx_word' id='word_1_597' title='bbox 1089 4460 1289 4517; x_wconf 81' lang='lat' dir='ltr'><strong>defensionem</strong></span> <span class='ocrx_word' id='word_1_598' title='bbox 1305 4460 1411 4517; x_wconf 89' lang='lat' dir='ltr'><strong>habeat</strong></span> <span class='ocrx_word' id='word_1_599' title='bbox 1432 4460 1617 4533; x_wconf 85' lang='lat' dir='ltr'><strong>confugium,</strong></span> <span class='ocrx_word' id='word_1_600' title='bbox 1641 4461 1687 4515; x_wconf 88' lang='lat' dir='ltr'><strong>eui</strong></span> <span class='ocrx_word' id='word_1_601' title='bbox 1714 4459 1817 4531; x_wconf 81' lang='lat' dir='ltr'><strong>praci-</strong></span> 
     </span>
     <span class='ocr_line' id='line_1_48' title="bbox 115 4545 1817 4635; baseline -0.005 -25"><span class='ocrx_word' id='word_1_602' title='bbox 115 4556 209 4610; x_wconf 83' lang='lat' dir='ltr'><strong>tctam</strong></span> <span class='ocrx_word' id='word_1_603' title='bbox 238 4560 344 4610; x_wconf 74' lang='lat' dir='ltr'><strong>sanctie</strong></span> <span class='ocrx_word' id='word_1_604' title='bbox 369 4553 501 4610; x_wconf 79' lang='lat' dir='ltr'><strong>Ecclesia</strong></span> <span class='ocrx_word' id='word_1_605' title='bbox 527 4569 625 4610; x_wconf 88' lang='lat' dir='ltr'><strong>aream</strong></span> <span class='ocrx_word' id='word_1_606' title='bbox 651 4549 827 4624; x_wconf 89' lang='lat' dir='ltr'><strong>multiplices</strong></span> <span class='ocrx_word' id='word_1_607' title='bbox 851 4569 939 4609; x_wconf 80' lang='lat' dir='ltr'><strong>sacra</strong></span> <span class='ocrx_word' id='word_1_608' title='bbox 955 4569 979 4635; x_wconf 75' lang='lat' dir='ltr'>D</span> <span class='ocrx_word' id='word_1_609' title='bbox 995 4549 1092 4623; x_wconf 91' lang='lat' dir='ltr'><strong>piente</strong></span> <span class='ocrx_word' id='word_1_610' title='bbox 1107 4549 1231 4605; x_wconf 90' lang='lat' dir='ltr'><strong>Domino</strong></span> <span class='ocrx_word' id='word_1_611' title='bbox 1246 4548 1398 4621; x_wconf 90' lang='lat' dir='ltr'><strong>delegatus</strong></span> <span class='ocrx_word' id='word_1_612' title='bbox 1409 4551 1454 4604; x_wconf 91' lang='lat' dir='ltr'><strong>est</strong></span> <span class='ocrx_word' id='word_1_613' title='bbox 1464 4547 1610 4620; x_wconf 90' lang='lat' dir='ltr'><strong>primatus</strong></span> <span class='ocrx_word' id='word_1_614' title='bbox 1623 4546 1754 4603; x_wconf 90' lang='lat' dir='ltr'><strong>omnium</strong></span> <span class='ocrx_word' id='word_1_615' title='bbox 1765 4545 1817 4601; x_wconf 82' lang='lat' dir='ltr'><strong>Ec·</strong></span> 
     </span>
     <span class='ocr_line' id='line_1_49' title="bbox 116 4633 1817 4716; baseline -0.006 -18"><span class='ocrx_word' id='word_1_616' title='bbox 116 4642 256 4699; x_wconf 81' lang='lat' dir='ltr'><strong>doctrinar</strong></span> <span class='ocrx_word' id='word_1_617' title='bbox 271 4647 300 4699; x_wconf 92' lang='lat' dir='ltr'><strong>et</strong></span> <span class='ocrx_word' id='word_1_618' title='bbox 314 4644 459 4700; x_wconf 91' lang='lat' dir='ltr'><strong>bonorum</strong></span> <span class='ocrx_word' id='word_1_619' title='bbox 481 4658 603 4716; x_wconf 89' lang='lat' dir='ltr'><strong>operum</strong></span> <span class='ocrx_word' id='word_1_620' title='bbox 623 4641 839 4715; x_wconf 90' lang='lat' dir='ltr'><strong>protenduntur</strong></span> <span class='ocrx_word' id='word_1_621' title='bbox 853 4643 938 4712; x_wconf 91' lang='lat' dir='ltr'><strong>rami,</strong></span> <span class='ocrx_word' id='word_1_622' title='bbox 994 4638 1162 4698; x_wconf 87' lang='lat' dir='ltr'><strong>elesiarum.</strong></span> <span class='ocrx_word' id='word_1_623' title='bbox 1175 4638 1259 4694; x_wconf 91' lang='lat' dir='ltr'><strong>Nunc</strong></span> <span class='ocrx_word' id='word_1_624' title='bbox 1274 4653 1352 4707; x_wconf 90' lang='lat' dir='ltr'><strong>vero,</strong></span> <span class='ocrx_word' id='word_1_625' title='bbox 1368 4653 1404 4693; x_wconf 91' lang='lat' dir='ltr'><strong>ne</strong></span> <span class='ocrx_word' id='word_1_626' title='bbox 1432 4636 1504 4691; x_wconf 93' lang='lat' dir='ltr'><strong>dum</strong></span> <span class='ocrx_word' id='word_1_627' title='bbox 1533 4635 1581 4690; x_wconf 91' lang='lat' dir='ltr'><strong>isti</strong></span> <span class='ocrx_word' id='word_1_628' title='bbox 1598 4636 1633 4690; x_wconf 92' lang='lat' dir='ltr'><strong>de</strong></span> <span class='ocrx_word' id='word_1_629' title='bbox 1649 4650 1706 4706; x_wconf 90' lang='lat' dir='ltr'><strong>quo</strong></span> <span class='ocrx_word' id='word_1_630' title='bbox 1720 4633 1817 4706; x_wconf 88' lang='lat' dir='ltr'><strong>agitur</strong></span> 
     </span>
     <span class='ocr_line' id='line_1_50' title="bbox 116 4723 1817 4804; baseline -0.006 -17"><span class='ocrx_word' id='word_1_631' title='bbox 116 4747 244 4804; x_wconf 90' lang='lat' dir='ltr'><strong>quorum</strong></span> <span class='ocrx_word' id='word_1_632' title='bbox 260 4732 410 4790; x_wconf 88' lang='lat' dir='ltr'><strong>fructifera</strong></span> <span class='ocrx_word' id='word_1_633' title='bbox 426 4733 558 4788; x_wconf 88' lang='lat' dir='ltr'><strong>ubertate</strong></span> <span class='ocrx_word' id='word_1_634' title='bbox 568 4731 697 4802; x_wconf 90' lang='lat' dir='ltr'><strong>aluntur,</strong></span> <span class='ocrx_word' id='word_1_635' title='bbox 709 4735 738 4787; x_wconf 88' lang='lat' dir='ltr'><strong>et</strong></span> <span class='ocrx_word' id='word_1_636' title='bbox 753 4731 859 4787; x_wconf 89' lang='lat' dir='ltr'><strong>umbra</strong></span> <span class='ocrx_word' id='word_1_637' title='bbox 873 4748 939 4804; x_wconf 90' lang='lat' dir='ltr'><strong>pro-</strong></span> <span class='ocrx_word' id='word_1_638' title='bbox 995 4728 1137 4786; x_wconf 91' lang='lat' dir='ltr'><strong>canonica</strong></span> <span class='ocrx_word' id='word_1_639' title='bbox 1152 4728 1271 4784; x_wconf 90' lang='lat' dir='ltr'><strong>daretur</strong></span> <span class='ocrx_word' id='word_1_640' title='bbox 1285 4724 1445 4796; x_wconf 87' lang='lat' dir='ltr'><strong>audientia,</strong></span> <span class='ocrx_word' id='word_1_641' title='bbox 1459 4741 1494 4782; x_wconf 90' lang='lat' dir='ltr'><strong>ue</strong></span> <span class='ocrx_word' id='word_1_642' title='bbox 1516 4724 1586 4781; x_wconf 93' lang='lat' dir='ltr'><strong>dum</strong></span> <span class='ocrx_word' id='word_1_643' title='bbox 1606 4723 1694 4780; x_wconf 88' lang='lat' dir='ltr'><strong>vestri</strong></span> <span class='ocrx_word' id='word_1_644' title='bbox 1709 4723 1817 4779; x_wconf 87' lang='lat' dir='ltr'><strong>exami-</strong></span> 
     </span>
     <span class='ocr_line' id='line_1_51' title="bbox 115 4811 1816 4894; baseline -0.005 -18"><span class='ocrx_word' id='word_1_645' title='bbox 115 4823 259 4892; x_wconf 88' lang='lat' dir='ltr'><strong>teguntur</strong></span> <span class='ocrx_word' id='word_1_646' title='bbox 271 4836 339 4877; x_wconf 88' lang='lat' dir='ltr'><strong>oves</strong></span> <span class='ocrx_word' id='word_1_647' title='bbox 354 4837 429 4894; x_wconf 85' lang='lat' dir='ltr'><strong>quas</strong></span> <span class='ocrx_word' id='word_1_648' title='bbox 445 4821 609 4894; x_wconf 87' lang='lat' dir='ltr'><strong>pascendas</strong></span> <span class='ocrx_word' id='word_1_649' title='bbox 632 4819 805 4893; x_wconf 89' lang='lat' dir='ltr'><strong>suscepistis</strong></span> <span class='ocrx_word' id='word_1_650' title='bbox 828 4821 889 4877; x_wconf 87' lang='lat' dir='ltr'><strong>vice</strong></span> <span class='ocrx_word' id='word_1_651' title='bbox 904 4821 941 4877; x_wconf 92' lang='lat' dir='ltr'><strong>il·</strong></span> <span class='ocrx_word' id='word_1_652' title='bbox 996 4818 1042 4874; x_wconf 89' lang='lat' dir='ltr'><strong>nis</strong></span> <span class='ocrx_word' id='word_1_653' title='bbox 1058 4819 1274 4890; x_wconf 86' lang='lat' dir='ltr'><strong>exspectaretur</strong></span> <span class='ocrx_word' id='word_1_654' title='bbox 1289 4815 1445 4884; x_wconf 87' lang='lat' dir='ltr'><strong>sententia,</strong></span> <span class='ocrx_word' id='word_1_655' title='bbox 1470 4813 1554 4887; x_wconf 87' lang='lat' dir='ltr'><strong>quasi</strong></span> <span class='ocrx_word' id='word_1_656' title='bbox 1580 4813 1685 4870; x_wconf 90' lang='lat' dir='ltr'><strong>furtiva</strong></span> <span class='ocrx_word' id='word_1_657' title='bbox 1699 4811 1816 4868; x_wconf 88' lang='lat' dir='ltr'><strong>latroci-</strong></span> 
     </span>
     <span class='ocr_line' id='line_1_52' title="bbox 114 4900 1818 4986; baseline -0.006 -20"><span class='ocrx_word' id='word_1_658' title='bbox 114 4908 176 4966; x_wconf 88' lang='lat' dir='ltr'><strong>lius</strong></span> <span class='ocrx_word' id='word_1_659' title='bbox 192 4909 292 4983; x_wconf 91' lang='lat' dir='ltr'><strong>magni</strong></span> <span class='ocrx_word' id='word_1_660' title='bbox 307 4911 394 4967; x_wconf 88' lang='lat' dir='ltr'><strong>Petri.</strong></span> <span class='ocrx_word' id='word_1_661' title='bbox 411 4910 470 4968; x_wconf 84' lang='lat' dir='ltr'><strong>fiac</strong></span> <span class='ocrx_word' id='word_1_662' title='bbox 485 4926 553 4986; x_wconf 88' lang='lat' dir='ltr'><strong>ergo</strong></span> <span class='ocrx_word' id='word_1_663' title='bbox 577 4911 716 4978; x_wconf 88' lang='lat' dir='ltr'><strong>dictante,</strong></span> <span class='ocrx_word' id='word_1_664' title='bbox 733 4926 786 4966; x_wconf 91' lang='lat' dir='ltr'><strong>nos</strong></span> <span class='ocrx_word' id='word_1_665' title='bbox 814 4926 940 4983; x_wconf 86' lang='lat' dir='ltr'><strong>quoquc,</strong></span> <span class='ocrx_word' id='word_1_666' title='bbox 997 4907 1129 4964; x_wconf 89' lang='lat' dir='ltr'><strong>nantium</strong></span> <span class='ocrx_word' id='word_1_667' title='bbox 1145 4922 1234 4962; x_wconf 90' lang='lat' dir='ltr'><strong>manu</strong></span> <span class='ocrx_word' id='word_1_668' title='bbox 1245 4909 1349 4979; x_wconf 89' lang='lat' dir='ltr'><strong>captus</strong></span> <span class='ocrx_word' id='word_1_669' title='bbox 1361 4909 1389 4961; x_wconf 92' lang='lat' dir='ltr'><strong>et</strong></span> <span class='ocrx_word' id='word_1_670' title='bbox 1404 4904 1556 4979; x_wconf 89' lang='lat' dir='ltr'><strong>spoliatus,</strong></span> <span class='ocrx_word' id='word_1_671' title='bbox 1566 4902 1631 4959; x_wconf 72' lang='lat' dir='ltr'><strong>atain</strong></span> <span class='ocrx_word' id='word_1_672' title='bbox 1642 4900 1818 4976; x_wconf 88' lang='lat' dir='ltr'><strong>gravissima</strong></span> 
     </span>
     <span class='ocr_line' id='line_1_53' title="bbox 113 4989 1816 5073; baseline -0.005 -19"><span class='ocrx_word' id='word_1_673' title='bbox 113 4997 169 5070; x_wconf 83' lang='lat' dir='ltr'><strong>qui</strong></span> <span class='ocrx_word' id='word_1_674' title='bbox 185 4999 374 5057; x_wconf 90' lang='lat' dir='ltr'><strong>sanctissimo</strong></span> <span class='ocrx_word' id='word_1_675' title='bbox 398 5000 574 5073; x_wconf 89' lang='lat' dir='ltr'><strong>apostolatui</strong></span> <span class='ocrx_word' id='word_1_676' title='bbox 599 5004 693 5057; x_wconf 90' lang='lat' dir='ltr'><strong>vestro</strong></span> <span class='ocrx_word' id='word_1_677' title='bbox 716 5002 746 5055; x_wconf 91' lang='lat' dir='ltr'><strong>in</strong></span> <span class='ocrx_word' id='word_1_678' title='bbox 762 4999 940 5056; x_wconf 90' lang='lat' dir='ltr'><strong>fructiferam</strong></span> <span class='ocrx_word' id='word_1_679' title='bbox 994 4997 1031 5053; x_wconf 92' lang='lat' dir='ltr'><strong>de</strong></span> <span class='ocrx_word' id='word_1_680' title='bbox 1046 4994 1108 5053; x_wconf 89' lang='lat' dir='ltr'><strong>loco</strong></span> <span class='ocrx_word' id='word_1_681' title='bbox 1124 4995 1159 5052; x_wconf 89' lang='lat' dir='ltr'><strong>ad</strong></span> <span class='ocrx_word' id='word_1_682' title='bbox 1176 4994 1272 5051; x_wconf 91' lang='lat' dir='ltr'><strong>locum</strong></span> <span class='ocrx_word' id='word_1_683' title='bbox 1288 4993 1535 5067; x_wconf 90' lang='lat' dir='ltr'><strong>transportatione</strong></span> <span class='ocrx_word' id='word_1_684' title='bbox 1550 4991 1687 5059; x_wconf 86' lang='lat' dir='ltr'><strong>sillictus,</strong></span> <span class='ocrx_word' id='word_1_685' title='bbox 1698 4989 1816 5047; x_wconf 67' lang='lat' dir='ltr'><strong>undem</strong></span> 
     </span>
     <span class='ocr_line' id='line_1_54' title="bbox 112 5080 1816 5167; baseline -0.006 -22"><span class='ocrx_word' id='word_1_686' title='bbox 112 5089 223 5145; x_wconf 81' lang='lat' dir='ltr'><strong>olivam</strong></span> <span class='ocrx_word' id='word_1_687' title='bbox 234 5105 340 5146; x_wconf 90' lang='lat' dir='ltr'><strong>snmus</strong></span> <span class='ocrx_word' id='word_1_688' title='bbox 350 5088 465 5157; x_wconf 88' lang='lat' dir='ltr'><strong>inserti,</strong></span> <span class='ocrx_word' id='word_1_689' title='bbox 475 5091 568 5147; x_wconf 89' lang='lat' dir='ltr'><strong>atsub</strong></span> <span class='ocrx_word' id='word_1_690' title='bbox 580 5089 722 5162; x_wconf 66' lang='lat' dir='ltr'><strong>clangere</strong></span> <span class='ocrx_word' id='word_1_691' title='bbox 732 5088 806 5145; x_wconf 87' lang='lat' dir='ltr'><strong>tanti</strong></span> <span class='ocrx_word' id='word_1_692' title='bbox 823 5089 939 5160; x_wconf 90' lang='lat' dir='ltr'><strong>pontitl·</strong></span> <span class='ocrx_word' id='word_1_693' title='bbox 995 5090 1028 5143; x_wconf 93' lang='lat' dir='ltr'><strong>ut</strong></span> <span class='ocrx_word' id='word_1_694' title='bbox 1043 5088 1188 5151; x_wconf 85' lang='lat' dir='ltr'><strong>asserunt,</strong></span> <span class='ocrx_word' id='word_1_695' title='bbox 1206 5083 1356 5140; x_wconf 91' lang='lat' dir='ltr'><strong>cummuni</strong></span> <span class='ocrx_word' id='word_1_696' title='bbox 1372 5083 1490 5139; x_wconf 89' lang='lat' dir='ltr'><strong>illorum</strong></span> <span class='ocrx_word' id='word_1_697' title='bbox 1506 5080 1627 5167; x_wconf 84' lang='lat' dir='ltr'><strong>consilio</strong></span> <span class='ocrx_word' id='word_1_698' title='bbox 1643 5083 1737 5136; x_wconf 83' lang='lat' dir='ltr'><strong>morte</strong></span> <span class='ocrx_word' id='word_1_699' title='bbox 1751 5081 1816 5135; x_wconf 91' lang='lat' dir='ltr'><strong>tnr-</strong></span> 
     </span>
     <span class='ocr_line' id='line_1_55' title="bbox 111 5170 1361 5256; baseline -0.006 -21"><span class='ocrx_word' id='word_1_700' title='bbox 111 5177 159 5235; x_wconf 86' lang='lat' dir='ltr'><strong>eis</strong></span> <span class='ocrx_word' id='word_1_701' title='bbox 169 5178 302 5244; x_wconf 88' lang='lat' dir='ltr'><strong>manu,in</strong></span> <span class='ocrx_word' id='word_1_702' title='bbox 313 5194 388 5252; x_wconf 88' lang='lat' dir='ltr'><strong>opus</strong></span> <span class='ocrx_word' id='word_1_703' title='bbox 399 5178 554 5236; x_wconf 88' lang='lat' dir='ltr'><strong>ministerii</strong></span> <span class='ocrx_word' id='word_1_704' title='bbox 565 5179 725 5250; x_wconf 86' lang='lat' dir='ltr'><strong>assumpti:</strong></span> <span class='ocrx_word' id='word_1_705' title='bbox 738 5176 938 5256; x_wconf 76' lang='lat' dir='ltr'><strong>nos,inquam‚</strong></span> <span class='ocrx_word' id='word_1_706' title='bbox 994 5173 1117 5248; x_wconf 88' lang='lat' dir='ltr'><strong>pissima</strong></span> <span class='ocrx_word' id='word_1_707' title='bbox 1131 5170 1292 5228; x_wconf 90' lang='lat' dir='ltr'><strong>mulctatus</strong></span> <span class='ocrx_word' id='word_1_708' title='bbox 1307 5176 1361 5228; x_wconf 89' lang='lat' dir='ltr'><strong>est.</strong></span> 
     </span>
     <span class='ocr_line' id='line_1_56' title="bbox 110 5257 1816 5341; baseline -0.005 -18"><span class='ocrx_word' id='word_1_709' title='bbox 110 5269 241 5341; x_wconf 80' lang='lat' dir='ltr'><strong>paterna</strong></span> <span class='ocrx_word' id='word_1_710' title='bbox 257 5284 374 5341; x_wconf 90' lang='lat' dir='ltr'><strong>semper</strong></span> <span class='ocrx_word' id='word_1_711' title='bbox 384 5267 548 5325; x_wconf 87' lang='lat' dir='ltr'><strong>dilectionis</strong></span> <span class='ocrx_word' id='word_1_712' title='bbox 571 5267 774 5325; x_wconf 87' lang='lat' dir='ltr'><strong>benevolentia</strong></span> <span class='ocrx_word' id='word_1_713' title='bbox 792 5270 940 5339; x_wconf 90' lang='lat' dir='ltr'><strong>gratanter</strong></span> <span class='ocrx_word' id='word_1_714' title='bbox 1029 5265 1092 5330; x_wconf 84' lang='lat' dir='ltr'><strong>Oua</strong></span> <span class='ocrx_word' id='word_1_715' title='bbox 1104 5263 1139 5319; x_wconf 90' lang='lat' dir='ltr'><strong>da</strong></span> <span class='ocrx_word' id='word_1_716' title='bbox 1153 5278 1184 5319; x_wconf 89' lang='lat' dir='ltr'><strong>re</strong></span> <span class='ocrx_word' id='word_1_717' title='bbox 1198 5277 1287 5334; x_wconf 90' lang='lat' dir='ltr'><strong>qusm</strong></span> <span class='ocrx_word' id='word_1_718' title='bbox 1302 5259 1428 5335; x_wconf 85' lang='lat' dir='ltr'><strong>graviter</strong></span> <span class='ocrx_word' id='word_1_719' title='bbox 1442 5259 1621 5317; x_wconf 88' lang='lat' dir='ltr'><strong>unanimitas</strong></span> <span class='ocrx_word' id='word_1_720' title='bbox 1636 5259 1760 5315; x_wconf 83' lang='lat' dir='ltr'><strong>fratrum</strong></span> <span class='ocrx_word' id='word_1_721' title='bbox 1776 5257 1816 5315; x_wconf 89' lang='lat' dir='ltr'><strong>sit</strong></span> 
     </span>
     <span class='ocr_line' id='line_1_57' title="bbox 111 5347 1814 5431; baseline -0.006 -17"><span class='ocrx_word' id='word_1_722' title='bbox 111 5356 280 5429; x_wconf 85' lang='lat' dir='ltr'><strong>accepistis,</strong></span> <span class='ocrx_word' id='word_1_723' title='bbox 296 5360 325 5413; x_wconf 91' lang='lat' dir='ltr'><strong>ct</strong></span> <span class='ocrx_word' id='word_1_724' title='bbox 340 5357 485 5431; x_wconf 86' lang='lat' dir='ltr'><strong>quidquid</strong></span> <span class='ocrx_word' id='word_1_725' title='bbox 501 5356 544 5414; x_wconf 94' lang='lat' dir='ltr'><strong>vel</strong></span> <span class='ocrx_word' id='word_1_726' title='bbox 558 5354 781 5425; x_wconf 87' lang='lat' dir='ltr'><strong>consulendum,</strong></span> <span class='ocrx_word' id='word_1_727' title='bbox 793 5355 837 5412; x_wconf 90' lang='lat' dir='ltr'><strong>vel</strong></span> <span class='ocrx_word' id='word_1_728' title='bbox 853 5354 940 5412; x_wconf 91' lang='lat' dir='ltr'><strong>corri-</strong></span> <span class='ocrx_word' id='word_1_729' title='bbox 993 5368 1147 5420; x_wconf 89' lang='lat' dir='ltr'><strong>concussa,</strong></span> <span class='ocrx_word' id='word_1_730' title='bbox 1165 5366 1255 5423; x_wconf 88' lang='lat' dir='ltr'><strong>quam</strong></span> <span class='ocrx_word' id='word_1_731' title='bbox 1271 5351 1407 5407; x_wconf 89' lang='lat' dir='ltr'><strong>atrociter</strong></span> <span class='ocrx_word' id='word_1_732' title='bbox 1416 5350 1511 5407; x_wconf 81' lang='lat' dir='ltr'><strong>audax</strong></span> <span class='ocrx_word' id='word_1_733' title='bbox 1522 5349 1753 5406; x_wconf 89' lang='lat' dir='ltr'><strong>facinorosorum</strong></span> <span class='ocrx_word' id='word_1_734' title='bbox 1763 5347 1814 5404; x_wconf 89' lang='lat' dir='ltr'><strong>ho·</strong></span> 
     </span>
     <span class='ocr_line' id='line_1_58' title="bbox 111 5438 1845 5520; baseline -0.005 -18"><span class='ocrx_word' id='word_1_735' title='bbox 111 5445 254 5520; x_wconf 71' lang='lat' dir='ltr'><strong>gendm,</strong></span> <span class='ocrx_word' id='word_1_736' title='bbox 271 5447 307 5503; x_wconf 98' lang='lat' dir='ltr'><strong>sd</strong></span> <span class='ocrx_word' id='word_1_737' title='bbox 324 5447 518 5520; x_wconf 90' lang='lat' dir='ltr'><strong>apostolicum</strong></span> <span class='ocrx_word' id='word_1_738' title='bbox 532 5447 620 5504; x_wconf 89' lang='lat' dir='ltr'><strong>vestri</strong></span> <span class='ocrx_word' id='word_1_739' title='bbox 644 5444 784 5503; x_wconf 90' lang='lat' dir='ltr'><strong>culminis</strong></span> <span class='ocrx_word' id='word_1_740' title='bbox 800 5444 936 5500; x_wconf 89' lang='lat' dir='ltr'><strong>verticem</strong></span> <span class='ocrx_word' id='word_1_741' title='bbox 993 5441 1106 5498; x_wconf 90' lang='lat' dir='ltr'><strong>minum</strong></span> <span class='ocrx_word' id='word_1_742' title='bbox 1122 5440 1261 5497; x_wconf 91' lang='lat' dir='ltr'><strong>violentia</strong></span> <span class='ocrx_word' id='word_1_743' title='bbox 1274 5441 1311 5496; x_wconf 93' lang='lat' dir='ltr'><strong>ad</strong></span> <span class='ocrx_word' id='word_1_744' title='bbox 1327 5440 1402 5497; x_wconf 91' lang='lat' dir='ltr'><strong>sacri</strong></span> <span class='ocrx_word' id='word_1_745' title='bbox 1412 5439 1524 5497; x_wconf 88' lang='lat' dir='ltr'><strong>ordinis</strong></span> <span class='ocrx_word' id='word_1_746' title='bbox 1539 5439 1677 5511; x_wconf 91' lang='lat' dir='ltr'><strong>injuriam</strong></span> <span class='ocrx_word' id='word_1_747' title='bbox 1698 5438 1737 5496; x_wconf 89' lang='lat' dir='ltr'><strong>sit</strong></span> <span class='ocrx_word' id='word_1_748' title='bbox 1751 5454 1811 5495; x_wconf 90' lang='lat' dir='ltr'><strong>cre·</strong></span> <span class='ocrx_word' id='word_1_749' title='bbox 1833 5502 1845 5511; x_wconf 54' lang='lat'><strong>,</strong></span> 
     </span>
    </p>
   </div>
   <div class='ocr_carea' id='block_1_5' title="bbox 113 5543 1810 5699">
    <p class='ocr_par' dir='ltr' id='par_1_5' title="bbox 113 5543 1810 5699">
     <span class='ocr_line' id='line_1_59' title="bbox 152 5543 1810 5628; baseline -0.001 -21"><span class='ocrx_word' id='word_1_750' title='bbox 152 5551 208 5627; x_wconf 78' lang='grc'>(26)</span> <span class='ocrx_word' id='word_1_751' title='bbox 216 5554 291 5621; x_wconf 80' lang='lat' dir='ltr'><strong>Quid</strong></span> <span class='ocrx_word' id='word_1_752' title='bbox 308 5553 439 5628; x_wconf 87' lang='lat' dir='ltr'><strong>responsi</strong></span> <span class='ocrx_word' id='word_1_753' title='bbox 454 5552 566 5610; x_wconf 91' lang='lat' dir='ltr'><strong>dederit</strong></span> <span class='ocrx_word' id='word_1_754' title='bbox 574 5551 737 5610; x_wconf 80' lang='lat' dir='ltr'><strong>Alexander</strong></span> <span class='ocrx_word' id='word_1_755' title='bbox 746 5567 781 5607; x_wconf 85' lang='lat' dir='ltr'><strong>ex</strong></span> <span class='ocrx_word' id='word_1_756' title='bbox 796 5554 899 5606; x_wconf 90' lang='lat' dir='ltr'><strong>eventu</strong></span> <span class='ocrx_word' id='word_1_757' title='bbox 910 5553 939 5607; x_wconf 85' lang='lat' dir='ltr'><strong>at</strong></span> <span class='ocrx_word' id='word_1_758' title='bbox 993 5548 1102 5606; x_wconf 91' lang='lat' dir='ltr'><strong>mirum</strong></span> <span class='ocrx_word' id='word_1_759' title='bbox 1118 5551 1149 5605; x_wconf 90' lang='lat' dir='ltr'><strong>ut</strong></span> <span class='ocrx_word' id='word_1_760' title='bbox 1164 5551 1389 5622; x_wconf 90' lang='lat' dir='ltr'><strong>congregaretur</strong></span> <span class='ocrx_word' id='word_1_761' title='bbox 1415 5547 1545 5622; x_wconf 75' lang='lat' dir='ltr'><strong>synodus</strong></span> <span class='ocrx_word' id='word_1_762' title='bbox 1569 5564 1632 5623; x_wconf 85' lang='lat' dir='ltr'><strong>qua</strong></span> <span class='ocrx_word' id='word_1_763' title='bbox 1657 5546 1693 5605; x_wconf 93' lang='lat' dir='ltr'><strong>de</strong></span> <span class='ocrx_word' id='word_1_764' title='bbox 1716 5543 1810 5605; x_wconf 81' lang='lat' dir='ltr'><strong>Caroli</strong></span> 
     </span>
     <span class='ocr_line' id='line_1_60' title="bbox 113 5620 1350 5699; baseline -0.005 -16"><span class='ocrx_word' id='word_1_765' title='bbox 113 5623 190 5683; x_wconf 86' lang='lat' dir='ltr'><strong>sctis</strong></span> <span class='ocrx_word' id='word_1_766' title='bbox 205 5625 279 5699; x_wconf 89' lang='lat' dir='ltr'><strong>ipsis</strong></span> <span class='ocrx_word' id='word_1_767' title='bbox 289 5626 403 5684; x_wconf 90' lang='lat' dir='ltr'><strong>concilii</strong></span> <span class='ocrx_word' id='word_1_768' title='bbox 413 5624 576 5699; x_wconf 88' lang='lat' dir='ltr'><strong>Moguntini</strong></span> <span class='ocrx_word' id='word_1_769' title='bbox 589 5624 741 5696; x_wconf 90' lang='lat' dir='ltr'><strong>discimus,</strong></span> <span class='ocrx_word' id='word_1_770' title='bbox 754 5621 882 5696; x_wconf 86' lang='lat' dir='ltr'><strong>jussisse</strong></span> <span class='ocrx_word' id='word_1_771' title='bbox 891 5620 938 5679; x_wconf 92' lang='lat' dir='ltr'><strong>ni·</strong></span> <span class='ocrx_word' id='word_1_772' title='bbox 992 5620 1237 5693; x_wconf 78' lang='lat' dir='ltr'><strong>causaludicium</strong></span> <span class='ocrx_word' id='word_1_773' title='bbox 1252 5620 1350 5677; x_wconf 89' lang='lat' dir='ltr'><strong>ferret.</strong></span> 
     </span>
    </p>
   </div>
   <div class='ocr_carea' id='block_1_6' title="bbox 0 0 1950 6096">
    <p class='ocr_par' dir='ltr' id='par_1_6' title="bbox 0 0 1950 6096">
     <span class='ocr_line' id='line_1_61' title="bbox 0 0 1950 6096; baseline 0 1"><span class='ocrx_word' id='word_1_774' title='bbox 0 0 1950 6096; x_wconf 95' lang='lat' dir='ltr'><strong> </strong></span> 
     </span>
    </p>
   </div>
  </div>
 </body>
</html>
