3892 6096
125 252 203 315 {423
768 243 993 306 Atuxsdnst
1015 243 1042 306 ll
1064 243 1181 305 PAPAE
1766 237 1842 299 titt

124 389 303 458 quocunque
315 381 385 439 velit
398 384 451 451 ire,
467 382 496 435 et
511 378 621 433 tlumen
634 378 724 434 Cusin
736 392 802 432 cum
810 376 945 450 piscaria.
962 377 990 445 Α
1004 375 1097 444 estad
1109 374 1288 448 agnitionem
1296 370 1714 446 omnigenarumlinguarum
1724 367 1781 425 hoc
1788 371 1838 426 seh

50 458 55 469 ¹
127 471 160 529 ln
175 470 351 528 'taurinensi
363 467 509 524 territorio
522 471 630 523 terram
647 466 682 522 de
696 465 820 538 Vanglo,
836 469 865 521 et
889 482 953 537 quae
1008 464 1201 537 chirographo
1217 462 1371 536 propagari
1386 461 1532 518 volumus.
1554 459 1702 516 Primum
1727 458 1839 530 quidem

124 559 156 617 in
170 559 354 617 Sanctadona
370 556 526 613 habentur.
543 557 574 612 ln
585 554 861 611 monarchiaadhuc
873 555 954 626 regia
1008 553 1240 609 misericordiam
1256 553 1306 608 Dei
1319 567 1408 622 super
1423 567 1476 606 uos
1490 549 1637 606 ditlusam
1653 547 1774 619 liquide
1791 565 1839 604 an·

126 648 232 720 viginti
243 646 373 719 quinque
383 662 577 702 mansoscum
587 643 699 717 capella
709 644 809 700 Sancti
819 642 952 700 loannis.
1008 642 1192 698 nuntiamus.
1208 641 1404 697 Bohemorum
1419 641 1478 694 dux
1492 636 1696 703 Wratislaus,
1707 636 1755 691 vir
1765 637 1834 692 Chri·

124 737 155 793 in
170 735 317 792 Ticinensi
333 735 476 791 suburbio
491 734 653 791 ecclesiam
670 732 770 789 Sancti
786 730 902 805 Georgii
926 734 954 787 et
1008 731 1134 798 stianus,
1149 730 1217 787 fidei
1228 730 1567 803 integerrimusamotcr,
1579 727 1676 784 rebus
1688 726 1721 781 in
1734 724 1835 783 bellicis

129 824 228 883 Sancti
238 824 368 895 Potricii,
377 822 622 880 inltoucaliatres
636 822 819 878 Massaritius
830 824 954 892 exparte
1008 818 1183 891 magnificus
1196 818 1407 891 triumphator,
1419 818 1497 890 quod
1513 815 1719 873 serenissime
1736 815 1832 886 ubique

129 913 229 988 Regia.
246 915 278 968 ln
293 913 372 969 Pado
386 912 524 984 piscaria,
547 928 611 983 quoe
635 911 744 966 dicitur
767 908 953 966 collateralii.
1006 911 1152 963 terrarum
1166 907 1281 972 claruit,
1298 906 1402 962 limina
1411 906 1617 979 apostolorum
1627 905 1712 961 Petri
1725 908 1753 960 et
1765 905 1833 960 Pauli

128 1002 179 1059 Vel
194 1001 339 1074 quidquid
354 1001 463 1057 habere
478 1001 614 1056 videntur
629 1004 689 1055 tam
704 1000 782 1056 intra
808 997 954 1055 civitatem
1007 996 1145 1053 honestos
1155 995 1700 1069 pernuntiosquotidievisitans,nos,
1712 999 1836 1050 caeteros·

127 1091 233 1164 Papia,
254 1105 403 1162 quamque
418 1088 541 1156 atteris,
556 1087 601 1144 vel
621 1088 791 1160 ubicunque
816 1104 869 1159 per
891 1086 955 1143 loca
1008 1102 1065 1157 que
1079 1086 1108 1141 in
1124 1086 1176 1142 Dei
1192 1085 1309 1142 servitio
1318 1085 1521 1142 devotissimos
1530 1083 1778 1141 omnibeneticio
1786 1100 1835 1140 non

127 1179 205 1235 intra
218 1177 353 1234 Italicum
363 1194 486 1249 regnum
498 1176 892 1245 babentveltleoannuente,
903 1176 953 1245 ju·
1008 1173 1128 1229 minime
1144 1174 1312 1246 preteriens
1327 1174 1380 1245 piar
1396 1172 1502 1228 mentis
1517 1172 1683 1227 dovotione
1699 1169 1834 1225 innotuit:

127 1272 172 1325 ste
180 1267 330 1340 acquirere
345 1266 504 1338 potuerint,
515 1265 595 1321 omni
610 1263 873 1333 remotamolestia‚
886 1280 953 1319 cum
1008 1261 1100 1318 Multa
1114 1268 1181 1319 ante
1196 1266 1438 1334 temporovotum
1445 1267 1501 1318 Deo
1511 1261 1578 1317 vovi
1592 1259 1679 1332 quod
1689 1259 1786 1315 adhuc
1796 1273 1837 1314 ne·

127 1356 295 1429 integritate
310 1355 356 1411 sui
365 1354 610 1411 honoristoueant
620 1358 707 1425 atque
717 1353 954 1425 possideant,nec
1008 1367 1157 1423 quaquam
1165 1350 1294 1423 implevi.
1306 1350 1465 1406 Ecclesiam
1478 1349 1508 1406 in
1519 1349 1674 1405 honorem
1686 1345 1836 1404 Salvatoris

127 1442 189 1500 ulla
202 1459 309 1516 magna
322 1441 367 1499 vel
383 1458 472 1515 parva
481 1458 665 1514 personaeas
677 1440 831 1497 molestare
842 1456 954 1513 praesu-
1008 1441 1110 1507 nostri,
1125 1441 1210 1512 cujus
1225 1440 1333 1512 ubique
1359 1440 1539 1512 protectione
1565 1437 1724 1505 munitus,
1748 1441 1836 1492 vestra

128 1535 199 1588 mat.
210 1531 316 1603 siquis
327 1530 418 1602 hujus
428 1535 535 1587 nostre
545 1529 742 1586 institutionis
753 1530 891 1602 paginam
903 1528 955 1586 oli·
1008 1529 1125 1602 pietatis
1135 1528 1243 1585 auxilio
1255 1529 1399 1586 edificare
1413 1528 1508 1601 cupio.
1520 1526 1620 1583 Dictis
1632 1525 1752 1582 talibus
1761 1526 1835 1582 audi-

128 1635 187 1692 quo
210 1619 328 1692 ingenio
351 1618 460 1676 violare
483 1618 714 1691 presumpserit,
735 1635 769 1674 ex
798 1623 880 1690 parte
903 1617 953 1674 Dei
1008 1617 1059 1686 tis,
1071 1616 1248 1691 pontificalis
1262 1633 1334 1689 apex
1349 1621 1383 1673 ut
1397 1619 1589 1686 accresceret,
1602 1616 1784 1671 sauctorum
1794 1613 1838 1670 Pa·

128 1708 339 1781 omnipotentis
350 1709 473 1764 etbeata
483 1707 614 1780 Virginis
624 1708 731 1777 Mariae,
744 1711 773 1762 et
784 1711 952 1763 sanctorum
1009 1710 1088 1761 trum
1094 1722 1216 1762 numero
1224 1706 1413 1778 septuaginta
1419 1702 1836 1761 duorumcommuniconsilio

128 1796 329 1870 apostolorum
346 1797 421 1852 Petri
435 1799 465 1852 et
479 1796 570 1860 Pauli,
586 1799 614 1852 et
634 1795 766 1851 omnium
783 1800 951 1851 sanctorum
1009 1793 1125 1867 penitus
1140 1793 1380 1851 collaudavimus.
1398 1794 1490 1866 Igitur
1503 1794 1540 1849 ad
1572 1792 1640 1848 haec
1667 1790 1837 1865 perficienda

130 1901 183 1941 nec
199 1901 256 1941 non
272 1888 301 1939 et
314 1882 479 1955 apostolica
490 1884 569 1939 sedis
584 1887 613 1938 ct
628 1887 739 1954 nostra,
751 1883 824 1939 sciat
834 1901 865 1941 se
880 1901 952 1940 oua·
1005 1884 1149 1940 loannem
1160 1882 1836 1956 episcopumTusculanensem,t'undamentum

129 1973 270 2030 thematis
285 1969 402 2028 vinculo
417 1970 571 2044 alligatum
586 1988 661 2040 esse,
678 1976 766 2043 atque
785 1989 853 2028 cum
876 1972 952 2029 luda
1006 1974 1076 2029 dare
1087 1973 1234 2040 misimus,
1245 1974 1331 2044 cujus
1342 1972 1372 2027 in
1384 1971 1539 2045 praesentio
1550 1971 1620 2043 ipse
1632 1971 1777 2042 prelatus
1787 1970 1837 2025 dm

129 2062 277 2134 proditore
289 2064 319 2117 et
333 2076 400 2116 cum
416 2059 554 2116 omnibus
569 2059 771 2131 reprobie,nisi
784 2060 951 2132 resipuerit,
1006 2060 1147 2133 cophinos
1157 2060 1559 2118 torraonustatosduodecim
1569 2059 1837 2132 propriishumeris

128 2150 159 2206 in
170 2150 267 2205 tuturo
273 2149 386 2219 judicio
398 2152 466 2204 ante
476 2147 727 2204 tribunalDomini
736 2147 951 2206 maledictionis
1005 2154 1139 2223 portasse
1155 2151 1318 2207 videbatur.
1337 2151 1431 2206 Locus
1446 2166 1525 2222 ergo,
1543 2150 1575 2204 in
1592 2165 1660 2221 quo
1676 2153 1724 2205 est
1739 2154 1837 2214 erecta,

127 2236 461 2308 sententiampercipiat,
473 2238 950 2309 etpoenaenominecentumlibras
1005 2236 1437 2311 Wissegradacognomioatur,
1457 2240 1536 2310 quod
1554 2241 1652 2294 sonat
1677 2236 1838 2294 litteraliter

127 2327 191 2383 auri
205 2329 372 2399 componat,
388 2325 575 2382 medietatem
592 2342 671 2397 papea
683 2326 849 2398 apostolice
860 2329 949 2400 sedis,
1004 2327 1090 2383 altior
1101 2327 1374 2392 civitatibus.Quam
1385 2332 1613 2383 sacrosanctam
1623 2327 1790 2383 Ecclesiam
1803 2332 1838 2382 to

125 2414 347 2472 etmedietatem
359 2413 640 2486 monachabus,quae
650 2413 723 2471 inibi
737 2415 877 2471 ordinatae
887 2417 949 2472 tue·
1003 2416 1064 2472 tius
1077 2416 1232 2488 provincia
1248 2420 1337 2489 caput
1349 2416 1416 2483 dici,
1431 2415 1563 2473 venerari
1575 2417 1760 2485 sanximus3
1772 2433 1836 2488 pre·

125 2503 196 2559 rint.
211 2502 271 2559 Hoc
293 2519 360 2559 vero
377 2507 408 2557 ut
430 2502 574 2558 habeatur
598 2504 725 2573 firmius,
752 2520 806 2559 nos
832 2505 950 2578 propria
1003 2504 1244 2577 diis,mancipiis,
1257 2505 1838 2578 auro,argento,caeterisqueornamen·

125 2608 215 2648 manu
231 2592 332 2647 subter
346 2591 540 2665 firmavimus,
551 2592 688 2647 acnostri
700 2591 788 2663 sigilli
801 2594 949 2651 notatione
1002 2595 1041 2651 tis
1056 2594 1178 2650 ditatam
1195 2594 1403 2665 comperimus.
1420 2593 1556 2665 Episcopi
1573 2594 1648 2664 ejus
1665 2594 1725 2650 sub
1751 2594 1836 2650 domi·

126 2678 264 2754 insigniri
277 2678 409 2736 fecimus.
1002 2683 1050 2740 nio
1066 2683 1128 2738 suis
1144 2684 1179 2738 de
1192 2681 1326 2752 decimis,
1342 2685 1484 2737 trecentos
1496 2681 1643 2738 homines
1654 2683 1693 2739 ad
1708 2683 1835 2740 eamdem

159 2768 218 2838 Ego
233 2767 407 2836 Alexander,
419 2766 541 2824 humilis
556 2768 722 2840 apostolice
739 2769 818 2826 sedis
833 2771 947 2842 episco·
1001 2772 1152 2828 ecclesiam
1169 2775 1414 2843 segregaverunt;
1431 2768 1537 2843 presul
1548 2771 1724 2845 Progensis
1734 2772 1834 2829 duceu-

125 2873 192 2932 pus,
204 2855 449 2929 hocprivilegium
461 2856 552 2912 beatae
563 2856 659 2913 Marisa
670 2863 699 2913 et
711 2858 787 2915 beati
797 2858 948 2915 Aureliani
1001 2864 1059 2929 tos,
1070 2860 1273 2916 Olomucensi's
1283 2864 1412 2927 centum,
1424 2860 1548 2915 fratrum
1556 2861 1834 2928 suorum,Conradi,

125 2962 215 3029 manu
231 2944 538 3018 propriaconfirmavi.

1001 2947 1116 3004 Ottonis
1146 2964 1302 3004 consensu.
1330 2948 1389 3004 Hoc
1431 2949 1500 3004 item
1536 2948 1664 3022 asylum
1702 2949 1835 3007 tutamini

161 3034 310 3106 Scriptum
325 3049 376 3105 per
386 3050 492 3089 manus
501 3032 624 3089 loannis
634 3035 786 3107 scriptoris
796 3036 880 3092 dietae
890 3036 946 3092 lto·
1001 3036 1718 3110 B.Petriprincipisapostolorum,cunctisquein
1729 3040 1836 3110 ejusce·

125 3140 218 3182 mane
232 3121 376 3179 Ecclesiae.
962 3111 985 3178 C
1004 3124 1730 3183 desessurisfirmitercommendasit.Marcus111
1745 3129 1781 3184 de
1794 3145 1834 3183 ea·

161 3213 372 3269 confirmatum
384 3227 435 3285 per
446 3228 552 3269 manus
564 3213 694 3286 Gregorii
705 3213 834 3286 episcopi
851 3220 949 3271 et‘oar·
1003 3215 1070 3270 dem
1084 3213 1208 3270 ecclesia
1222 3215 1257 3268 ad
1270 3215 1359 3286 pedes
1372 3213 1547 3270 universalis
1558 3217 1834 3290 papae‚quicunque

123 3301 231 3359 dinalis
246 3305 352 3359 sanctas
367 3300 533 3374 apostolicae
548 3302 637 3359 sedis.
1001 3303 1066 3373 erit,
1084 3302 1163 3360 omni
1177 3318 1253 3358 anno
1268 3302 1431 3359 offerendas
1447 3302 1502 3359 sub
1523 3302 1640 3360 Christi
1666 3305 1834 3362 testimonie

158 3392 218 3465 Ego
233 3391 372 3462 loannes,
384 3389 518 3462 quamvis
528 3389 668 3463 indignus
679 3390 835 3463 episcopus
845 3394 874 3446 et
884 3407 946 3446 car·
1001 3391 1169 3448 destinavit.
1186 3391 1280 3463 Hujus
1293 3408 1359 3448 vero
1387 3391 1566 3448 conditionis
1595 3395 1701 3466 gratia
1726 3395 1833 3451 cunctis

122 3480 241 3548 dinalis,
257 3477 431 3550 subscripsi.
1000 3479 1104 3537 celsior
1118 3481 1148 3536 in
1161 3481 1262 3536 eadem
1278 3479 1595 3553 regioneutvideretur
1608 3483 1833 3558 ecclesiisque

158 3570 217 3643 ligo
243 3567 419 3640 Stephanus,
447 3566 589 3624 diaconus
618 3571 647 3623 et
675 3567 845 3636 cardinalis,
879 3570 947 3626 suh·
999 3568 1832 3642 licunqueapparamentoseptemcardinalesaltariSan·

122 3658 238 3731 scripsi.
999 3659 1038 3714 cti
1054 3658 1128 3715 Petri
1135 3659 1303 3715 ministrare
1311 3657 1542 3730 studentmitra,
1555 3661 1832 3731 scandaliis,simili

156 3748 215 3821 Ego
230 3747 415 3815 Benedictus,
447 3745 592 3802 diaconus
613 3750 643 3801 et
666 3745 847 3818 capellanus,
874 3748 944 3803 sub·
999 3749 1086 3804 modo
1115 3747 1209 3819 ipsius
1235 3747 1362 3804 ecclcsiae
1378 3748 1583 3821 praepositum,
1608 3752 1830 3825 presbyterum,

126 3836 242 3910 scripsi.
999 3837 1166 3903 diaconum,
1182 3837 1534 3894 subdiaconumincedere
1542 3840 1758 3913 precipimus.
1769 3847 1830 3899 tan·

158 3926 216 3998 ligo
231 3928 345 3996 Petrus,
358 3924 557 3982 subdiaconus
568 3924 705 3980 Romana
715 3923 861 3994 aeclesis,
872 3927 943 3982 sub·
998 3926 1060 3993 des,
1076 3942 1151 3998 quas
1161 3926 1386 3983 subdiademate
1393 3926 1512 3982 statutis
1522 3926 1635 3986 diebus
1650 3931 1830 4004 proclamare

121 4015 237 4087 scripsi.
999 4013 1138 4086 solemus,
1155 4014 1340 4070 solummodo
1356 4014 1386 4068 in
1401 4014 1458 4071 ista
1473 4014 1604 4072 ecclesia
1624 4023 1751 4077 astante
1765 4021 1829 4076 duce

157 4103 264 4160 Datum
280 4102 425 4172 Laterani,
439 4119 466 4158 vr
482 4101 627 4157 Kalendas
639 4102 718 4167 Maii,
735 4119 812 4158 anno
823 4104 944 4175 pontid·
999 4104 1117 4159 summa
1127 4102 1620 4176 diligentiaChristumcollaudare
1627 4110 1829 4179 permittimus

120 4194 203 4247 catus
218 4190 358 4246 antedicti
368 4189 524 4246 Alexandri
538 4205 618 4261 papa
630 4207 682 4257 xrr,
699 4206 775 4247 anno
788 4192 945 4250 Dominicae
998 4191 1832 4271 chrismabaptizandi,consecrationemclericorumepi·

118 4277 332 4335 lucarnationis
348 4279 427 4347 1061,
443 4277 603 4334 indictione
613 4295 675 4334 x111.
998 4298 1106 4353 scopus
1119 4281 1175 4337 loci
1188 4281 1268 4337 illius
1284 4281 1394 4337 invidia
1409 4282 1517 4339 diaboli
1528 4287 1671 4343 attactus
1692 4289 1831 4362 abnegare

503 4421 557 4477 Ch.

116 4494 306 4567 Alexandrill
316 4509 496 4583 pricilepinm
522 4526 574 4582 pro
598 4511 712 4566 ecclesie
741 4512 769 4567 S.
793 4512 943 4570 Saloutaria

210 4581 431 4654 Wisseprudeuei,
448 4601 465 4638 a
483 4582 626 4639 Wratistco
641 4582 709 4638 duce
730 4583 851 4639 conditu.

428 4691 522 4763 (Anno
538 4689 629 4760 1063.)

319 4778 439 4857 [Meusp
456 4776 560 4834 Corrcil.
577 4777 651 4844 XlX,
663 4777 739 4850 999.]

151 4904 335 4969 Anaxareten,
351 4918 452 4959 servus
476 4918 626 4958 servorum
651 4900 712 4970 Dei,
738 4901 820 4957 urbis
844 4903 941 4959 llomae

115 4992 297 5064 episcopiset
305 4991 390 5064 papis
400 4991 463 5047 suis
473 4989 702 5057 successoribus,
714 5007 830 5047 necnon
843 4992 941 5049 catho-

114 5077 180 5136 licis
194 5081 350 5152 episcopis‚
368 5084 535 5151 sanctasque
551 5079 687 5133 llomonoe
697 5078 831 5135 Ecclesiae
842 5082 940 5153 subje-

113 5166 299 5234 ctisounctis,
309 5169 465 5241 utriusque
477 5168 772 5239 viteprosperitatem
784 5174 812 5223 et
822 5175 939 5240 aposto·

112 5251 199 5309 licam
215 5256 449 5316 benedictionem
465 5276 482 5314 a
497 5273 614 5313 summo
632 5261 687 5312 Deo
708 5273 774 5312 curn
800 5259 939 5316 omnibus

112 5342 235 5398 sanctis.

148 5430 187 5486 lla
202 5446 266 5502 que
281 5434 423 5495 Dominus
433 5438 521 5505 Deus,
534 5452 619 5493 suam
631 5432 890 5508 perdomandam,
902 5438 938 5495 ad

111 5522 303 5597 augmentum
319 5526 484 5598 apostolicas
506 5525 584 5588 sedis
609 5525 775 5585 condonare
799 5525 938 5603 dignatus

998 4370 1022 4426 si
1033 4369 1360 4443 praesumpseritnostri
1371 4371 1477 4427 decreti
1482 4372 1602 4442 judicio
1614 4377 1702 4448 apud
1714 4376 1832 4450 quemli-

957 4479 981 4544 Ι)
997 4459 1045 4516 bet
1060 4459 1230 4532 episcopum
1244 4458 1373 4515 inveniet
1386 4464 1415 4515 et
1429 4459 1565 4532 accipiat.
1584 4463 1721 4524 Nomine
1740 4473 1832 4524 autem

996 4548 1191 4620 prepediente
1201 4562 1318 4603 omnem
1330 4547 1470 4618 injuriam
1480 4548 1511 4604 in
1522 4549 1670 4610 Romana
1680 4557 1791 4629 synodo
1799 4555 1830 4610 li·

996 4635 1063 4692 bere
1078 4635 1247 4708 proclamet.
1260 4636 1373 4708 Scripta
1385 4636 1508 4693 istarum
1529 4638 1711 4701 litterarum
1742 4643 1829 4717 sigillo

996 4724 1141 4797 impresso
1157 4741 1247 4796 supra
1260 4727 1458 4782 venerandum
1473 4743 1585 4798 corpus
1601 4730 1637 4786 B.
1663 4734 1743 4790 Petri
1766 4749 1830 4807 spo-

996 4814 1063 4870 stoli
1074 4814 1238 4886 posuimus,
1255 4813 1381 4869 maxime
1401 4831 1436 4871 ea
1456 4831 1508 4887 pro
1530 4833 1630 4876 causa
1657 4827 1694 4878 ut
1719 4824 1745 4880 si
1768 4822 1829 4895 quis

996 4904 1047 4959 Dei
1061 4902 1199 4958 inimicus
1215 4904 1481 4976 mandatorumque
1495 4905 1565 4976 ejus
1577 4912 1830 4985 contemptorhoc

996 4991 1130 5048 divellere
1136 4992 1348 5062 voluerit,soiat
1358 4994 1431 5048 soah
1443 4993 1648 5066 omnipotenti
1659 5000 1723 5058 Deo
1732 5002 1762 5058 in
1771 5017 1831 5074 per-

995 5086 1114 5154 petuum
1131 5082 1370 5152 condemnatum,
1383 5085 1415 5137 ao
1431 5099 1497 5138 cum
1514 5087 1650 5145 emtibus
1663 5097 1830 5146 sanctorum

994 5170 1035 5225 nil
1051 5183 1207 5225 commune
1222 5168 1292 5237 sore,
1310 5170 1360 5224 sed
1376 5186 1443 5225 cum
1459 5170 1830 5253 diaboloincxstinguibili

993 5258 1132 5331 gehenne
1148 5257 1282 5312 incendio
1296 5257 1470 5314 aeternaliter
1485 5268 1694 5323 concremari.

1029 5348 1102 5404 Data
1117 5347 1177 5401 haec
1191 5346 1220 5400 in
1237 5362 1343 5403 manus
1359 5347 1434 5404 Petri
1449 5350 1607 5421 prepositi
1624 5355 1658 5411 S.
1675 5357 1790 5431 Georgii
1801 5357 1826 5410 in

994 5436 1102 5510 palatio
1119 5436 1319 5507 Lateranensi,
1335 5437 1390 5492 sub
1405 5437 1531 5494 ilenrico
1550 5458 1623 5515 rege
1639 5445 1823 5506 filioltenrici

993 5524 1198 5605 gloriosissimi
1213 5524 1410 5601 imperatoris,
1426 5543 1465 5585 vn
1482 5527 1554 5589 idue
1572 5531 1660 5599 Maii.
