3892 6096
767 337 886 403 aori.
1156 298 1171 311 ’
1619 350 1679 418 032

91 484 133 529 tm
148 487 167 528 a
181 472 304 531 Domino
319 473 389 532 Jesn
404 471 581 530 incolomem
597 473 801 545 lactum,eum·
814 473 843 540 A
856 489 956 531 serum
971 473 1056 532 illum
1079 476 1243 551 ingressus,
1256 479 1329 538 adso
1350 480 1509 541 crudeliter
1526 498 1595 543 enm
1618 488 1679 545 tor·

91 560 194 662 mone
206 563 418 663 daemoniorum
434 568 563 635 captum,
575 563 738 619 litterarum
753 562 798 617 in·
853 579 954 635 quere,
965 564 1023 637 [ut]
1039 565 1176 637 frequens
1192 568 1319 641 populos
1334 569 1444 627 ad'rsm
1456 574 1545 629 tants
1557 576 1679 650 tamque

91 666 216 707 remorre
231 653 430 708 tradidissent.
851 651 993 710 inauditas
1013 654 1196 712 crudelitatis
1220 657 1382 731 visendam,
1398 676 1433 716 ex
1446 660 1574 735 oppidis,
1588 662 1678 736 villis,

92 738 176 797 Nunc
195 741 232 797 ad
256 740 438 811 propositum
464 740 580 796 rediens
603 742 796 813 [prosequor].
853 741 1029 814 mapalibus,
1041 760 1100 816 qua
1114 743 1170 799 iter
1182 745 1225 801 uti
1240 745 1364 804 insanus
1374 747 1501 807 habebat
1514 750 1680 829 (aufugerat

92 844 122 884 m
133 828 169 884 de
179 829 243 900 ejus
254 829 395 901 sospitate
409 828 550 885 acunctis
560 830 619 885 lere
629 829 711 901 (quia
722 828 797 883 mul·
852 830 942 903 eninr)
957 837 1152 888 concurreret.

91 933 190 975 assum
200 916 262 973 diss
277 917 307 973 in
321 916 374 973 tali
383 934 470 990 opere
482 918 736 990 consumpserant)
747 918 797 973 de·
889 920 951 975 179.
962 920 1087 977 Domum
1098 920 1259 979 calliditate
1270 922 1431 982 multorum
1441 928 1680 1001 captus,vinctis·

94 1010 153 1072 tur,
170 1011 200 1061 st
213 1006 268 1063 hoc
282 1011 411 1064 aestuans
425 1007 525 1064 animo
539 1024 592 1064 suo
607 1006 731 1080 agitaret
744 1008 799 1062 ab·
853 1024 910 1078 quo
938 1008 1063 1081 pedibus
1087 1014 1116 1066 et
1141 1011 1290 1081 manibus,
1309 1029 1367 1070 non
1396 1030 1485 1087 parua
1509 1016 1678 1077 mortalium

92 1100 109 1164 ι]
120 1095 268 1151 omitteret
282 1096 441 1167 inceptum,
453 1096 591 1168 quoniam
607 1097 715 1153 lrustru
726 1099 797 1163 erat,
853 1097 941 1154 turba
951 1099 1120 1167 eomitante,
1131 1102 1244 1157 eumad
1256 1101 1455 1159 hocS.Marim
1466 1107 1678 1163 monasterium

92 1184 196 1241 oannis
212 1185 351 1241 virtutem
375 1190 549 1257 qutecterst,
567 1202 626 1257 qna
649 1201 725 1258 sepe
744 1186 798 1241 du·
853 1191 967 1243 traxere
992 1187 1117 1245 invitum
1134 1204 1141 1244 ε
1159 1191 1237 1263 quod
1263 1189 1342 1248 baud
1366 1191 1514 1264 iecissent,
1530 1193 1560 1251 ni
1584 1194 1680 1252 bouus

92 1273 120 1329 in
134 1272 237 1329 multis
249 1291 387 1347 prospere
400 1291 471 1331 usus
485 1275 590 1343 luerat,
601 1275 699 1347 inquit
712 1290 801 1330 senex
855 1275 1007 1349 presbyter
1027 1277 1160 1349 quidam,
1176 1294 1278 1335 eorum
1302 1279 1474 1339 infortuniis
1487 1283 1681 1357 compatiens,

92 1379 116 1418 n
129 1362 224 1419 etatis
239 1363 402 1419 monachus
412 1364 533 1435 quidam
548 1365 650 1420 Petrus
660 1363 798 1419 nomine:
855 1365 992 1437 precibus
1003 1369 1032 1423 et
1047 1366 1230 1424 orationibus
1244 1367 1364 1425 tulisset
1379 1384 1476 1443 opem.
1492 1370 1576 1429 Hunc
1591 1372 1682 1429 undi-

92 1450 194 1508 nnium
210 1451 345 1517 dixerim,
357 1452 599 1509 reverendissime
612 1453 705 1507 Pater.
718 1452 801 1507 Hunc
855 1469 913 1525 qua
928 1453 1050 1510 lucibus
1064 1459 1191 1529 septum,
1209 1455 1330 1528 quidam
1353 1473 1388 1513 ex
1412 1458 1522 1515 nostris
1535 1459 1681 1530 videntes,

92 1541 222 1597 olumcm
243 1541 312 1596 hinc
327 1542 407 1598 abire
422 1542 446 1597 si
468 1541 596 1614 permitti
614 1539 799 1609 censueritis,
856 1558 941 1615 quam
958 1542 1053 1600 multo
1071 1544 1177 1616 major,
1193 1560 1283 1616 quam
1308 1548 1403 1619 antas,
1419 1547 1504 1604 turba
1527 1547 1682 1606 hominum

96 1647 111 1689 s
134 1631 305 1687 monasterii
321 1631 450 1688 dedecus
473 1647 538 1688 esse
559 1630 675 1686 dubitet
699 1646 799 1697 nemo;
856 1631 1067 1704 sequebantur,
1083 1632 1113 1688 in
1135 1632 1359 1691 admirationem
1383 1638 1413 1692 et
1436 1638 1587 1710 stuporem
1605 1637 1683 1696 versi

92 1718 449 1777 ceclariusconststeum
466 1718 570 1775 multis
580 1718 728 1792 variisque
743 1717 803 1790 spi·
856 1719 934 1776 intro
954 1720 1093 1777 nuntiant
1109 1721 1342 1794 quamprimum.
1358 1722 1397 1779 llo
1422 1724 1559 1783 monachi
1573 1726 1682 1785 sesain

95 1808 273 1881 impugnari.
290 1809 330 1863 Eo
346 1808 416 1864 utile
438 1807 657 1879 honestumque
669 1807 745 1862 duco
760 1806 840 1908 (stB
856 1807 1008 1866 diabolum
1018 1809 1164 1882 expedire,
1176 1825 1258 1866 arma
1268 1810 1436 1883 spiritualis
1452 1828 1564 1884 parare,
1574 1812 1616 1871 nil
1626 1814 1682 1872 bu·

92 1912 119 1955 ts
137 1912 223 1969 spero
239 1898 355 1967 ducere)
370 1897 426 1968 [ut]
440 1895 521 1952 nullo
542 1895 641 1952 labore
656 1910 723 1951 cum
738 1893 800 1951 sin·
852 1898 986 1971 Jusmodi
996 1897 1112 1973 negotio
1122 1898 1321 1956 necessarium
1332 1897 1512 1973 relinquam
1524 1901 1591 1959 odio
1602 1902 1682 1960 anim

92 2001 150 2043 tom
163 1984 322 2042 universali
341 1985 420 2053 victi,
436 1985 477 2042 rei
492 1984 603 2040 exitum
627 1983 717 2041 stiam
734 1983 799 2040 diu·
855 1985 975 2052 diaboli,
986 1987 1156 2061 pudoreque
1170 1986 1226 2052 sui,
1243 1988 1313 2060 quia
1332 1990 1395 2045 tam
1409 1988 1467 2047 cito
1482 1989 1619 2061 redieret,
1633 2006 1683 2049 ve·

92 2074 272 2147 tetemporis
291 2073 503 2146 praestolemur.
520 2073 605 2130 Senis
624 2072 800 2129 sermotiem
855 2075 1009 2131 hementsr
1022 2074 1123 2146 agitati
1135 2074 1252 2147 [erantl.
1264 2074 1373 2131 Verum
1388 2075 1499 2132 mirnm
1511 2079 1575 2133 orat
1587 2076 1684 2134 varios

92 2167 143 2220 tet
156 2163 281 2236 probant
294 2179 408 2219 omnes.
856 2164 886 2219 in
901 2180 960 2220 nno
974 2178 1095 2236 corpora
1108 2163 1210 2219 audire
1224 2162 1357 2236 spiritus,
1374 2179 1432 2219 nou
1448 2164 1546 2222 solum
1561 2164 1685 2223 dirersis

92 2251 170 2308 lllico
186 2253 237 2307 uni
253 2251 449 2308 exmonachis
464 2251 591 2323 imperat
604 2250 707 2315 abbas,
718 2265 803 2305 sum·
855 2251 966 2325 linguis
975 2251 1140 2325 loquentes,
1150 2267 1251 2308 verum
1263 2251 1353 2307 stiam
1363 2256 1464 2309 motus
1474 2252 1684 2327 incompositos

93 2338 801 2411 eeloannissanctissimi,diulegenduoraudo,
857 2342 960 2397 eodem
989 2341 1019 2396 in
1042 2355 1162 2412 corpore
1185 2340 1289 2396 dantes
1315 2338 1445 2411 [videret
1461 2339 1570 2398 Omnes
1593 2340 1685 2409 enim,

106 2428 164 2486 alio
185 2429 356 2498 concedant,
371 2427 546 2500 experiatur.
563 2428 605 2483 Ad
625 2426 680 2482 hoc
695 2425 802 2483 mirum
858 2430 908 2502 qui
923 2432 1005 2485 tanto
1019 2429 1128 2501 talique
1144 2426 1312 2500 spectaculo
1326 2426 1592 2497 aderaut(aderant
1604 2428 1685 2486 enim

93 2516 182 2575 tulum
206 2517 336 2589 undique
351 2515 491 2589 Religiosi
514 2521 544 2571 st
567 2515 722 2573 seculares
736 2530 803 2570 cum
858 2517 1025 2591 complures
1047 2517 1135 2573 otiam
1151 2518 1292 2588 provectae
1307 2514 1402 2572 etatis
1424 2514 1631 2591 Religiosil,se
1645 2516 1686 2573 si·

93 2611 172 2676 aaut,
189 2607 284 2663 lectus
298 2612 344 2662 est
358 2620 500 2662 numerus
516 2621 572 2660 uon
585 2604 718 2677 exiguus.
730 2604 803 2659 Cum
859 2606 929 2663 mile
942 2620 1096 2679 nunquam
1111 2604 1260 2661 audivisse
1273 2602 1320 2660 vel
1333 2603 1442 2661 vidisse
1457 2604 1638 2663 assersbant.

93 2696 225 2768 utrinque
244 2701 363 2752 strenue
381 2697 572 2768 pugnaretur,
589 2709 642 2750 nec
658 2694 805 2750 demones
895 2696 957 2751 180.
969 2698 1042 2751 Dum
1057 2692 1148 2767 igitur
1161 2692 1192 2749 in
1202 2690 1365 2749 sacrarium
1379 2707 1539 2750 concursus
1550 2692 1684 2750 omnium

102 2802 188 2842 susm
204 2785 407 2850 concederent,
418 2784 514 2840 lessus
527 2782 727 2856 latigatusqus
743 2798 806 2838 mo·
859 2782 1112 2852 lieret,monacbis
1127 2799 1194 2838 cum
1207 2780 1373 2839 stomata
1387 2778 1507 2840 brachio
1522 2780 1686 2849 orantibus,

93 2873 253 2946 .[quiavit].
269 2873 445 2930 conflictum
473 2872 554 2928 subit
576 2870 660 2943 altar,
687 2871 755 2927 inde
777 2874 806 2926 et
859 2868 1689 2946 princepsomniumdemonqui‚utsnpradiximus‚mi·

93 2968 210 3020 kmum
234 2978 333 3020 servos
356 2979 427 3018 suos
451 2961 610 3018 miseratus
634 2961 807 3030 loannes‚a
860 2958 1688 3034 serumhominemsoluspriusinvaserat‚inquit:Suam

93 3052 331 3123 atisimpotrata‚
344 3049 492 3117 facillime,
503 3048 725 3106 unusdiabolus
740 3053 807 3121 post
861 3050 1107 3125 promittatvitam
1116 3049 1256 3121 deinceps
1262 3048 1377 3121 justius
1385 3047 1691 3119 sainstituturumlita

93 3157 108 3197 o
134 3139 233 3197 divino
261 3143 346 3211 notu,
363 3140 430 3195 dato
458 3138 576 3211 proprio
604 3137 733 3208 nomine,
750 3136 807 3194 alia
861 3145 962 3196 tamen
977 3139 1032 3211 [ut]
1052 3138 1138 3195 dictis
1163 3138 1240 3194 lacta
1262 3138 1443 3211 compenset)
1457 3141 1487 3193 et
1509 3152 1564 3195 nos
1587 3153 1691 3194 omues

95 3227 168 3285 loca.
181 3230 311 3295 Quorum
327 3227 448 3283 nomina
466 3242 502 3282 ex
520 3225 673 3282 monachis
688 3205 845 3297 quidamC
865 3228 974 3286 ibimus
989 3228 1019 3282 in
1034 3242 1095 3282 rem
1113 3229 1255 3281 nostram.
1275 3224 1355 3282 lllico
1369 3225 1396 3281 is
1411 3223 1463 3297 [se]
1476 3224 1568 3280 dmm
1582 3224 1613 3281 iu
1629 3240 1691 3280 me·

93 3316 133 3373 ie
145 3317 285 3374 mandare
296 3316 409 3373 curavit
422 3314 591 3387 diligenter,
607 3314 675 3370 inda
690 3312 805 3369 intanti
862 3317 921 3373 lius
937 3319 1132 3377 memborum,
1149 3328 1305 3385 moresque
1324 3327 1394 3369 suos
1417 3310 1563 3385 pessimos
1576 3326 1691 3368 correc-

93 3404 125 3463 is
138 3406 309 3463 memoriam
332 3405 362 3460 in
386 3403 507 3460 sacrarii
522 3402 621 3476 pluteo
647 3400 807 3471 recondita,
862 3413 963 3461 turum
979 3403 1096 3459 latetur.
1109 3400 1143 3457 lli
1158 3400 1258 3473 itaque
1270 3400 1419 3456 demones
1433 3413 1524 3472 parvo
1538 3398 1607 3455 dato
1619 3401 1692 3455 tem·

94 3500 229 3553 minata
251 3498 321 3551 sunt
336 3512 343 3550 z
360 3498 423 3549 orto
447 3491 553 3549 deinde
575 3492 653 3547 inter
666 3491 808 3547 llnitimos
863 3493 942 3567 poris
958 3489 1122 3560 intervallo,
1139 3504 1241 3544 omncs
1262 3503 1322 3544 una
1335 3484 1432 3544 varios
1450 3501 1540 3544 sonos
1553 3484 1690 3543 emittan-

93 3600 155 3640 tum
170 3583 340 3640 monasterii
360 3582 473 3655 optima
493 3596 616 3652 quaque
631 3580 667 3635 ad
682 3577 807 3635 Pithiani
862 3587 917 3649 tes,
941 3581 983 3637 ita
1006 3583 1040 3636 ut
1068 3577 1222 3635 hominum
1251 3573 1473 3632 multitudinem
1497 3573 1689 3643 diceres,alio

94 3673 329 3746 deportarentur,
346 3672 516 3741 nescioquo
538 3669 642 3741 gratia,
659 3685 718 3724 una
738 3684 807 3724 oum
863 3669 1087 3727 contenderunt.
1105 3663 1263 3723 Incolumis
1276 3662 1327 3719 ille
1341 3664 1406 3735 jam
1420 3662 1527 3732 iactos,
1539 3662 1690 3720 monitus-

97 3762 135 3819 lis
147 3762 213 3820 aliis
223 3763 309 3818 rebus
323 3761 433 3817 amissa
443 3762 523 3815 sunt.
535 3757 628 3831 igitur
638 3761 809 3830 recuperata
863 3774 920 3832 que
934 3775 952 3814 a
966 3755 1127 3824 sacerdote,
1147 3769 1200 3826 per
1220 3751 1435 3809 confessionem
1457 3751 1517 3807 lleo
1540 3749 1688 3807 adherere

94 3850 362 3919 e,llartbolomaeus
377 3849 426 3905 ille
441 3862 582 3904 unacum
597 3848 808 3904 caterisvirtu·
862 3843 1000 3921 [statuitl.
1018 3842 1124 3900 Habita
1147 3856 1270 3897 suorum
1296 3837 1439 3897 scelernm
1463 3836 1597 3912 diligenti
1619 3854 1689 3894 con·

93 3942 179 3998 annis
202 3939 383 3997 sanctissimi
406 3938 442 3994 ad
466 3937 572 3993 ceolum
588 3936 734 3993 extollere.
753 3937 807 3992 tta·
862 3935 1000 4007 laesione,
1015 3932 1078 4005 ipse
1093 3934 1122 3987 et
1133 3928 1205 3987 socii
1227 3928 1285 3986 leti
1299 3932 1330 3985 et
1343 3927 1534 4002 admirantes,
1548 3926 1689 3985 virtatem

94 4035 212 4103 sumpta
226 4048 244 4086 a
258 4029 341 4085 Patra
355 4026 525 4084 monasterii
544 4026 753 4095 benedictione,
771 4026 806 4081 ad
861 4022 985 4082 Joannis
999 4017 1182 4079 sanctissimi
1198 4016 1233 4073 ad
1259 4016 1368 4074 ethera
1391 4014 1572 4085 extollentes,
1587 4015 1619 4072 in
1633 4014 1688 4073 l's·

94 4119 110 4176 ti
125 4119 248 4176 rediere.
862 4110 971 4171 sentiri
985 4109 1102 4177 vallem,
1117 4108 1187 4164 indo
1201 4106 1231 4162 in
1246 4105 1372 4179 patriam
1388 4103 1510 4161 radiare.

97 4208 202 4265 Petrus
221 4207 342 4281 quidam
365 4205 518 4271 Dominici,
541 4205 577 4261 de
600 4202 679 4260 Preti
702 4203 807 4259 veteris
900 4202 961 4257 181.
978 4198 1142 4265 Quamdam
1167 4195 1287 4253 alterum
1308 4196 1474 4251 matronam
1489 4192 1690 4250 certaminis

94 4298 150 4369 ⁸3),
162 4298 213 4369 qui
226 4298 389 4353 demonem
401 4294 585 4367 incognitum
597 4308 648 4364 por
660 4292 734 4348 duos
750 4292 808 4348 lare
863 4290 998 4365 partibus
1012 4287 1047 4344 ad
1058 4287 1114 4342 hoc
1124 4287 1153 4342 S.
1170 4283 1268 4342 Mari·
1278 4283 1314 4340 de
1323 4281 1406 4340 Valle
1416 4281 1560 4339 Umbrosa
1570 4281 1689 4339 venisse

105 4391 139 4443 ut
153 4386 217 4458 ipse
231 4387 350 4442 demum
373 4384 556 4453 autumabat,
574 4381 687 4448 habuit,
702 4381 737 4436 ad
753 4380 808 4436 boc
862 4377 1029 4451 accepimus
1045 4372 1274 4440 monasterium3
1286 4374 1315 4429 et
1329 4372 1491 4427 demonem
1502 4370 1554 4443 qui
1566 4386 1632 4427 eam
1648 4370 1691 4425 in·

94 4476 212 4531 illaria
234 4472 446 4530 monasterium
469 4485 659 4543 magnacum
674 4468 806 4524 omnium
861 4469 986 4536 vaserat,
1003 4466 1069 4538 post
1083 4460 1178 4518 multa
1192 4476 1261 4516 cum
1282 4474 1317 4515 aa
1340 4456 1442 4515 habita
1456 4457 1627 4527 certamma,
1643 4473 1691 4513 sa-

94 4565 188 4636 rtione,
205 4581 263 4636 qua
274 4562 429 4629 transibat,
439 4560 476 4617 ob
491 4558 588 4615 multa
600 4562 629 4614 ct
641 4557 730 4617 varia.
742 4573 807 4629 qua
823 4573 847 4638 D
861 4555 984 4625 cerdoti,
995 4553 1046 4625 qui
1065 4552 1183 4624 signum
1198 4547 1324 4622 petebat,
1335 4544 1446 4603 dixisse
1457 4561 1465 4602 t
1477 4543 1532 4602 Ubi
1547 4544 1605 4601 alio
1619 4561 1691 4601 con·

100 4655 205 4727 agebat
222 4657 252 4709 et
271 4652 395 4719 dicebat,
412 4650 472 4706 via
493 4649 554 4705 suis
569 4649 675 4704 ductos
691 4646 810 4703 tandem
866 4642 1005 4702 tendendi
1013 4644 1131 4712 tempus
1140 4637 1295 4694 imminere
1304 4632 1556 4707 cognovero,quod
1565 4631 1692 4705 jamjam

94 4742 141 4800 nic
165 4745 263 4799 motas
286 4740 362 4796 vires
384 4740 497 4795 damon
522 4735 739 4806 administrare,
755 4735 810 4807 [ut]
866 4731 1011 4808 prospicio
1035 4725 1263 4792 adesse‚asinus
1288 4721 1390 4778 rustici
1413 4719 1569 4793 cujusdam
1584 4718 1635 4792 qui
1655 4720 1692 4777 de

94 4831 247 4904 subdique
266 4828 398 4895 funibus,
411 4827 500 4883 etiam
515 4825 642 4883 utribus
665 4824 737 4879 viris
752 4823 810 4879 lor·
867 4837 939 4894 rupe
953 4817 1146 4882 descendens,
1157 4813 1213 4869 hac
1224 4810 1281 4867 iter
1294 4807 1424 4882 babebit,
1440 4824 1605 4883 congruum
1618 4806 1693 4864 satis

95 4936 223 4978 scoram
245 4916 426 4975 sanctissimi
440 4914 563 4973 loannis
585 4912 706 4970 brachio
731 4911 811 4968 baud
867 4896 1694 4977 manifestumquemesdiscessionissignummotacsn·

94 5015 177 5066 isset.
190 5008 245 5074 Qui
265 5006 349 5064 iacila
373 5003 692 5078 sospitatem-omnium
718 5016 813 5057 mem·
867 5004 906 5070 te,
917 4996 1020 5054 dabit:
1036 4993 1125 5068 pedes
1137 4989 1215 5047 enim
1227 4989 1292 5062 ejus
1307 4986 1380 5046 adeo
1394 4984 1626 5061 humideflgam,
1637 4985 1692 5058 [ut]

94 5115 108 5154 1
129 5097 295 5170 recipiens,⁸
308 5095 382 5151 tanti
411 5092 544 5150 beneficii
570 5092 738 5157 immemor,
754 5106 812 5146 non
867 5103 920 5144 nec
936 5085 1016 5152 inde,
1032 5081 1090 5138 nisi
1105 5078 1208 5137 lerreis
1221 5075 1427 5135 instrumentis
1441 5073 1562 5145 relictis,
1572 5072 1695 5131 evellere

94 5203 163 5244 suos
173 5186 319 5260 pessimos
330 5180 617 5253 mores‚otmonachi
627 5182 812 5248 monuerant,
868 5175 1050 5249 [quisquam]
1060 5169 1166 5227 valeat.
1178 5172 1239 5224 Hoc
1254 5166 1412 5223 enimcum
1426 5169 1456 5221 et
1469 5162 1627 5220 ridiculum
1641 5177 1695 5218 uec

94 5277 196 5345 stavit,
207 5277 257 5331 sed
273 5274 320 5329 his
334 5278 364 5330 et
378 5271 451 5329 alios
465 5270 578 5327 addidit
588 5269 680 5325 multo
696 5267 816 5340 neqnio-
868 5263 940 5322 satis
951 5260 1126 5318 couveniens
1139 5256 1242 5314 multis
1254 5255 1304 5328 qui
1319 5253 1441 5311 aderant
1453 5252 1617 5321 videretur;
1627 5265 1694 5308 ecce

95 5386 99 5418 t
120 5365 220 5421 divina
236 5362 354 5435 justitia
368 5361 510 5434 exigente,
524 5360 601 5414 idern
627 5357 740 5412 damon
756 5371 816 5410 una
869 5353 946 5409 illico
962 5349 1103 5419 rusticus,
1117 5347 1240 5420 ignarus
1254 5343 1345 5415 hujus
1360 5340 1413 5408 roi,
1428 5356 1514 5414 opem
1529 5339 1694 5414 requirens,

95 5459 185 5529 sptem
198 5459 227 5511 at
242 5452 437 5525 quadraginta
449 5448 602 5522 spiritibus
613 5443 750 5516 malignis
764 5444 816 5498 mi·
870 5439 1089 5514 ingrediebatur
1098 5435 1251 5509 capellam,
1264 5446 1398 5488 asserens
1408 5430 1524 5487 minum
1536 5444 1624 5501 quem
1639 5429 1696 5485 du·

95 5572 100 5632 t
115 5565 246 5619 Fratrum
272 5568 356 5625 catus,
378 5558 464 5632 vulgo
479 5559 563 5611 l’ruto
584 5554 701 5621 vecchio,
716 5550 806 5607 situm
821 5554 866 5607 est
881 5565 970 5624 prope
984 5561 1116 5604 smmum
1130 5539 1395 5600 camaldulensem.
1411 5538 1490 5596 lntar
1502 5537 1582 5596 buno
1596 5537 1693 5594 locum

95 5637 210 5695 entiam
223 5634 282 5692 lere
297 5632 393 5690 media
408 5635 452 5689 cst
465 5627 557 5686 Vallis
573 5626 727 5684 Umbrosa.
