3884 6090
117 288 179 354 ΡΠ
698 290 771 355 tle.
794 292 846 354 DD
867 292 996 358 CURSU
1017 292 1250 356 sslnluunut.
1769 290 1827 357 lis

120 441 204 499 spem
220 441 307 483 sunm
322 424 352 482 in
369 425 492 484 Domino
507 431 613 500 ponat:
631 428 729 484 Beatus
743 425 791 498 aui
806 426 906 484 tenebit
921 431 946 484 et
959 428 988 496 Α
1002 428 1121 501 qnando
1136 427 1294 485 Dominicis
1314 428 1536 502 incarnationis,
1553 428 1699 504 passionis
1725 447 1824 489 resur·

118 515 478 590 atlidetparuulossuosad
492 517 817 589 petrathsal.oxxxu1‚
833 517 871 587 9).
887 516 943 573 Cu·
1000 517 1136 574 rectionis
1158 523 1186 574 et
1204 519 1385 576 ascensionis
1399 520 1464 592 ejus
1478 520 1619 595 mysteria
1634 521 1735 578 studet
1749 537 1822 594 pan·

112 607 169 680 jus
183 605 336 663 sententies
349 621 454 661 sensus
465 610 511 662 est
524 606 597 663 iste:
614 606 720 663 Beatus
736 607 786 678 qui
797 606 947 678 cogitatio·
999 608 1086 676 dere;
1112 625 1191 665 nuno
1214 607 1379 665 divinorum
1391 609 1571 681 judiciorum
1587 610 1779 669 subtilitatem
1794 614 1825 669 et

117 694 290 763 mumulus,
302 711 370 752 mox
384 695 683 770 cnmoriricceperint
696 700 725 753 et
740 696 837 754 adhuc
851 712 944 770 parua
999 699 1152 756 veritatem
1177 699 1366 773 pronuntiat;
1391 699 1538 757 interdum
1560 701 1677 774 judices
1704 702 1824 776 iniquos

114 789 199 852 sunt,
211 784 499 854 conflteturtlhristo‚
510 786 561 859 qui
574 790 710 860 petraest
720 787 826 857 dictus,
838 803 945 860 rogans
999 790 1137 846 admonet
1156 789 1342 863 etinerepat3
1359 807 1438 847 nunc
1449 790 1552 848 divinae
1567 791 1684 864 pietatis
1694 791 1823 849 suauita-

113 890 187 931 eum
201 879 234 930 ut
244 874 307 947 ipsc
317 891 367 931 eas
378 874 529 946 pnusase
542 875 766 949 expelletquam
777 877 813 932 ad
824 875 945 949 majoris
999 884 1057 937 tem
1082 895 1184 935 ornnes
1209 883 1328 954 gustare
1354 879 1541 948 exhortatum
1567 897 1646 937 nunc
1669 880 1822 954 sapientia

113 962 257 1036 nequitia
272 962 408 1020 attactum
424 963 605 1038 perveniant.
622 965 718 1021 Suavis
733 966 868 1023 Dominus
882 968 944 1022 uni·
998 967 1102 1025 divinas
1113 969 1332 1026 inmensitatem
1342 970 1521 1039 admiratum
1536 970 1697 1044 sepissime
1708 971 1744 1027 nd
1756 970 1821 1029 luu-

115 1055 208 1110 oersis
230 1061 257 1110 et
279 1053 472 1110 miserationes
490 1057 552 1126 ejas
569 1070 652 1126 super
666 1057 759 1112 omnia
773 1071 859 1129 opera
872 1057 942 1129 ejus.
998 1058 1128 1115 dandum
1138 1059 1227 1115 Deum
1240 1057 1581 1128 tldelesomnesinvitnt3
1594 1058 1742 1116 interdum
1752 1073 1828 1117 vero-

113 1143 220 1200 Fidelis
233 1143 368 1199 Dominus
380 1144 412 1199 in
424 1144 551 1200 omnibus
565 1144 656 1201 uerbis
670 1146 739 1214 suis,
750 1152 775 1201 et
788 1153 896 1201 sanetus
912 1147 943 1202 in
997 1145 1098 1220 quales
1113 1164 1177 1205 asse
1191 1149 1315 1205 debeant
1328 1146 1485 1205 laudantes
1500 1152 1591 1204 licum
1606 1147 1737 1217 indicat3
1764 1147 1819 1204 uli·

112 1232 243 1290 omnibus
263 1233 390 1304 operibus
412 1234 479 1289 sais.
496 1231 606 1289 Atteuat
619 1235 750 1290 Dominus
772 1249 868 1291 omnes
894 1235 943 1307 aui
996 1238 1113 1308 qnando
1128 1237 1217 1295 etiam
1232 1237 1287 1293 hoc
1302 1238 1405 1310 pendit
1420 1239 1498 1311 quod
1514 1237 1592 1295 Deus
1602 1236 1716 1311 jugiter
1729 1252 1818 1311 super

112 1328 257 1387 corruunt,
272 1327 300 1378 et
319 1322 402 1394 eripit
421 1337 515 1378 omnes
529 1323 619 1389 elisos,
635 1322 762 1379 sabaudi
777 1323 854 1380 adse
876 1339 941 1380 eon·
996 1342 1049 1383 nos
1062 1325 1209 1399 respiciat,
1220 1326 1359 1383 utvideet
1374 1325 1580 1399 qnisexnobis
1590 1340 1658 1383 eum
1671 1326 1819 1399 requirere

117 1427 216 1469 uersos.
232 1415 322 1482 Prope
335 1419 375 1469 est
387 1412 522 1468 Dominus
536 1412 661 1469 omnibus
673 1412 862 1469 innocentibus
876 1429 942 1469 eum
994 1416 1130 1483 studeat;
1146 1432 1222 1488 sepe
1232 1432 1334 1473 omnes
1345 1416 1380 1472 ad
1392 1415 1485 1472 Deum
1501 1415 1703 1489 confugientes
1717 1430 1820 1474 conso·

113 1504 145 1557 in
159 1501 282 1558 ueritate.
302 1501 478 1559 Voluntatem
492 1502 650 1558 timentium
664 1517 692 1558 se
704 1504 797 1573 fumet,
807 1510 834 1558 et
848 1502 940 1576 depre-
993 1504 1141 1561 laturiam
1152 1504 1294 1579 separatis
1306 1521 1394 1579 quam
1405 1504 1548 1578 oppositis
1558 1504 1712 1562 sententiis
1724 1504 1817 1562 malo·

107 1593 250 1649 mmem
263 1608 359 1649 eorum
373 1591 503 1648 exaudiet
525 1595 551 1648 et
574 1592 668 1648 saluos
688 1593 771 1663 {anet
793 1607 837 1648 eos
852 1592 937 1663 (Psal.
993 1610 1060 1650 rum
1070 1597 1099 1650 at
1108 1595 1395 1667 bonorum‚quorum
1405 1592 1598 1665 ulterumjam
1609 1592 1718 1666 protuli
1728 1617 1736 1662 3
1747 1593 1819 1652 ulte·

107 1696 201 1749 univ,
218 1679 247 1749 D,
264 1682 318 1750 lu).
336 1684 448 1748 Beatus,
464 1683 543 1749 cuius
560 1685 634 1738 Deus
646 1681 727 1737 iacob
745 1680 855 1754 adjutor
868 1678 937 1754 ejus,
992 1700 1058 1740 rum
1073 1700 1139 1740 vero
1154 1683 1249 1740 adhuc
1265 1687 1413 1740 annuente
1426 1687 1484 1740 Deo
1498 1684 1655 1757 proteram.

106 1785 167 1842 spes
188 1770 249 1843 ejus
272 1770 303 1826 in
324 1771 443 1826 Domino
463 1771 516 1827 Deo
540 1770 702 1842 irritaqui
720 1769 976 1870 seatcoeiumetB
1305 1772 1421 1829 CAPUT
1442 1772 1502 1828 llll.

104 1869 225 1927 terram,
236 1874 320 1916 mare
329 1867 357 1916 et
367 1860 460 1917 omnia
470 1875 529 1931 aaa
542 1861 572 1916 in
581 1861 621 1916 eis
629 1862 704 1916 sunt.
717 1859 848 1915 Dominus
857 1859 938 1916 soluit
992 1863 1097 1931 Quibus
1119 1863 1291 1935 psalmorum
1310 1863 1452 1919 sententiis
1472 1865 1625 1934 penatores
1648 1869 1815 1920 terreantur.

103 1948 284 2021 compeditos,
301 1948 432 2005 Dominus
447 1947 591 2005 illuminat
604 1964 696 2005 eaeeos.
711 1949 842 2005 Dominus
855 1949 938 2022 eripit
1026 1951 1097 2007 Cum
1113 1951 1204 2024 igitur
1217 1955 1278 2008 tam
1293 1950 1383 2009 variis
1398 1949 1494 2008 modis
1507 1951 1658 2008 roboraret
1668 1954 1757 2023 atque
1766 1951 1817 2009 da-

104 2036 192 2095 elisos
202 2037 291 2111 (Psoi.
303 2054 383 2103 cxcv,
394 2039 423 2107 5,
435 2038 474 2111 8),
485 2037 612 2094 subaudi
623 2039 649 2093 si
660 2037 695 2094 ad
705 2054 767 2094 eum
775 2042 937 2095 convertar·
990 2044 1068 2096 cerei
1080 2056 1182 2097 omncs
1193 2040 1223 2095 in
1237 2040 1295 2096 fide
1305 2038 1436 2107 stabiles,
1447 2039 1618 2096 recordatus
1628 2043 1674 2097 est
1684 2038 1772 2096 etiam
1785 2039 1815 2096 in

103 2133 162 2183 tur.
173 2129 386 2200 beneplacitum
395 2135 434 2184 est
443 2128 559 2184 Domina
569 2143 652 2200 super
662 2128 786 2183 timentes
795 2132 895 2185 eumet
904 2130 935 2184 in
989 2128 1585 2203 psalmoseptuagesimosecnudoeorum
1599 2128 1814 2201 quiadhucue·

103 2218 145 2273 sis
158 2216 210 2289 qul
223 2224 335 2287 sperant
347 2231 431 2289 super
444 2215 636 2273 misericordia
659 2216 718 2287 ejas
739 2216 824 2287 (Psoi.
841 2232 932 2284 cxcvi,
987 2216 1032 2273 lut
1045 2217 1156 2274 intlrmi
1173 2217 1202 2274 in
1218 2217 1275 2274 Dde
1290 2215 1527 2274 scandalizantur
1541 2214 1625 2273 facile
1640 2217 1676 2273 de
1692 2216 1816 2288 judiciis

104 2306 160 2374 11).
176 2305 387 2378 Deneptaeitum
400 2309 440 2362 est
452 2307 568 2362 Domino
584 2306 615 2360 in
628 2306 729 2377 populo
742 2320 801 2377 suo,
818 2313 844 2361 at
858 2306 933 2362 acai-
987 2304 1105 2362 divinis.
1122 2306 1282 2380 Postquam
1297 2305 1375 2363 enim
1397 2305 1470 2362 dixit
1492 2321 1528 2362 ex
1551 2321 1676 2378 persona
1689 2305 1816 2363 tirmiter

105 2396 176 2452 tabit
187 2403 347 2451 mansuetos
362 2396 393 2452 in
407 2394 619 2467 salutanffsal.
634 2411 726 2464 cxcix,
743 2394 780 2466 l).
797 2394 862 2451 Hac
876 2393 931 2468 igi-
986 2394 1168 2452 credentium
1185 2413 1192 2452 ε
1221 2396 1313 2465 Quam
1335 2396 1418 2452 bonus
1432 2395 1517 2451 lsrael
1531 2396 1602 2451 Deus
1615 2396 1658 2450 bis
1673 2396 1723 2467 qui
1735 2402 1812 2452 recta

102 2492 153 2541 tar
165 2483 268 2542 omnia
280 2484 347 2541 ideo
361 2483 536 2558 disponente
550 2488 607 2540 Deo
623 2483 811 2556 pronuntiata
826 2489 895 2540 sunt
913 2501 931 2541 a
983 2493 1049 2542 sunt
1064 2484 1166 2541 carde!
1181 2501 1248 2541 mox
1258 2500 1403 2541 aneorum
1420 2499 1544 2555 persona
1555 2482 1606 2556 qui
1619 2483 1715 2541 adhuc
1727 2484 1810 2541 intir-

100 2572 272 2640 Paalmista,
287 2577 322 2629 nt
334 2588 437 2630 omnes
447 2572 548 2630 lldcles
562 2572 592 2629 in
603 2571 773 2645 hujusmodi
785 2571 870 2630 dictis
880 2572 930 2629 ba·
984 2578 1103 2631 mantur
1116 2574 1146 2631 in
1161 2574 1219 2630 side
1233 2573 1396 2647 subjungit,
1413 2573 1512 2629 dicens
1529 2590 1536 2629 :
1561 2573 1613 2629 ltei
1632 2576 1726 2629 autem
1739 2589 1809 2645 pene

99 2662 203 2719 berani
216 2661 448 2720 consolationem
468 2666 570 2719 contra
590 2662 758 2719 universam
773 2663 927 2735 parturba-
981 2665 1048 2721 niati
1061 2667 1125 2720 sunt
1136 2663 1227 2736 pedae,
1236 2679 1306 2736 perc
1315 2664 1396 2736 effusi
1407 2666 1471 2719 sunt
1483 2678 1590 2734 pressas
1603 2663 1670 2730 mei,
1685 2664 1751 2736 puin
1765 2679 1807 2719 ne·

97 2752 219 2809 tionem.
981 2756 1039 2812 tnui
1051 2770 1134 2828 saper
1147 2755 1266 2826 iniquos,
1276 2757 1550 2827 pacempeccatorum
1563 2751 1666 2821 uidens,
1678 2755 1747 2821 etc,
1759 2751 1806 2810 his

131 2841 249 2905 unibus
264 2846 293 2898 st
308 2840 359 2898 illa
373 2856 499 2915 congrue
514 2843 640 2913 possunt
662 2839 783 2913 adjungi
808 2857 871 2912 que
894 2840 925 2896 in
980 2843 1090 2900 similin
1106 2860 1170 2916 que
1186 2843 1216 2898 in
1231 2843 1332 2899 eodem
1350 2840 1464 2914 psalmo
1479 2841 1678 2898 inveniuntur.
1690 2840 1721 2898 Si
1735 2855 1804 2897 vero

98 2930 422 3004 quadmgesimotertio
432 2930 546 3002 psalmo
560 2929 789 3002 proterunturex
799 2945 926 3003 persona
979 2932 1088 3006 aliquis
1103 2933 1261 2989 contendat
1270 2930 1458 2988 Psalmistam
1474 2930 1546 2987 talia
1559 2931 1648 2987 verba
1662 2929 1758 3003 magis
1769 2946 1804 2986 cx

99 3024 263 3094 martyrum
276 3023 305 3076 at
320 3018 452 3076 omnium
464 3018 514 3092 qui
530 3019 762 3093 persecutionem
772 3018 926 3092 patiuntur
978 3021 1097 3093 propria
1111 3036 1200 3093 quam
1216 3038 1251 3077 ax
1266 3019 1391 3078 allorum
1402 3019 1511 3076 dixisse
1526 3034 1661 3092 persona,
1673 3019 1806 3076 attendat

96 3108 386 3183 proptarjustitiam.
403 3110 541 3178 Quoniam
552 3115 666 3181 propter
684 3116 710 3164 te
723 3108 924 3178 mortificamur
980 3109 1105 3183 qualiter
1120 3109 1188 3167 alibi
1211 3126 1455 3183 unumquemque
1470 3109 1632 3166 admonens
1647 3107 1806 3180 superbae

99 3200 216 3268 nmine,
222 3199 358 3258 aestimab
367 3215 463 3256 sumus
471 3200 544 3255 sieut
553 3215 615 3255 oues
623 3198 774 3255 occisionis.
791 3199 922 3270 destinae,
939 3179 961 3247 C
980 3215 1077 3255 errore
1092 3199 1188 3255 dicet:
1207 3198 1270 3254 Noli
1283 3199 1415 3256 somniari
1429 3199 1460 3253 in
1473 3213 1504 3254 eo
1519 3198 1567 3269 put
1577 3200 1761 3269 prosperatur
1775 3199 1806 3254 in

100 3305 181 3362 auam
194 3289 345 3357 obdormis,
363 3289 486 3353 Domine,
502 3304 630 3357 casurae,
645 3290 671 3344 et
693 3304 727 3343 ne
753 3287 869 3359 repellas
894 3289 925 3343 in
979 3284 1805 3358 uiasua,inbomineiaeienteiniustitiasffsal.xxxv1‚7);

97 3378 191 3449 mem,
206 3381 237 3433 et
260 3380 365 3434 catera
383 3376 430 3434 bis
445 3376 554 3434 similia
568 3392 632 3449 qun
647 3375 677 3431 in
692 3377 794 3433 eodem
810 3374 923 3449 psalmo
979 3381 1008 3434 st
1025 3394 1031 3432 :
1059 3377 1112 3446 Qui
1135 3377 1328 3447 matipnontur
1346 3376 1625 3435 exterminabantur;
1640 3374 1807 3430 substituentes

99 3467 297 3524 continentur.
314 3467 454 3538 Ejusdem
476 3482 595 3539 quoque
617 3481 722 3522 sensus
743 3465 822 3521 dicta
845 3465 923 3521 inve·
978 3468 1072 3522 annm
1089 3467 1236 3521 Dominum
1250 3465 1306 3536 ipsi
1320 3463 1523 3522 wentanum
1537 3466 1640 3519 terram
1654 3461 1746 3534 (ibid,
1761 3463 1803 3534 9).

102 3555 227 3611 ninntnr
241 3555 268 3611 in
282 3555 398 3629 psalmo
413 3556 727 3629 septuagesimonono,
740 3552 923 3609 ubidicitur:
979 3549 1804 3626 Multaquoquehissimiliainpsalmisinveniripossunt.

102 3643 225 3700 Posuisti
236 3659 285 3701 nos
299 3646 330 3700 in
340 3643 584 3701 contradictionem
592 3644 692 3700 ominis
704 3644 815 3709 nastris,
827 3648 854 3698 et
869 3641 924 3698 ini·
1015 3644 1070 3700 Sed
1086 3649 1115 3698 et
1128 3642 1158 3699 in
1173 3642 1228 3699 hoa
1242 3641 1315 3699 satis
1329 3645 1485 3698 excusatur
1498 3641 1535 3698 ab
1544 3640 1717 3712 hujusmodi
1733 3639 1805 3697 insi·

100 3733 270 3790 miei‘nostri
283 3733 523 3790 subsannaverunt
538 3749 595 3789 nos.
611 3737 697 3800 Deus,
712 3735 841 3788 conrerte
865 3747 924 3801 aas,
980 3730 1089 3804 pientia
1103 3731 1181 3804 quod
1195 3731 1225 3786 in
1242 3730 1305 3787 loeo
1320 3731 1448 3803 quodam
1474 3745 1506 3785 se
1530 3727 1664 3801 perhibet
1678 3727 1806 3786 eantare

101 3828 151 3878 etc.
165 3821 294 3879 Noverat
308 3822 387 3878 enim
403 3820 562 3878 Psalmista
576 3820 684 3878 eleetos
698 3822 748 3877 Dei
769 3820 811 3877 sic
835 3820 872 3875 ab
891 3835 926 3876 ea
980 3821 1074 3877 otiosa
1087 3819 1185 3888 verba,
1201 3819 1301 3876 dicens
1316 3820 1351 3875 ad
1366 3818 1544 3875 Dominum:
1560 3820 1626 3887 lane
1639 3832 1684 3874 ms
1696 3818 1804 3874 emmi-

100 3910 302 3980 consuluerint
316 3914 415 3969 tamen
430 3909 588 3985 aliquando
604 3909 670 3967 illos
685 3908 927 3982 permitteretent
979 3910 1062 3980 nosti,
1079 3917 1106 3965 et
1123 3925 1181 3966 non
1201 3913 1241 3964 est
1261 3909 1371 3964 inuenta
1395 3909 1425 3962 in
1447 3923 1491 3963 me
1515 3907 1671 3979 iniquitas:
1696 3909 1726 3962 ut
1749 3921 1806 3964 noa

100 3998 227 4073 publicis
241 3999 497 4073 persecutionibus
513 4004 564 4057 aut
577 3997 698 4057 occultis
712 3997 926 4056 tentationibus
980 3999 1109 4070 loquatur
1131 4014 1161 4054 os
1183 4015 1276 4054 meum
1296 4014 1377 4070 opera
1391 3997 1533 4052 bominum
1548 3996 1635 4065 (Psoi.
1651 4012 1707 4063 xvi,
1723 3996 1750 4065 3,
1766 3996 1805 4067 l),

101 4089 225 4163 fatigari.
241 4089 371 4162 Ideoque
391 4093 551 4162 utrumqne
566 4087 775 4161 pronuntiavit,
792 4086 924 4144 consola·
980 4087 1106 4144 subaudi
1117 4103 1268 4160 pravorum
1292 4102 1343 4142 seu
1363 4084 1548 4157 quorumtibet
1561 4083 1718 4154 bominum,
1731 4100 1806 4158 quo·

103 4177 194 4233 tiones
207 4176 322 4234 scilicet
333 4181 362 4234 ct
372 4177 605 4250 perturbationes
619 4192 732 4233 eorum.
748 4180 781 4231 ln
796 4175 924 4249 quodam
979 4192 1045 4232 rum
1061 4191 1151 4249 opors
1164 4173 1268 4243 multa,
1282 4173 1351 4230 licet
1365 4172 1425 4230 sint
1440 4172 1615 4241 necessaria,
1632 4189 1690 4230 non
1705 4178 1805 4230 tamen

106 4263 285 4323 etiamrersu
295 4271 455 4338 utrumque
464 4264 695 4339 comprehendit,
705 4265 820 4321 dicens:
832 4265 926 4322 blattae
979 4264 1114 4322 convenit
1128 4264 1163 4320 do
1178 4263 1221 4319 eis
1237 4262 1362 4336 turpiter
1376 4261 1467 4335 loqui,
1483 4277 1519 4316 ne
1534 4261 1609 4317 forts
1623 4259 1713 4334 aliqui
1729 4260 1806 4318 irra-

105 4354 293 4413 tribulatienes
312 4357 459 4428 justorum,
474 4362 501 4412 et
523 4354 558 4410 de
579 4355 707 4411 omnibus
730 4353 773 4409 bis
797 4354 926 4410 liberabit
979 4352 1132 4409 tionabilia
1156 4352 1245 4408 verba
1269 4350 1422 4406 audientes
1450 4347 1703 4416 scandalizentur;
1727 4348 1805 4422 quad

104 4459 145 4501 eos
158 4445 291 4501 Dominus
316 4443 627 4516 (Psat.xxx111,20).0
652 4442 732 4499 mire
758 4441 925 4500 sanctitatis
979 4441 1058 4498 enim
1083 4445 1169 4514 turpe
1193 4444 1238 4497 est
1261 4440 1365 4509 lacere,
1381 4443 1467 4510 turpe
1491 4442 1535 4494 est
1549 4440 1578 4493 et
1592 4437 1700 4494 dicere.
1716 4438 1752 4493 lit
1774 4444 1809 4492 ut

103 4530 194 4590 nram
209 4536 240 4590 st
261 4533 377 4590 eunctis
392 4531 528 4589 fidelibus
542 4532 753 4600 venerandum,
769 4531 818 4605 qui
844 4534 926 4587 tanta
941 4550 964 4616 D
980 4530 1077 4589 adbuc
1092 4529 1171 4586 eliud
1188 4528 1390 4586 testimonium
1405 4527 1530 4583 inieram
1546 4526 1581 4581 ad
1605 4523 1805 4582 excusandum

104 4637 283 4695 prenoscere
295 4625 324 4678 et
336 4621 525 4695 pronuntiare
538 4619 659 4677 meruitl
676 4624 750 4676 Nam
761 4619 839 4692 quod
854 4635 926 4692 apo·
982 4618 1180 4690 psalmistam,
1197 4617 1330 4691 legamus
1344 4615 1454 4688 scripta
1468 4612 1595 4687 Apostoli
1616 4613 1677 4687 qui,
1693 4610 1761 4670 lieet
1776 4612 1807 4669 in

105 4711 196 4770 molus
210 4711 322 4770 Paulus
336 4712 372 4769 ds
386 4711 545 4785 semetipso
560 4709 656 4766 dixit:
685 4709 817 4767 Omnibus
831 4709 928 4764 omnia
982 4707 1062 4765 omni
1079 4706 1236 4763 sanctitate
1250 4703 1361 4772 vixerit,
1375 4720 1410 4760 ax
1425 4705 1610 4777 peccaturum
1625 4704 1725 4758 tamm
1740 4714 1807 4774 per·

107 4802 191 4870 tuems
211 4817 287 4871 sum,
311 4809 342 4857 ut
365 4816 457 4858 omnes
482 4801 673 4872 lucrifacerem
697 4799 722 4871 (l
734 4800 798 4856 dor.
815 4815 853 4866 rx,
869 4796 926 4869 22),
982 4813 1055 4853 sona
1070 4794 1165 4851 dixit:
1192 4795 1293 4866 infelix
1315 4809 1363 4863 aaa
1388 4793 1476 4861 bomo,
1492 4792 1554 4864 puis
1573 4807 1617 4847 me
1631 4790 1761 4848 liberabit
1775 4789 1808 4847 de

108 4889 141 4946 de
153 4890 210 4949 isto
225 4906 345 4966 qnoque
361 4890 423 4946 viro
443 4892 539 4963 potest
562 4887 715 4961 aptissime
738 4886 796 4944 dici
822 4886 872 4959 qui
896 4888 929 4942 ut
981 4901 1092 4959 corpore
1105 4885 1201 4940 mortis
1216 4883 1320 4953 buires?
1335 4882 1429 4938 Gratia
1439 4882 1488 4938 Dei
1500 4896 1550 4952 per
1562 4882 1655 4939 iesum
1667 4879 1809 4936 Christum

108 4981 241 5039 omnibus
257 4979 361 5037 divina
376 4978 492 5053 pietatis
507 4976 722 5049 divitiasquas
737 4976 799 5049 ipse
814 4975 927 5049 esperi-
983 4977 1132 5034 Dominum
1151 4981 1276 5029 nostrum
1300 4974 1386 5043 (Rom.
1410 4988 1465 5038 vri,
1487 4971 1537 5038 ul,
1551 4971 1609 5039 25).
1634 4970 1675 5025 lix
1699 4969 1808 5041 quibus

108 5076 202 5128 mento
211 5069 327 5138 didicit,
339 5067 550 5142 pronuntiaret,
562 5083 641 5124 nunc
654 5066 771 5140 quidem
784 5066 867 5122 docet
878 5079 928 5121 eos
982 5064 1120 5122 omnibus
1136 5062 1283 5137 colligitur
1297 5059 1367 5135 quia
1377 5059 1532 5117 usalmists
1547 5057 1629 5116 nullo
1644 5058 1731 5115 modo
1742 5074 1807 5114 cre·

108 5176 186 5217 orare
199 5163 262 5218 tam
278 5176 331 5233 pro
345 5174 481 5231 usquam
496 5174 548 5229 pra
565 5155 641 5226 aliis,
658 5155 808 5229 proterens
823 5155 859 5211 ad
874 5154 929 5210 hoc
983 5154 1097 5211 dendus
1109 5157 1155 5210 est
1170 5171 1187 5209 a
1203 5153 1259 5208 fide
1270 5151 1390 5217 moveri,
1400 5166 1468 5207 cum
1484 5148 1592 5221 impios
1603 5164 1636 5204 ac
1650 5145 1808 5203 sceleratos

107 5248 177 5306 talis
189 5249 279 5307 verba
298 5264 363 5322 que
384 5245 554 5321 peritissimi
579 5245 689 5319 quique
713 5248 839 5317 possunt
861 5243 929 5317 plus
984 5235 1116 5317 quosque
1128 5242 1160 5307 ¹in
1176 5238 1232 5297 hoc
1247 5239 1352 5297 seculo
1370 5239 1492 5294 vidisset
1505 5234 1681 5309 prosperari.

109 5338 207 5394 mirari
219 5353 311 5411 qnam
321 5335 401 5393 dictu
417 5335 525 5392 imitari
539 5353 546 5404 ;
563 5351 642 5391 nunc
652 5328 816 5390 confitendo
827 5337 856 5390 et
869 5350 929 5407 pm·
1018 5333 1085 5389 tam
1097 5331 1169 5388 sutis
1179 5329 1289 5387 dictum
1302 5333 1346 5385 est
1357 5328 1503 5402 quomodo
1513 5325 1671 5383 Psalmista
1680 5324 1810 5383 console-

110 5425 228 5483 nitendo
242 5427 431 5499 peccatorum
446 5425 559 5481 senium
573 5440 591 5480 a
605 5423 662 5480 Deo
678 5438 805 5494 quarere
820 5445 827 5489 ;
853 5438 930 5479 nunc
984 5426 1033 5479 tur
1044 5437 1146 5477 omnes
1157 5419 1206 5492 qui
1218 5419 1353 5476 esuriunt
1361 5420 1390 5473 et
1401 5416 1506 5473 sitiunt
1514 5415 1664 5493 justitam,
1675 5414 1810 5472 dicamus

110 5532 163 5590 pro
177 5515 309 5589 qnalibet
321 5514 429 5572 uirtute
443 5512 612 5584 obtinenda,
629 5512 776 5572 interdum
791 5527 858 5569 uero
879 5528 931 5585 pro
986 5504 1809 5583 etiamqualiterdeterrentonmesiniquos,nuncquidem

110 5605 294 5681 quibuslibet
312 5603 393 5662 vitiis
413 5602 593 5678 depellendis
606 5607 698 5663 Deum
712 5600 862 5672 invocare;
879 5600 932 5660 eli·
986 5598 1201 5674 pronuntiando
1216 5599 1327 5670 quanta
1342 5594 1399 5652 sibi
1415 5595 1494 5652 mala
1508 5595 1608 5653 lutura
1622 5594 1692 5661 sint,
1703 5593 1729 5651 si
1743 5608 1808 5665 per·
