3892 6096
114 262 192 330 rara
278 224 283 239 ’
691 265 894 331 crusnam
916 265 1175 330 nnasaununu
1749 258 1821 324 tau

115 411 232 472 servare
248 401 394 471 oporteret
409 396 564 470 diligenter
578 398 767 469 iustruetum,
784 418 936 474 cumpace
950 401 979 469 Α
993 403 1134 458 statutam
1161 398 1237 456 diem
1266 392 1567 454 excommunicatione
1599 390 1822 450 absolveretur:

115 487 152 542 ad
168 503 248 556 suos,
264 487 314 559 qni
330 485 446 559 longius
460 493 541 545 extra
556 490 708 547 castellum
726 477 938 559 remanserant,
996 507 1075 547 nune
1091 506 1122 546 se
1136 489 1274 545 omnibus
1289 485 1434 561 augustiis
1458 485 1569 558 quibus
1595 484 1663 539 vias
1687 482 1755 552 ejus
1767 497 1824 538 cen·

115 574 238 631 dimisit.
254 576 401 648 hipponem
425 594 541 651 quoque
568 579 741 637 Citisanscm
769 581 938 655 episcopum
994 578 1154 635 elusissent
1168 576 1278 633 inimici
1294 575 1461 645 liberatum,
1482 589 1607 631 omnem
1622 571 1768 644 deinceps
1780 587 1824 628 cn·

115 662 258 734 premisit
274 669 340 720 ante
355 681 434 733 eum,
449 671 483 723 ut
497 683 556 735 eos,
573 669 622 741 qui
638 669 664 725 ei
678 669 939 739 excommunicato,
994 685 1058 724 ram
1081 667 1305 738 industramque
1316 665 1352 720 ad
1368 663 1561 720 vindicandas
1582 677 1658 718 suas
1671 664 1704 717 et
1714 659 1823 716 illorum

116 751 290 822 priusquam
315 755 501 812 anathemata
524 758 734 825 absolveretur,
744 759 941 815 indifferenter
994 757 1119 831 injurias
1134 755 1356 812 translaturum.
1372 753 1426 808 Vix
1439 753 1561 809 tandem
1587 766 1767 823 compresso
1781 766 1823 822 pe·

115 841 413 911 communicaverant,
433 845 494 901 vice
510 863 563 903 sua
578 848 877 904 excommunicatione
893 849 941 903 ab·
995 847 1058 903 eius
1086 863 1176 919 quam
1204 844 1329 900 extincto
1358 842 1493 899 concitati
1522 839 1684 898 tumultus
1701 839 1823 896 incendio

115 927 250 997 solverat,
266 930 392 1007 benigne
412 952 585 1004 precavens,
610 954 646 993 ne
673 954 761 1009 quarn
786 939 881 993 denuo
896 953 940 992 re·
996 936 1127 1009 plerique
1142 952 1175 991 er
1191 932 1373 1007 principibus
1388 932 1491 988 castris
1508 948 1539 987 se
1555 945 1614 1003 par
1629 929 1713 985 iram
1724 929 1823 985 subire

116 1021 206 1087 cepta
220 1020 436 1077 communionis
452 1023 598 1081 maculam
615 1025 805 1082 contraheret.
995 1025 1110 1092 benten,
1127 1024 1232 1095 injussi
1253 1023 1283 1078 in
1305 1039 1360 1078 sua
1375 1021 1495 1077 rediere.
1511 1018 1624 1088 Ceteri,
1643 1017 1823 1074 dissimulata

153 1103 289 1169 Quidum
316 1109 445 1166 venisset
467 1111 618 1185 (Febr.),et
649 1131 767 1170 eausam
790 1099 851 1186 qua
870 1113 941 1169 mis·
996 1111 1595 1182 interimiracundia‚redeuntemregem
1614 1107 1824 1180 paciiieeerea

116 1208 168 1247 sus
184 1191 276 1249 luerat
293 1196 372 1252 ltalia
386 1200 578 1270 exposuisset,
595 1202 752 1259 vehemens
772 1204 801 1258 in
816 1219 882 1259 eum
899 1202 942 1258 ira
997 1209 1113 1278 parunt,
1130 1203 1181 1258 aad
1198 1217 1293 1274 neque
1321 1201 1366 1236 ¹⁹³²
1390 1203 1565 1255 consuetam
1592 1196 1619 1254 ei
1635 1198 1824 1253 reverentiam

116 1284 145 1336 et
158 1281 321 1354 indignatio
338 1292 437 1344 coorta
453 1290 497 1325 ¹⁸⁷¹
514 1295 569 1346 est.
587 1292 720 1348 l'remers
735 1308 837 1348 omnes
851 1297 942 1348 eteae·
998 1291 1166 1349 deferebant
1178 1291 1233 1359 ¹⁹⁷⁸,
1256 1305 1349 1361 neque
1367 1293 1428 1344 tam
1442 1292 1636 1360 sumptuosa,
1656 1290 1690 1342 et
1700 1286 1825 1359 priuaut

115 1369 176 1426 vire
188 1372 283 1428 verbis
297 1391 330 1429 ac
345 1376 482 1434 manibus
496 1385 657 1451 coeperunt,
684 1380 848 1453 apostolicae
863 1381 941 1453 lega·
998 1397 1054 1454 qus
1065 1380 1176 1451 regiam
1188 1377 1435 1451 magnificentiam
1447 1377 1601 1445 decuerat,
1614 1374 1745 1432 servitia
1754 1376 1778 1431 ei
1787 1390 1825 1430 er·

115 1458 188 1515 tioni
200 1460 340 1520 irrisoriis
351 1464 612 1525 exclamationibus
623 1470 800 1543 obstrepere,
815 1469 945 1527 convicia
998 1470 1147 1536 bibebant,
1161 1469 1212 1525 sed
1225 1467 1333 1524 aversis
1344 1466 1447 1533 oeulis,
1459 1466 1578 1522 infestis
1590 1465 1764 1530 mentibus,
1774 1481 1826 1537 pas

116 1552 145 1603 et
160 1549 327 1621 maledieta,
342 1559 492 1630 utcunque
519 1559 692 1631 turpissima
717 1560 797 1615 furor
820 1575 944 1632 sugges·
998 1559 1054 1616 sim
1071 1575 1123 1631 per
1136 1573 1238 1614 omues
1253 1556 1377 1629 angulos
1399 1556 1434 1613 de
1458 1555 1581 1611 levitate
1598 1558 1630 1610 et
1647 1552 1767 1624 ineptia
1778 1554 1828 1625 ejus

116 1635 214 1709 sisset,
227 1639 356 1714 irrogare
367 1659 373 1699 :
384 1660 415 1700 se
425 1648 757 1705 excommunicationem
769 1648 848 1704 illius
859 1646 943 1702 nihili
999 1647 1191 1716 musitabant,
1216 1646 1439 1717 socordiamque
1467 1642 1661 1700 accusabant
1692 1643 1751 1711 ¹⁹⁷⁸,
1766 1642 1827 1714 qued

115 1726 270 1802 estimare,
283 1747 371 1802 quem
383 1733 482 1805 ipsum
494 1750 597 1792 ‹tctnes
608 1735 695 1792 ltalia
713 1736 841 1811 episcopi
853 1735 945 1808 justis
998 1741 1059 1792 tarn
1077 1736 1127 1792 diu
1141 1739 1321 1808 expectatus,
1346 1738 1408 1790 tam
1437 1733 1521 1788 anxie
1537 1730 1751 1798 desideratus,
1765 1730 1828 1804 peri·

115 1831 150 1870 ex
160 1818 258 1874 causis
266 1820 330 1890 J'am
340 1821 453 1892 pridem
462 1825 775 1894 excommunicassent,
785 1825 944 1898 quiaedem
1001 1824 1130 1882 clitantis
1145 1824 1234 1880 ltalia
1247 1822 1463 1879 calamitatibus
1491 1819 1569 1876 nihil
1596 1819 1826 1893 postremospei,

117 1904 306 1977 apostolicam
323 1925 375 1981 per
389 1910 594 1969 simoniacam
608 1912 736 1969 heresim
762 1917 945 1987 occupasset,
1000 1912 1073 1971 nihil
1081 1910 1366 1986 presidiiattulisaet.
1377 1910 1509 1983 Cumque
1518 1908 1647 1966 ltaliam
1661 1912 1827 1982 peragraret,

116 1989 284 2051 homicidiis
300 2002 493 2065 cruentasset,
510 2000 664 2059 adulteriis
678 2001 944 2075 aliisquscapitsli-
1000 2003 1097 2072 uthis,
1107 2001 1157 2074 qui
1166 2000 1298 2074 oppressi
1310 1998 1688 2073 inerantealumpniamve
1697 1997 1828 2070 patiebar

116 2079 171 2137 bus
187 2081 361 2142 criminibus
375 2087 550 2160 polluisset;
566 2106 663 2163 regem
692 2108 777 2148 secus
798 2108 830 2147 ac
846 2093 947 2148 deccat
999 2097 1058 2159 tur,
1070 2091 1150 2164 regie
1161 2107 1242 2147 more
1262 2091 1345 2162 justa
1368 2089 1484 2154 laceret,
1499 2103 1555 2144 uec
1565 2087 1597 2142 in
1620 2086 1761 2143 civitates
1774 2101 1827 2143 aun

121 2170 217 2243 egisse
232 2173 403 2248 crimenque
429 2176 528 2250 gloriae
554 2196 613 2235 sua
637 2179 772 2236 intulisse
792 2197 943 2253 nunquam
998 2180 1187 2253 recipiebant,
1203 2195 1256 2234 uec
1271 2194 1338 2234 cum
1353 2175 1457 2234 iaculis
1472 2181 1501 2233 et
1520 2176 1637 2233 faustis
1654 2175 1828 2232 acclamatio·

116 2258 304 2330 abolendum,
319 2265 398 2336 quod
411 2264 523 2323 homini
534 2266 661 2325 heretico
677 2273 705 2325 et
716 2270 831 2342 probris
846 2271 943 2326 omni·
999 2270 1097 2337 nibus,
1114 2274 1146 2325 ut
1161 2268 1309 2342 prioribus
1324 2267 1442 2339 regibus
1467 2271 1708 2333 consueverant,
1731 2265 1827 2321 ebriam

115 2347 508 2424 businlamatomajastatem
515 2357 625 2431 regiam
632 2359 812 2415 summiserit
820 2364 849 2415 et
856 2375 942 2432 quem
998 2359 1023 2414 ei
1037 2357 1243 2430 procedebant,
1258 2356 1308 2412 sed
1320 2356 1401 2423 toris,
1414 2355 1444 2410 in
1453 2354 1647 2411 suburbanis
1658 2354 1735 2411 locis
1743 2352 1828 2410 casua

110 2437 945 2517 justitiapatronumlegumqueecclesiasticarumviudi·
999 2445 1304 2522 positis,eommorari
1330 2444 1491 2518 jubebatur
1520 2444 1581 2511 ¹⁹⁸⁰,
1612 2449 1647 2500 et
1663 2442 1738 2500 illuc
1751 2442 1774 2500 ei
1787 2441 1827 2497 ali·

116 2541 178 2582 cern
190 2526 246 2582 sibi
258 2536 422 2602 parassent,
433 2532 460 2589 is
470 2534 631 2591 loedissimn
648 2537 829 2607 subjectione
840 2555 893 2593 sua
908 2538 942 2593 Γι-
998 2541 1107 2608 meuta,
1123 2535 1232 2609 quihus
1247 2534 1392 2591 exercitus
1411 2537 1653 2604 sustentaretur,
1667 2538 1698 2589 st
1708 2533 1824 2605 ipsamo

116 2613 182 2669 dem
194 2615 279 2687 plane
289 2618 471 2691 catholicam,
484 2624 686 2681 auctoritatem
698 2625 841 2694 Ecclesia,
851 2626 945 2700 digni·
997 2626 1063 2682 dica
1073 2625 1156 2680 etvix
1169 2623 1372 2680 necessitatem
1383 2622 1485 2694 pocius
1499 2637 1594 2692 quam
1609 2621 1823 2696 regaliumepn·

115 2705 205 2759 tatem
221 2703 260 2760 rei
277 2706 401 2778 publicae
415 2710 594 2782 prodiderit;
620 2729 650 2768 se
674 2713 704 2768 in
719 2713 863 2771 ultionem
879 2716 943 2787 ejus
997 2713 1092 2770 larum
1108 2713 1230 2770 solitum
1247 2712 1433 2784 splendorem
1450 2710 1609 2783 copiamve
1626 2711 1785 2784 explentia,
1797 2723 1823 2763 ne

116 2807 219 2848 omnes
235 2810 310 2866 quas
325 2798 474 2868 potuerint
489 2816 573 2874 papas
593 2801 718 2872 injurias
741 2801 897 2875 irrogasse,
914 2808 944 2861 et
997 2801 1158 2858 manilesta
1174 2800 1346 2858 delectionis
1359 2800 1519 2856 immature
1536 2800 1630 2872 argui
1643 2803 1776 2872 possent
1785 2796 1823 2852 ni·

115 2897 206 2948 nuuc,
222 2884 299 2954 quod
322 2884 401 2942 dictu
425 2903 541 2960 quoqne
570 2894 655 2963 turpe
683 2891 733 2962 sit,
749 2908 780 2948 se
793 2891 822 2947 in
836 2893 942 2950 mediis
996 2891 1174 2957 nistrabant,
1190 2890 1325 2963 apposito
1341 2887 1468 2962 singulis
1490 2887 1520 2943 in
1545 2886 1626 2945 locis
1642 2887 1787 2962 prasidio,
1799 2891 1823 2940 nt

116 2970 370 3042 perturbationum
383 2974 520 3033 fluctibus
531 2978 650 3047 relictis,
663 2980 761 3052 ipsum
771 2980 827 3037 sibi
839 2997 943 3038 consu·
996 2980 1109 3052 prades
1125 2980 1200 3035 forte
1216 2979 1251 3034 de
1266 2977 1344 3052 agris
1370 2975 1414 3033 vel
1437 2975 1515 3032 villis
1536 2992 1631 3049 agere
1647 2977 1777 3034 volentes
1787 2990 1822 3030 ar

118 3054 207 3114 luisse
221 3063 250 3114 ct
266 3075 333 3116 cum
350 3062 396 3098 ¹⁹⁷²
411 3062 495 3120 hoste
509 3065 627 3137 publico
651 3069 763 3142 privata
777 3070 939 3125 necessitu-
996 3072 1074 3124 mata
1089 3085 1178 3125 manu
1200 3071 1412 3123 coercerentur.

115 3143 184 3201 dina
194 3146 224 3202 iu
235 3147 359 3220 gratiam
370 3152 489 3209 redisse.
502 3155 567 3211 liae
577 3157 785 3228 potuisaimurn
795 3157 941 3231 principes
955 3142 977 3210 C
1032 3157 1166 3214 Territus
1181 3173 1231 3213 rex
1245 3155 1364 3212 insolita
1378 3170 1478 3211 rerum
1492 3154 1579 3226 lacis,
1598 3171 1732 3227 seroque
1747 3150 1821 3228 peni-

115 3232 204 3290 Italia
212 3236 353 3308 jactando
373 3243 401 3295 et
411 3243 522 3313 passim
538 3261 588 3317 per
599 3245 741 3318 populum
753 3247 886 3315 serendo,
897 3248 941 3304 in·
994 3250 1073 3319 tens,
1089 3246 1167 3319 quod
1182 3245 1341 3317 incognite
1357 3244 1455 3318 gentis
1476 3245 1644 3316 inexpertae
1670 3244 1754 3317 prius
1767 3239 1820 3299 ddai

105 3323 941 3409 ‘gansregiedinmbreviconflaverantlldultrapestremo
994 3340 1103 3392 temere
1120 3352 1151 3392 se
1166 3335 1352 3400 credidisset,
1372 3337 1401 3390 et
1423 3332 1600 3390 Teutonicis
1627 3334 1745 3391 fluibus
1758 3347 1823 3390 asca·

115 3410 940 3496 seditione,unsomniumvoluntas,unasententiaerat‚
994 3423 1090 3481 dendo
1108 3425 1220 3481 instem
1236 3426 1381 3479 mutasset
1404 3422 1460 3491 ¹⁹⁸¹,
1489 3438 1549 3477 non
1579 3423 1742 3490 evasisset,
1757 3420 1823 3496 grari

118 3503 161 3566 ut,
174 3500 308 3558 abdicato
318 3506 462 3578 patre,qui
473 3507 939 3586 ultrorsguilaseihusiudignum
996 3512 1195 3571 sollieitudine
1210 3517 1240 3569 et
1252 3518 1332 3569 metu
1355 3511 1580 3584 perurgebatur,
1599 3528 1660 3569 nec
1675 3512 1769 3568 ullum
1784 3527 1823 3567 ua·

116 3587 316 3660 seeffeeissst,
332 3592 426 3649 filium
443 3596 517 3667 ejus,
534 3597 601 3654 licet
624 3599 775 3672 impubem
803 3601 943 3658 adhueet
996 3619 1086 3676 quam
1103 3601 1243 3675 effugium
1267 3599 1443 3668 inveniebat,
1469 3599 1525 3656 nisi
1555 3599 1589 3656 in
1607 3599 1823 3658 reconciliandis

115 3675 198 3746 regni
214 3679 343 3750 negociis
358 3678 562 3758 immaturum,
579 3703 676 3760 regern
691 3688 748 3745 sibi
763 3689 901 3759 iacerent,
913 3695 942 3747 et
996 3694 1079 3759 sorte,
1091 3691 1185 3763 siqua
1197 3689 1309 3746 ratione
1330 3692 1440 3763 posset,
1452 3703 1527 3761 quos
1552 3688 1737 3761 offenderat,
1749 3688 1822 3747 ltaie·

117 3779 229 3841 cumae
242 3768 288 3803 ¹⁹⁷³
299 3769 421 3827 Romam
434 3774 554 3845 proiecti
575 3792 681 3849 papam
697 3776 786 3834 alium
803 3778 944 3852 eligerent
997 3797 1062 3837 rum
1072 3779 1189 3835 animis.
1200 3779 1293 3835 ltatus
1304 3778 1404 3852 itaque
1415 3777 1505 3850 hujus
1515 3776 1558 3834 nei
1569 3779 1703 3836 unicum
1711 3779 1823 3836 bocesat

117 3869 268 3926 perquem
279 3858 381 3931 etipse
392 3861 506 3933 protins
532 3864 691 3938 imperator
711 3873 941 3936 consecraretur,
996 3867 1178 3941 presidium,
1195 3867 1349 3923 utinitum
1378 3883 1446 3922 eum
1474 3865 1612 3924 Romano
1632 3869 1681 3905 ¹⁸⁸¹
1698 3867 1821 3943 pontifics

117 3944 262 4000 stemnia
289 3962 370 4020 papae
397 3949 487 4021 hujus
515 3955 669 4024 apostatici
698 3961 943 4028 gestacassareu·
997 3957 1092 4014 ioedus
1108 3957 1304 4029 abrumperet,
1329 3959 1358 4012 et
1383 3954 1451 4012 iada
1479 3958 1659 4028 reparandae
1675 3956 1822 4015 eoncordia

117 4032 166 4087 3¹¹?
181 4033 237 4087 ¹⁹¹⁸·
997 4045 1115 4104 initium
1127 4046 1242 4113 laceret,
1255 4046 1331 4101 unde
1342 4045 1437 4101 luerat
1460 4048 1524 4125 orta
1534 4044 1696 4105 discordia
1709 4065 1717 4104 ε
1730 4042 1822 4104 orant

155 4118 493 4195 Perlatoadregsmtam
501 4128 945 4205 molestaconspirationisuun·
998 4136 1093 4193 ricum
1103 4135 1139 4192 de
1149 4134 1283 4192 Cosbeim
1304 4139 1333 4190 et
1354 4137 1562 4206 ceteroa,quos
1578 4134 1633 4193 illa
1649 4134 1822 4194 maenadas

120 4203 174 4273 oio,
198 4206 280 4265 misit
305 4227 428 4284 propere
449 4215 594 4289 quidquid
623 4220 699 4292 apud
726 4237 756 4277 se
778 4222 943 4296 principum
999 4224 1184 4282 anathemate
1200 4241 1217 4280 a
1232 4223 1423 4280 contubernio
1438 4222 1822 4299 ejusamoveratinpristi·

119 4297 193 4362 erat,
205 4299 238 4351 ut
252 4312 371 4372 quaqua
381 4301 502 4373 ratione,
521 4321 640 4380 quaqua
653 4316 774 4381 possent
788 4311 944 4381 industria,
998 4332 1070 4370 num
1080 4313 1180 4387 gratia
1196 4317 1224 4370 et
1239 4311 1447 4369 familiaritatis
1460 4327 1521 4368 sua
1533 4315 1668 4386 gradum
1680 4313 1821 4378 meavit,

121 4384 245 4440 alienata
255 4386 577 4451 multitudinlsanimos
587 4396 765 4471 mitigarent,
776 4416 813 4456 nc
823 4400 946 4459 moleste
999 4408 1028 4461 et
1042 4418 1109 4460 cum
1123 4403 1166 4458 ais
1180 4401 1276 4458 denuo
1290 4400 1326 4456 ds
1340 4401 1473 4473 privatis,
1492 4400 1530 4457 de
1553 4402 1693 4474 publicis
1707 4401 1820 4477 negociis

120 4473 285 4547 acciperent
295 4478 383 4535 autin
394 4483 604 4542 coutumeliam
615 4503 699 4544 suam
711 4489 821 4545 iactum
831 4495 983 4578 reputa-D
999 4492 1101 4549 eadem
1116 4492 1163 4527 ¹⁹⁸⁸
1179 4506 1237 4564 qua
1251 4493 1442 4546 consueverat
1466 4488 1684 4562 singularitate
1699 4511 1733 4550 ae
1746 4490 1820 4566 priri-

119 4567 193 4632 rsut,
205 4566 283 4636 quod
294 4570 424 4626 extrema
442 4573 615 4631 necessitate
634 4578 805 4650 compulsus
815 4593 945 4635 eommu-
998 4580 1073 4655 legio
1086 4579 1208 4636 eouailia
1219 4579 1395 4636 conterebat.
1416 4579 1490 4634 'lum
1510 4579 1638 4638 assidue
1648 4582 1680 4640 in
1692 4583 1820 4640 conventa

119 4651 166 4708 uis
175 4655 322 4711 commodi
332 4655 445 4716 ratione
456 4660 587 4732 lecisset;
598 4666 826 4724 nec'leutenicis
835 4667 944 4740 prinei·
999 4670 1164 4745 principum
1175 4668 1388 4726 criminabatur
1402 4671 1431 4724 at
1445 4667 1626 4727 detrahebat
1640 4675 1772 4729 Romane
1784 4668 1820 4708 ¹⁸⁶

118 4741 217 4814 pibus,
229 4744 279 4816 qui
290 4745 347 4801 sihi
357 4764 409 4819 per
419 4750 619 4824 calumpniam
637 4771 759 4828 regnum
773 4757 885 4830 eripere
894 4758 943 4814 de·
999 4759 1141 4834 pontifici,
1152 4758 1230 4830 quod
1240 4758 1304 4831 ipse
1314 4772 1431 4814 omnam
1441 4757 1532 4829 huuc,
1544 4759 1674 4831 quirem
1686 4760 1820 4835 publicam

120 4828 182 4885 dita
197 4848 285 4904 opera
306 4835 555 4912 machinarentur,
580 4857 634 4898 nee
657 4844 787 4901 Romane
802 4846 943 4918 pontiflci,
999 4846 1206 4917 concussisset,
1221 4850 1341 4904 ventum
1355 4846 1483 4904 turbinis
1497 4850 1528 4904 et
1545 4850 1762 4909 commotionis
1775 4865 1821 4906 se·

118 4919 170 4991 qni
186 4920 222 4976 ad
238 4926 425 4982 evertendum
442 4932 553 4986 statum
580 4935 686 4988 saneta
706 4933 841 4992 Ecclesia
855 4936 944 5008 spiri-
997 4938 1125 4996 sissima
1139 4935 1297 5010 procellam
1313 4936 1376 4993 suis
1396 4935 1675 4998 machinationibus
1691 4939 1819 4998 concitas·

117 5008 191 5064 tuali
206 5009 303 5084 gladio
319 5013 426 5087 (Epiros.
443 5034 482 5085 vr,
499 5021 554 5090 17),
571 5020 800 5096 circumquaque
811 5023 945 5092 fulgura-
999 5030 1044 5084 set
1058 5027 1114 5095 ¹⁹⁰⁵,
1131 5026 1193 5099 ipse
1208 5025 1353 5099 omnium,
1368 5041 1434 5099 quae
1456 5025 1486 5081 in
1514 5026 1646 5086 ecclesia
1668 5029 1720 5087 Dei
1734 5029 1776 5067 ¹⁸⁸¹
1788 5040 1821 5083 ra·

120 5103 163 5154 ret
175 5101 230 5171 ¹⁰¹⁸,
247 5101 332 5159 aliter
348 5105 485 5163 satisfieri
499 5108 632 5181 potuisse
648 5111 705 5184 ¹⁹⁷⁶,
724 5129 814 5186 quam
830 5118 862 5171 ut
876 5118 944 5172 anta
998 5114 1074 5172 ocuti
1083 5114 1230 5173 memoria
1239 5130 1325 5173 secus
1333 5113 1518 5187 accidissent,
1526 5121 1636 5175 auctor
1644 5119 1821 5190 incentorqut

795 5301 920 5357 VARIAE
938 5300 1145 5360 euchrotiae.

157 5435 359 5517 }”¹sxemal.
398 5439 569 5496 ¹⁹⁷²suml.
610 5441 656 5482 ¹⁰²³
678 5441 790 5498 metti.
831 5446 876 5488 ¹⁰⁷⁸
891 5448 1078 5501 cassarentur
1100 5445 1127 5499 3.
1170 5445 1216 5481 ¹⁰⁷⁸
1237 5442 1405 5518 fulgurati.
1444 5443 1490 5486 ¹⁹⁷⁸
1514 5446 1669 5514 potuisset
1693 5466 1763 5507 cerr.
1809 5475 1819 5489 ·

106 5510 214 5563 tuisse
227 5509 254 5563 3.
293 5510 529 5567 flaucatum
567 5512 714 5570 nonai.
754 5516 800 5551 ¹⁰⁷⁹
822 5516 1002 5574 incusabant
1021 5518 1048 5573 l.
1089 5516 1134 5552 ¹⁹⁸⁰
1156 5516 1309 5573 videbatur
1329 5517 1356 5572 d.
1396 5513 1441 5552 ¹⁸⁸¹
1467 5515 1622 5576 imitassst
1636 5521 1665 5578 3.
1705 5522 1751 5559 ¹⁸⁸¹

120 5595 208 5637 mano
221 5581 250 5636 5.
291 5582 527 5641 ¹⁹⁸³eamdem4.
567 5585 612 5623 ¹⁰⁸⁸
627 5585 770 5644 rhomauo
785 5589 811 5645 5.
822 5591 885 5662 jam
899 5590 1016 5664 sepior.
1054 5589 1099 5626 ¹⁹⁸⁸
1113 5588 1311 5651 concitassent
1324 5589 1352 5646 t.
1391 5585 1641 5649 ²⁹⁸⁸0'mnil.52
