3892 6096
153 306 191 373 Π
658 312 830 376 O'l'HLONl
854 312 1030 377 uouscfll
1052 314 1085 377 S.
1109 311 1358 376 uuuuuttltll
1819 314 1863 376 Μ

154 442 254 501 dentis
267 442 509 516 subsequentium
522 443 582 501 sint
601 462 699 503 causa.
715 446 777 503 Nisi
798 446 875 502 enim
891 463 976 518 poena
991 449 1018 515 Α
1033 447 1143 504 sarium
1156 462 1233 516 vero,
1244 446 1314 519 quis
1327 445 1501 502 sineeodem
1512 442 1650 501 laborset
1664 442 1765 501 dolore
1778 443 1869 503 nulla:

154 533 308 607 pracedat,
325 533 413 588 timor
427 549 485 589 non
501 535 645 606 sequitur.
663 533 803 592 Similiter
816 536 874 593 nisi
890 537 979 593 timor
1032 536 1128 609 pmice
1142 537 1272 592 humans
1286 534 1391 590 nutriri
1404 533 1490 590 valet.
1507 534 1562 590 Sed
1579 549 1615 590 ne
1638 533 1736 591 omnis
1750 533 1860 592 mulier

156 622 309 694 pracedat,
329 621 482 677 humilitas
507 639 564 679 non
591 626 733 696 sequitur.
751 626 797 682 Sic
818 627 906 682 ctiam
922 625 978 682 nisi
1032 624 1087 681 hac
1103 641 1133 680 se
1160 623 1223 696 lega
1248 624 1435 680 constrictam
1450 622 1871 695 quereretur,appoaitasunt=

157 709 308 767 humilitas
327 711 481 782 pracedat,
499 712 603 773 salutis
625 719 739 769 aeterum
754 714 846 787 gloria
860 732 918 770 non
934 731 978 771 se·
1033 714 1176 787 preconia
1190 712 1367 785 virginitatis
1381 716 1410 768 et
1424 711 1618 783 continentias,
1634 711 1750 770 dicente
1764 715 1857 786 Apos-

157 797 266 870 quitur.
274 798 356 855 Unde
371 805 400 856 et
414 800 676 873 nonnulli,quanto
692 803 758 875 plus
774 805 925 876 superbire
936 822 980 861 so·
1033 803 1092 859 tolo
1109 821 1115 858 :
1144 803 1197 872 Qui
1215 803 1389 858 matrimonio
1407 802 1505 874 jungit
1525 802 1665 872 virqiaem
1682 817 1774 874 auam,
1796 804 1865 860 bene

157 885 228 954 ient,
244 890 325 944 tanto
339 889 521 961 gravioribus
537 890 643 963 culpis,
661 896 692 947 ut
706 891 909 964 humilientur,
922 894 979 949 im·
1032 891 1123 964 tacit·
1137 900 1162 948 et
1176 893 1226 964 qui
1236 907 1291 947 uon
1302 891 1410 964 jungit,
1427 891 1528 946 matius
1541 891 1612 962 fucit
1626 888 1651 961 (l
1663 888 1725 947 Cor.
1740 890 1803 963 vu).

156 975 260 1049 plicari
275 968 417 1051 indigent.
434 978 488 1034 Per
502 979 699 1036 humilitatem
715 997 783 1053 ergo
799 983 979 1038 redeundum
1071 982 1122 1037 list
1136 980 1223 1036 etiam
1239 979 1318 1036 uliud
1339 979 1369 1036 in
1384 980 1439 1036 hac
1454 977 1675 1052 dispensatione
1698 980 1864 1039 notandum

157 1064 319 1123 cathomini
330 1067 364 1122 ad
377 1068 592 1139 patrism‚unde
602 1069 980 1144 discessitpersuperbiam.
1036 1069 1115 1143 quia,
1131 1085 1198 1126 oum
1214 1085 1247 1125 es
1263 1068 1397 1126 mulieris
1411 1068 1512 1140 primae
1528 1072 1646 1140 peccato
1660 1071 1745 1126 tanta
1759 1068 1872 1127 suisset·-

194 1159 231 1213 li:
247 1157 340 1223 Quam
357 1157 430 1213 ratio
445 1157 540 1214 dulcis
554 1163 584 1215 et
602 1160 637 1214 ad
654 1159 753 1215 omnia
766 1160 855 1216 verba
866 1158 979 1215 fidelis!
1036 1162 1100 1215 orta
1114 1155 1501 1230 subjectio,nulladeinceps
1512 1156 1687 1214 mulieribus
1702 1157 1807 1215 relicta
1818 1162 1870 1219 eat·

159 1244 298 1317 Experior
318 1249 395 1302 certe
418 1250 479 1302 tam
503 1247 641 1320 praeclara
664 1248 776 1304 ratione
800 1250 875 1320 quod
893 1249 980 1316 Deus,
1036 1248 1225 1322 querimonia
1250 1247 1376 1314 occasio,
1399 1246 1484 1319 qussi
1511 1245 1621 1318 injuste
1645 1246 1870 1307 iumentario

159 1335 220 1389 taur
237 1333 315 1390 mala
328 1335 523 1407 permittendo
539 1353 628 1409 quam
643 1337 720 1394 hona
735 1339 909 1410 praestando,
925 1336 982 1394 cle·
1036 1337 1186 1407 subjecta.
1204 1337 1260 1392 Sed
1275 1353 1310 1392 ex
1326 1337 1414 1392 unius
1429 1336 1579 1408 peccantis
1593 1335 1698 1392 merito
1708 1350 1867 1409 argumen-

160 1422 346 1480 mestissima
357 1439 473 1495 semper
486 1441 554 1497 ergo
564 1443 666 1482 omnes
677 1427 707 1481 in
718 1443 749 1482 se
760 1427 910 1483 credentes
922 1431 984 1483 uta·
1036 1430 1233 1483 taturomnes
1248 1426 1324 1481 idem
1350 1425 1504 1481 meruisse.
1520 1424 1557 1480 ltt
1575 1423 1802 1497 sicutDeus‚iu
1815 1441 1865 1483 us·

160 1514 211 1567 tur
224 1511 394 1567 intentione.
414 1512 479 1568 Haee
494 1513 592 1585 itaque
602 1514 759 1571 Psalmista
769 1515 903 1581 attendit,
915 1532 982 1571 oum
1038 1515 1103 1572 dem
1121 1513 1253 1570 mulieris
1261 1514 1361 1586 prima
1373 1513 1459 1586 culpa
1469 1517 1553 1570 tanta
1566 1512 1760 1586 subjectionis
1767 1518 1798 1571 et
1807 1514 1864 1571 hu·

160 1598 255 1656 dixit:
275 1600 379 1657 Fidelis
399 1602 534 1659 Dominus
558 1606 588 1660 in
612 1605 741 1662 omnibus
755 1605 845 1661 verbu
868 1607 944 1666 suia:
959 1608 985 1660 et
1039 1601 1873 1676 militetisbonaoperatusnecessaria,nullumgloriaudi.

159 1692 270 1745 auectus
285 1690 456 1746 s'uomnitus
470 1693 665 1763 spirituas-cia
683 1695 910 1766 (Psalmcxnrv).
928 1693 984 1751 Sed
1039 1691 1137 1750 locum
1152 1692 1232 1749 dedit
1256 1692 1350 1749 eidem
1374 1691 1504 1763 mulieri,
1520 1691 1605 1764 quasi
1621 1691 1657 1748 de
1671 1691 1736 1749 suis
1750 1691 1873 1755 maritis

160 1781 191 1834 et
212 1777 371 1850 Apostolus
394 1779 497 1835 eadem
521 1785 686 1852 attestatur,
710 1783 830 1838 dicens:
848 1782 987 1839 Coactusit
1039 1786 1082 1839 tol
1096 1780 1173 1837 bons
1195 1781 1391 1854 provenirent,
1406 1780 1447 1837 ita
1473 1780 1504 1837 in
1519 1779 1657 1837 omnibus
1681 1777 1869 1847 hominibus,

161 1867 231 1923 Deua
246 1869 339 1923 omnio
363 1870 394 1924 ie
414 1869 619 1939 imortalitate,
631 1875 663 1927 ot
676 1874 800 1928 omnium
810 1874 985 1929 enumeretur
1039 1886 1091 1945 per
1105 1886 1180 1943 quos
1189 1869 1302 1942 judicia
1316 1886 1372 1926 sua
1386 1872 1509 1937 exercet,
1520 1883 1606 1941 agere
1619 1866 1704 1936 solet,
1719 1866 1776 1927 hoc
1788 1881 1872 1925 sem.

163 1955 252 2026 (uam.
267 1956 319 2027 xi).
336 1956 406 2023 Quis
427 1974 496 2031 ergo
523 1960 725 2033 imperitorum
740 1966 853 2017 tantam
869 1977 987 2034 sperare
1039 1976 1091 2033 per
1105 1958 1271 2031 providens,
1287 1975 1339 2030 per
1360 1957 1436 2014 bona
1462 1970 1528 2030 quae
1542 1961 1682 2029 operetur
1703 1955 1735 2012 in
1749 1954 1820 2026 illis,
1831 1959 1868 2013 ut

162 2047 259 2117 potest
272 2044 324 2100 Dei
340 2045 525 2103 clementiam
547 2053 580 2105 ut
595 2052 655 2106 tam
669 2049 700 2106 in
716 2050 826 2107 infimis
851 2067 940 2123 quam
956 2050 986 2105 in
1040 2064 1125 2104 nemo
1142 2048 1177 2104 de
1191 2047 1253 2103 suis
1269 2046 1382 2103 meritis
1397 2045 1516 2119 gloriari
1531 2044 1635 2117 possit.

164 2132 284 2206 optimis
298 2133 386 2193 rebus
401 2137 536 2194 ostendat
549 2137 653 2195 illurn?
1076 2140 1109 2193 H.
1126 2139 1246 2204 Quanta
1256 2134 1440 2193 auctoritatis
1449 2134 1604 2193 videantur
1617 2133 1686 2201 ista,
1695 2150 1762 2207 qus
1775 2132 1870 2193 etiarn

199 2221 230 2279 0.
245 2224 362 2281 Gaudeo
381 2225 525 2297 quietam
549 2227 831 2303 efficaciterprolata
847 2229 987 2286 sentiant
1041 2227 1129 2283 modo
1154 2223 1312 2298 protulisti,
1336 2222 1415 2280 nullo
1441 2238 1563 2296 possum
1587 2221 1745 2279 sermonis·
1758 2220 1868 2283 iudicia

163 2311 252 2369 etiam
267 2313 392 2369 aliorum
408 2313 455 2371 his
476 2315 618 2373 similium
634 2318 844 2375 reminiscaris.
861 2318 988 2390 ideoque
1041 2314 1205 2389 propalare.
1216 2314 1355 2387 Magnum
1371 2312 1449 2369 enim
1460 2311 1602 2385 quiddam
1617 2315 1648 2369 et
1660 2310 1775 2369 notitias
1786 2325 1869 2367 com·

163 2399 238 2458 nihil
252 2400 300 2457 hio
314 2402 505 2460 immorantes
521 2403 598 2461 ultra
613 2407 843 2478 progrediamur.
1042 2404 1125 2461 muni
1138 2403 1338 2461 necessarium
1354 2402 1448 2459 sentio
1464 2401 1494 2457 in
1510 2401 1557 2458 luis
1581 2400 1705 2461 latitare.
1722 2398 1870 2459 Caurum

458 2508 573 2567 CAPUT
592 2511 689 2567 xxw,
1042 2493 1112 2566 quia
1125 2492 1280 2549 simillima
1302 2490 1475 2564 questionis
1489 2506 1561 2548 mee
1575 2489 1663 2547 verbs
1672 2489 1736 2560 jam
1751 2504 1868 2547 memo·

266 2595 468 2666 gaaemmpzo
481 2598 548 2655 dam
561 2599 685 2656 doctrina
698 2602 885 2673 confirmatur·
1041 2581 1124 2649 rasti,
1140 2582 1211 2637 dum
1234 2580 1368 2639 videlicet
1392 2598 1427 2637 ex
1449 2580 1541 2638 unius
1562 2578 1708 2653 peccantis
1731 2576 1870 2637 mulieris

200 2700 347 2774 Superiori
363 2701 463 2776 itaque
478 2707 629 2762 sententia
640 2708 802 2779 proximam
817 2711 846 2765 et
856 2725 944 2766 sensu
960 2713 989 2766 et

167 2787 241 2860 loco,
253 2792 340 2848 modo
355 2791 384 2848 in
398 2794 564 2868 exemplum
576 2813 683 2868 ponere
692 2797 768 2864 voto,
781 2799 867 2855 Evam
878 2799 990 2855 scilicet

166 2879 299 2936 omnium
315 2881 485 2939 mortalium
501 2889 635 2941 matrem.
651 2884 730 2951 Qus,
741 2903 808 2942 cum
826 2887 905 2958 prior
919 2904 989 2959 pre·

164 2973 249 3041 captu
264 2969 312 3026 Dei
334 2972 444 3042 sprevit
457 2975 486 3027 et
500 2973 638 3030 continuo
658 2974 734 3030 idem
752 2975 845 3032 lacere
860 2975 920 3031 viro
935 2992 989 3032 suc

166 3058 324 3130 suggessit,
336 3058 425 3131 priori
441 3066 596 3134 quoquest
611 3063 736 3135 graviori
750 3064 853 3137 punita
867 3069 912 3120 est
922 3080 989 3135 sup

165 3142 263 3218 plicia,
275 3149 309 3201 ut
320 3163 355 3203 ex
370 3148 424 3204 hoe
439 3149 527 3206 etiam
541 3166 630 3223 quam
641 3153 742 3223 justus
753 3154 845 3223 judea
860 3153 899 3209 sit
913 3154 987 3210 Deus

1042 2670 1146 2729 marito
1155 2686 1256 2727 omnes
1264 2670 1362 2727 dixisti
1374 2668 1513 2727 mulieres
1523 2666 1735 2741 subjectionem
1743 2666 1870 2725 meruius

1042 2776 1085 2829 se,
1096 2776 1198 2833 precor
1213 2764 1246 2816 ut
1256 2761 1292 2816 ad
1307 2758 1480 2831 hujusmodi
1489 2758 1681 2832 questionem
1696 2755 1870 2819 solvendam

1042 2851 1163 2907 studeas
1178 2865 1343 2923 properare.

1080 2942 1114 2995 0.
1136 2938 1280 2995 Patienter
1302 2936 1481 3010 prestolare,
1497 2936 1567 3009 quia
1590 2935 1681 2993 citius
1704 2933 1871 2995 audias-me

1042 3027 1110 3084 inde
1135 3027 1284 3084 dicturum
1309 3030 1453 3100 quantum
1469 3026 1544 3083 mibi
1565 3024 1717 3084 Dominus·
1730 3024 1872 3098 dignutus

1043 3121 1192 3191 prestare.

166 3232 310 3290 sentiatur
322 3235 441 3306 jndicio.
456 3238 571 3295 Dictum
588 3257 716 3313 namque
730 3245 775 3298 est
789 3242 814 3298 ei
831 3259 838 3298 :
854 3242 988 3315 nultipli-

164 3323 232 3380 euic
246 3339 385 3381 ammeca
404 3330 467 3384 tuas
491 3336 518 3384 et
538 3333 772 3402 concipiamus:
786 3333 817 3388 ia
831 3331 923 3388 dolore
937 3347 989 3400 po·

164 3413 220 3468 ries
234 3411 315 3485 filios,
330 3422 358 3469 et
380 3417 430 3472 aab
447 3418 501 3472 uiri
524 3422 654 3490 potestate
667 3422 734 3486 eric,
751 3428 776 3476 et
791 3422 848 3493 ipse
861 3422 989 3478 domina·

165 3501 242 3558 titur
255 3501 298 3558 tui
311 3502 388 3573 (Ges.
403 3507 456 3578 ru).
479 3505 527 3563 Sic
551 3523 620 3580 ergo
635 3508 738 3580 punita
752 3514 795 3564 est
812 3508 916 3565 mulier
930 3509 989 3581 pri·

166 3590 382 3662 ma,quunia1n
408 3593 488 3664 prior
512 3599 656 3666 precepta
681 3597 857 3668 contempsit
881 3597 989 3653 divina.
1079 3596 1199 3652 Duobus
1208 3595 1286 3652 enim
1291 3596 1458 3668 J'amdietis,
1470 3595 1590 3652 tertium
1601 3598 1692 3652 restat
1701 3591 1870 3668 exemplum

166 3677 248 3744 Quod
263 3678 404 3735 nimirum
415 3697 505 3752 quem
516 3683 634 3753 justum
647 3684 735 3739 tuerit
748 3688 781 3741 ut
795 3683 906 3741 seilicet
918 3701 990 3757 prae·
1045 3686 1080 3740 de
1090 3685 1292 3757 judiciisque
1308 3684 1535 3756 dicunturjusta
1545 3682 1633 3741 simul
1648 3687 1678 3740 et
1692 3681 1871 3740 necessarius

1345 3256 1463 3315 CAPUT
1481 3256 1563 3315 XXV.

1062 3364 1197 3439 Exemplo
1211 3365 1291 3425 tuda
1306 3365 1456 3493 prestiterat
1475 3364 1550 3421 idua
1563 3365 1711 3422 roboratur.
1720 3371 1748 3420 et
1760 3361 1852 3421 aau-

1406 3454 1440 3493 ru
1452 3454 1497 3493 ur.

166 3767 297 3840 sumptio
312 3768 416 3840 major,
432 3783 465 3825 eo
489 3770 566 3826 onim
592 3773 687 3845 major
700 3789 758 3845 quo
781 3773 869 3846 prior,
886 3773 991 3846 majori
1045 3772 1186 3842 Necnon,
1202 3789 1265 3845 quas
1290 3773 1350 3828 sint
1373 3772 1487 3829 occulta
1512 3773 1562 3829 Dei
1583 3771 1706 3844 iudicia,
1722 3771 1874 3844 prius·est

166 3872 285 3928 quoque
306 3859 472 3930 subjaceret
487 3859 630 3932 supplicio
655 3861 684 3918 in
699 3862 832 3919 omnium
854 3862 991 3920 cordibus
1045 3862 1213 3931 dicendum;
1232 3878 1296 3933 quae
1310 3861 1340 3917 in
1354 3861 1450 3934 speeie
1465 3865 1570 3933 quarta
1585 3859 1800 3934 proposuimus
1810 3858 1874 3916 dis·

166 3946 345 4017 sapientium
361 3947 513 4021 seriptum.
528 3949 650 4007 Proinde
665 3968 732 4008 eum
748 3952 786 4008 sit
801 3956 903 4009 notum
919 3969 991 4025 quo·
1045 3950 1218 4024 tinguenda.
1234 3950 1286 4007 Sed
1304 3951 1382 4023 quod
1399 3949 1478 4024 prior
1492 3950 1564 4007 ordo
1578 3949 1677 4023 exigit,
1694 3948 1782 4022 prius
1797 3962 1874 4023 quo·

167 4035 255 4090 modo
269 4051 304 4090 ex
314 4036 488 4108 praecedenti
500 4036 587 4112 eulpa
601 4039 630 4096 in
643 4041 731 4096 livam
749 4041 862 4098 illatum
879 4041 919 4098 sit
929 4042 993 4113 jus·
1046 4056 1102 4113 que
1117 4039 1261 4104 dicamus,
1275 4038 1442 4111 exemplum
1466 4036 1601 4095 videlicet
1614 4037 1819 4111 propositum
1835 4037 1872 4093 sd

167 4126 233 4180 tum
247 4123 296 4180 Dei
306 4124 464 4198 judicium,
481 4128 608 4194 attende,
624 4145 736 4201 precor,
758 4148 792 4186 ex
806 4132 992 4204 subsequen·
1045 4129 1124 4202 quod
1139 4128 1367 4201 explanandum,
1383 4128 1570 4185 tremendum
1598 4127 1634 4183 de
1647 4125 1725 4182 Juda
1739 4128 1875 4198 apostata

167 4212 249 4269 tibus
265 4214 413 4285 quomodo
428 4215 505 4272 idem
517 4216 664 4288 judicium
680 4218 767 4275 luerit
781 4219 990 4276 necessarium.
1046 4217 1379 4293 ponamjudicium.Hoe
1390 4233 1516 4288 namque
1527 4215 1644 4271 duobus
1654 4214 1874 4286 modisjustum

167 4301 223 4359 Ubi
242 4318 322 4376 rogo,
347 4304 456 4376 plures,
472 4304 518 4362 vel
541 4304 644 4363 saltem
660 4307 719 4364 duo
742 4309 878 4366 homines
902 4307 991 4365 simul
1047 4307 1103 4365 diei
1119 4307 1205 4364 valet.
1222 4307 1285 4363 Uno
1301 4307 1431 4379 quidem,
1443 4305 1591 4378 quiscum
1607 4301 1876 4377 csunsapcstous

168 4397 397 4460 commorantes,
414 4394 526 4465 pacifici
551 4400 676 4468 possunt
697 4413 762 4454 case
778 4414 919 4471 unquam,
935 4397 992 4454 nisi
1047 4397 1077 4453 in
1093 4396 1232 4453 omnibus
1247 4395 1333 4451 bonis
1347 4396 1479 4461 edoctus,
1495 4397 1598 4467 postea
1611 4394 1642 4449 in
1657 4396 1772 4453 tantam
1787 4390 1876 4448 mali-

167 4479 241 4541 altor
256 4482 340 4540 elteri
355 4484 523 4541 subdatur?
1046 4486 1119 4543 tiam
1134 4486 1238 4543 cecidit
1254 4490 1287 4541 ut
1301 4484 1399 4557 ipsum
1414 4487 1564 4541 auctorem
1577 4482 1644 4540 vitu
1658 4481 1746 4540 morti
1760 4481 1876 4539 tredm

203 4573 235 4628 a.
252 4572 406 4647 Nusquam
420 4573 551 4630 omnino.
1007 4560 1256 4648 Dpraesumeret;
1282 4572 1356 4629 alter
1380 4588 1448 4629 vero
1473 4573 1580 4629 modus
1606 4589 1641 4630 ex
1663 4570 1875 4646 ipsis-Domini

204 4663 234 4718 0.
250 4663 332 4719 Unde
346 4668 409 4721 erat
432 4679 551 4720 necesse
576 4669 608 4719 ut
623 4663 769 4736 homines,
784 4664 872 4721 etism
896 4663 994 4736 primi,
1049 4664 1156 4732 verbis,
1169 4680 1232 4736 ques
1248 4664 1284 4719 sd
1300 4663 1437 4719 eumdem
1450 4663 1560 4719 tudam
1575 4661 1655 4719 diota
1667 4664 1748 4731 sunt,
1756 4659 1876 4734 pensari

168 4751 361 4809 redderentur
370 4753 483 4824 pacifici
492 4759 521 4811 et
535 4752 730 4825 subjiceretur
744 4752 817 4810 alter
831 4753 923 4809 alteri.
939 4755 994 4811 Sed
1049 4752 1137 4809 vaiet.
1149 4753 1297 4817 Quantum
1309 4755 1408 4808 autam
1424 4751 1623 4809 necessarium
1634 4750 1723 4808 luerit
1734 4749 1814 4805 idem
1825 4750 1877 4822 ju·

167 4838 258 4910 hujus
274 4840 466 4911 subjectionis
480 4844 616 4912 materia,
630 4843 745 4918 gravior
761 4842 893 4899 mulieris
908 4842 995 4901 exsti·
1049 4841 1160 4899 dicium
1176 4840 1348 4898 hominibus
1362 4840 1485 4913 eunctis,
1502 4857 1553 4913 pro
1570 4840 1679 4914 quibus
1695 4842 1739 4897 ast
1754 4837 1877 4896 mirsbt»

168 4927 206 4983 tit
220 4927 315 5001 culpa.
342 4928 395 4985 Illa
418 4931 496 4986 enim
520 4932 588 5004 plus
602 4933 705 4989 debuit
728 4933 827 5001 subdi,
843 4949 908 5004 quse
928 4931 995 5005 plus
1050 4932 1116 4989 liter
1141 4930 1320 4997 ordinatum,
1336 4933 1365 4987 et
1388 4946 1474 4989 nemu
1499 4930 1596 4989 dicare
1617 4920 1711 4986 valeti
1728 4931 1757 4985 et
1776 4931 1877 4985 nmen

168 5017 228 5090 egit
250 5017 372 5089 peccati.
390 5018 586 5082 Quamobrem
610 5020 682 5077 satis
697 5026 776 5094 patet
799 5021 995 5093 quiajustum
1049 5022 1188 5079 omnibus
1203 5024 1293 5094 patet.
1388 5065 1391 5069 .

66 5102 71 5110 '
165 5106 313 5178 iudicium
324 5105 375 5163 itai
390 5106 421 5163 in
435 5107 516 5164 illam
527 5107 643 5164 illatum
659 5114 773 5167 constat
783 5111 992 5169 necessarium.
1085 5107 1380 5178 Queduocontrsn‘a
1395 5108 1500 5165 deuno
1515 5105 1797 5182 eodemquajudioio
1812 5104 1879 5162 ideo

167 5194 268 5269 Neque
279 5195 359 5252 enirn
375 5195 463 5269 primi
472 5196 607 5253 homines
618 5202 669 5254 aut
682 5198 799 5268 scirent,
806 5206 858 5257 aut
872 5200 995 5258 forsitan
1049 5197 1156 5273 protuli
1168 5198 1309 5272 quietam
1324 5213 1466 5270 magnum
1478 5201 1524 5255 est
1538 5201 1571 5255 ut
1585 5214 1673 5257 nemo
1686 5197 1783 5257 disere
1790 5193 1880 5255 suffl-

168 5284 278 5343 vellent
293 5285 349 5343 hec
364 5291 397 5342 ut
412 5285 536 5343 invicem
551 5287 744 5359 subjectionis
754 5290 921 5359 concordie,
937 5289 994 5347 nisi
1049 5288 1108 5346 ciat
1121 5292 1151 5345 et
1163 5292 1224 5345 tam
1234 5287 1425 5347 manifestum
1441 5289 1475 5343 ut
1484 5286 1558 5347 nulli
1568 5304 1646 5362 opus
1657 5287 1697 5347 sit
1706 5285 1879 5347 oleandum.

169 5373 269 5446 aliqua
284 5375 388 5433 diuina
404 5376 993 5449 dispensationiscompellerentureausa.
1049 5380 1231 5451 Quapropter
1240 5376 1316 5435 nihil
1325 5376 1396 5435 inde
1411 5375 1807 5451 pluereterendumuidetur
1822 5372 1881 5437 nial

206 5463 350 5521 Similiter·
360 5465 391 5520 in
407 5465 507 5522 dolore
518 5469 546 5522 ct
560 5465 660 5523 labore
675 5469 943 5540 puerperajuatum
959 5469 996 5526 si·
1048 5468 1122 5525 torte
1136 5484 1190 5541 pro
1208 5468 1364 5526 excitmds
1379 5466 1522 5527 memoria
1535 5465 1608 5523 velis
1622 5465 1733 5540 aliqua.

171 5551 479 5611 mulacnecasssrium
491 5556 994 5629 Dcijudieiuminspicitur.iustum
1083 5559 1117 5615 ll.
1135 5557 1391 5629 Licetbujnsmodi
1402 5555 1557 5617 historiam
1565 5552 1880 5630 exltvmgellesuium,

171 5643 303 5727 quidam,
314 5642 379 5702 ideo
394 5645 466 5718 quia
472 5644 574 5705 dolare
582 5650 611 5704 at
618 5645 752 5707 laborare
760 5647 881 5707 meruit:
894 5665 993 5707 neees-
1048 5644 1182 5704 desidero
1198 5651 1297 5709 tamen
1307 5663 1344 5707 ex
1358 5649 1388 5707 te
1402 5643 1599 5723 aradiraquia
1612 5644 1883 5711 cucumam
