3892 6096
113 300 172 367 set
622 306 797 395 erstem
816 306 993 373 sensum
1016 306 1049 370 s.
1071 303 1319 370 aunarium
1763 301 1825 369 sse

113 437 203 497 etiam
217 437 248 495 in
263 453 321 511 quo
336 436 521 512 profecturus
533 456 628 498 essem
643 458 678 501 ex
693 442 765 498 urbe
775 441 935 515 Ratispoua
948 440 977 511 A
990 443 1093 515 petent
1106 443 1215 513 quanto
1231 438 1325 513 magis
1346 437 1474 496 salutem
1498 435 1689 511 desperatam
1715 432 1747 493 in
1773 451 1823 497 me

114 526 761 604 deliberarem‚tunoperdiesoctoautequam
771 531 934 588 affectarem
990 529 1150 587 inolescere
1165 529 1376 601 conspicerent.
1392 528 1461 584 lure
1481 525 1582 598 itaque
1603 523 1678 583 mihi
1700 528 1821 587 constal

112 615 257 689 proticisci
284 622 424 690 egrotare
449 619 532 693 coepi,
549 624 578 676 st
603 620 633 677 in
660 620 831 694 languorem
848 620 936 677 talem
991 619 1166 692 repetendus
1183 618 1230 674 ille
1242 616 1454 691 Psalmigraphi
1469 614 1651 673 versiculus:
1668 613 1821 687 Cataquas

114 703 219 772 decidi,
235 708 268 760 ut
282 722 350 778 pars
365 706 484 779 quidem
501 710 631 783 corporis
645 711 790 783 quadam,
807 710 878 767 item
893 711 936 767 fa·
990 710 1137 782 coetipceit
1164 724 1209 764 me
1236 709 1369 764 Dominus
1396 714 1421 764 et
1439 707 1523 763 morti
1550 721 1607 762 nore
1640 705 1758 761 tradidit
1776 721 1823 763 ms

113 793 172 849 cies
183 798 328 866 caputque
337 795 425 852 simul
436 800 530 853 totum
542 798 761 857 miserabilibus
771 805 801 856 et
810 797 937 856 insolitis
990 798 1078 872 (Psoi.
1095 815 1181 864 cxvii,
1206 798 1261 869 18).
1286 797 1378 870 [gitur
1401 813 1435 852 ex
1458 793 1630 851 infirmitate
1653 794 1745 851 etism
1769 793 1822 851 illa

114 898 303 940 verrucarum
314 883 502 957 stigmatibus
513 886 754 960 circumdaretur,
767 889 879 962 reliqua
889 905 937 945 au·
991 887 1123 944 celeriter
1146 888 1183 943 ad
1207 886 1361 943 sanitatem
1386 884 1541 959 pristinam
1566 883 1722 941 restitutus
1738 900 1822 951 sum,

114 974 174 1027 tem
190 974 322 1030 membra
338 975 448 1042 omnia,
463 976 590 1049 exceptis
605 977 711 1051 lingue
732 977 937 1049 labiorumque
991 981 1109 1050 excepto
1131 977 1220 1050 quod,
1236 992 1309 1051 pene
1333 992 1385 1048 per
1408 988 1495 1031 omns
1518 977 1647 1046 tempus,
1664 989 1724 1046 quo
1738 976 1823 1031 extra

113 1060 434 1139 motibus‚gruviseimo
445 1064 588 1138 paralysis
598 1066 823 1140 [cod.,paralysi]
835 1068 937 1123 morbo
991 1064 1204 1123 monasterium
1220 1064 1440 1122 convalescendi
1465 1063 1592 1137 gratiam
1615 1062 1822 1139 praestolabar,

112 1148 190 1206 velut
205 1152 380 1209 mortificata
397 1154 592 1211 efficerentur.
608 1155 742 1228 Cumque
756 1156 818 1212 dies
833 1160 893 1211 tres
905 1153 937 1211 in
990 1155 1101 1212 visione
1117 1154 1197 1211 varia
1220 1155 1248 1212 in
1275 1154 1398 1212 somniis
1420 1152 1616 1226 inquietabor.
1631 1151 1722 1219 Quasi
1737 1152 1821 1211 euim

114 1235 286 1311 hujusmodi
298 1241 469 1301 infirmitate
478 1260 595 1317 gerens,
605 1249 634 1301 et
649 1245 851 1301 universorum
862 1261 937 1317 pene
991 1245 1147 1317 eujusdam
1158 1242 1309 1301 interitum
1321 1242 1497 1311 minitantis,
1510 1241 1567 1300 uisi
1578 1242 1658 1317 quod
1668 1258 1763 1315 nuper
1772 1259 1822 1301 vo·

113 1329 314 1385 membrorum
330 1331 426 1388 officio
441 1332 612 1404 destitutus,
627 1333 739 1391 uultum
758 1335 823 1391 vite
846 1334 937 1406 hujus
990 1334 1094 1391 vebum
1117 1333 1174 1391 cito
1199 1333 1387 1407 complerem,
1403 1333 1501 1405 imago
1524 1347 1603 1405 sape
1627 1334 1725 1390 astare
1738 1331 1820 1390 vide·

113 1418 936 1489 spemretinerern,misietvocavifestinantssmonaohos
990 1423 1088 1479 batur.
1105 1423 1140 1479 Et
1154 1422 1214 1479 hiso
1229 1422 1286 1479 fuit
1301 1439 1390 1481 eausa
1405 1421 1544 1487 maxima.
1562 1437 1627 1495 qua
1642 1436 1689 1479 me
1703 1419 1735 1478 iu
1750 1437 1820 1479 uso·

112 1507 257 1579 quosdam
268 1507 304 1563 de
317 1510 451 1582 proximo
462 1512 555 1569 sancti
567 1512 779 1570 [immoramini
793 1512 935 1571 conobro.
990 1511 1153 1573 nestorium
1178 1510 1264 1569 cilius
1292 1511 1335 1568 ire
1358 1509 1511 1584 compulit.
1527 1511 1596 1577 Qua
1619 1525 1688 1569 vero
1708 1510 1821 1569 deinde

111 1593 165 1662 Qui
181 1611 248 1653 cum
264 1595 350 1655 eitius
366 1600 563 1670 advenissent,
579 1600 752 1675 suppliciter
766 1602 836 1675 petii
851 1604 884 1659 ut
900 1602 936 1659 sd
991 1600 1065 1661 mihi
1079 1600 1249 1659 aeciderunt
1262 1604 1323 1658 tam
1339 1617 1373 1658 er
1389 1599 1476 1659 solita
1491 1599 1597 1658 divinae
1611 1598 1730 1673 pietatis
1743 1599 1818 1659 sub·

110 1681 633 1763 illamvitsmmonustioam‚adquam
643 1690 938 1764 mesaepiusbenigna
990 1687 1822 1763 sentiensquamdiabolicafraudismachinatioue‚llest

111 1773 298 1831 attrahebant
312 1777 460 1846 suasione,
475 1784 546 1836 tuno
570 1780 721 1854 suscipere
746 1780 975 1879 dignarenturB
992 1778 1085 1838 multa
1100 1778 1239 1851 utrinque
1253 1779 1363 1835 fuerint
1387 1780 1469 1852 (nam
1492 1793 1546 1835 nec
1567 1776 1645 1835 Deus
1669 1780 1819 1837 consuetu

110 1879 163 1936 pro
178 1863 229 1919 Dei
245 1863 430 1924 solummodo
446 1884 555 1926 amore.
568 1871 605 1925 At
620 1868 661 1925 illi
677 1870 824 1927 intuentes
839 1886 896 1938 me,
908 1874 937 1925 et
992 1867 1197 1926 misericordie
1212 1872 1241 1926 et
1255 1867 1449 1942 correptionis
1465 1866 1628 1942 quidquam
1643 1865 1673 1923 in
1689 1881 1738 1923 ms
1762 1864 1821 1923 mi·

113 1951 180 2007 visu
193 1953 324 2010 verrucis
345 1957 579 2015 excrescentibus
594 1960 780 2032 desperatum
796 1959 936 2032 omnique
991 1956 1066 2025 uuit,
1083 1973 1178 2029 neque
1192 1957 1378 2015 adversarius
1394 1955 1480 2014 solita
1494 1953 1626 2028 nequitia
1646 1970 1694 2015 me
1717 1954 1820 2028 impu·

114 2041 225 2112 pariter
248 2044 449 2103 membrorum
475 2047 570 2105 officio
594 2048 789 2117 debilitatum,
812 2065 876 2118 our,
891 2049 936 2104 in·
991 2061 1081 2121 gnare
1096 2045 1241 2118 cessavit),
1256 2050 1356 2103 tumen
1372 2046 1442 2118 quia
1463 2046 1499 2103 ab
1519 2045 1635 2118 incepto
1650 2059 1739 2118 opere
1754 2042 1820 2103 too·

114 2129 230 2203 quiunt,
245 2131 378 2189 habitum
404 2135 491 2193 talem
514 2152 594 2193 nune
617 2137 778 2207 desideras,
798 2154 866 2195 cum
889 2137 937 2195 vix
991 2136 1058 2210 gius
1081 2135 1197 2209 evagari
1221 2152 1268 2192 me
1292 2135 1405 2194 faciunt
1428 2138 1457 2192 et
1481 2134 1512 2191 in
1536 2133 1594 2191 alio
1617 2149 1704 2207 opere
1726 2133 1819 2195 latius

112 2217 216 2275 flatum
225 2220 321 2278 terens
337 2222 424 2282 citius
436 2229 465 2281 ts
474 2226 538 2298 jam
551 2226 701 2285 obiturum
715 2227 812 2285 acias‘t
826 2227 855 2283 si
869 2244 936 2284 vero
991 2226 1094 2285 eadem
1119 2226 1183 2297 jam
1210 2223 1331 2297 protuli,
1358 2225 1416 2281 duo
1440 2227 1556 2282 tantum
1580 2220 1640 2291 hio.
1664 2239 1729 2297 qua
1756 2225 1818 2283 tam

111 2308 298 2368 forsitunDeo
308 2311 416 2370 volenti
426 2314 480 2370 tibi
495 2317 624 2388 spatium
634 2315 748 2374 vivendi
764 2315 935 2390 protelatur,
990 2314 1139 2389 vigilando
1164 2330 1253 2387 quam
1284 2312 1460 2388 quiescendo
1487 2329 1594 2389 passus
1618 2327 1698 2380 sum,
1727 2329 1818 2386 quam

112 2397 183 2467 quid
195 2399 331 2457 utilitatis
339 2404 400 2458 tam
411 2419 504 2461 cacus
513 2408 541 2461 et
550 2405 738 2479 paralyticus,
746 2407 824 2479 quod
835 2406 937 2477 procul
991 2403 1164 2462 brevissime
1183 2420 1256 2477 queo
1279 2404 1364 2461 edere
1377 2402 1493 2460 studeo.

113 2486 202 2545 dubio
226 2504 343 2562 semper
367 2491 435 2562 eris,
452 2492 482 2548 in
507 2492 561 2549 buc
587 2495 656 2563 vite,
673 2511 763 2567 quam
788 2496 874 2553 modo
889 2513 936 2553 ex-
1027 2494 1095 2551 Post
1117 2498 1235 2566 tempus
1261 2492 1350 2566 igitur
1373 2490 1561 2559 nonnullum.
1577 2508 1635 2565 quo
1659 2491 1763 2566 aufugi
1787 2492 1819 2549 iu

113 2574 199 2649 petis,
215 2592 346 2649 unquam
361 2594 492 2637 exercere
507 2583 640 2655 poteris?
654 2582 726 2640 Cum
741 2584 818 2640 enim
844 2600 938 2657 nuper
992 2583 1168 2650 caenobium,
1185 2581 1254 2655 quia
1267 2580 1455 2639 existimabar
1469 2581 1635 2639 instructus
1653 2579 1766 2653 aliquid
1786 2580 1818 2643 iu

111 2667 179 2738 post
203 2664 348 2723 immensa
361 2667 542 2728 infirmitatis
556 2675 612 2729 tuse
627 2676 772 2730 tormenta
785 2690 877 2731 sanus
891 2690 937 2732 es·
990 2671 1104 2730 liberali
1119 2671 1251 2740 scientia,
1263 2670 1422 2727 commissa
1431 2673 1476 2727 est
1491 2669 1563 2726 mihi
1573 2667 1642 2727 licet
1655 2669 1818 2729 immaturo

113 2769 161 2811 ses
175 2752 296 2812 effeetus
311 2759 339 2813 et
353 2774 407 2814 uos
421 2762 449 2815 le
464 2760 571 2831 sapius
587 2761 779 2818 admonentes
801 2760 936 2818 libentis·
991 2761 1103 2819 doctori
1128 2759 1223 2817 invisa
1246 2775 1404 2832 puerorum
1428 2757 1595 2832 disciplina.
1620 2761 1692 2817 (lum
1716 2762 1817 2817 autem

112 2843 187 2905 sime
202 2843 232 2900 in
246 2848 502 2920 congregationem
518 2854 650 2907 nostram
665 2852 814 2924 suscipere
827 2851 936 2909 voluis·
991 2850 1131 2906 intereos
1147 2849 1245 2923 plures
1260 2847 1448 2921 provectioris
1463 2850 1562 2905 essent
1576 2846 1680 2916 etatis,
1695 2847 1750 2920 qui
1765 2846 1820 2905 eoi·

112 2947 224 3000 semus,
241 2933 343 2992 utilius
361 2935 415 2992 tibi
439 2941 527 3010 atque
542 2938 626 2995 uobis
641 2938 731 3012 hujus
745 2941 937 3012 professionis
991 2938 1069 3006 licet,
1085 2940 1161 2995 siout
1175 2937 1227 2994 illa
1241 2937 1316 2995 solet
1331 2941 1412 3006 etse,
1422 2936 1529 3010 sapius
1544 2936 1717 2995 excederent
1730 2935 1820 2997 disci·

114 3019 290 3094 adimpleres
304 3027 388 3094 vota;
405 3026 456 3082 sed
477 3042 562 3083 nemo
586 3032 720 3085 nostrum
746 3033 815 3086 tuno
841 3029 938 3102 potuit
990 3028 1077 3103 plinio
1092 3034 1198 3098 metas,
1214 3042 1307 3083 unum
1327 3042 1362 3082 ex
1384 3026 1437 3094 eis,
1453 3025 1505 3098 qui
1520 3023 1648 3083 maxime
1662 3029 1819 3101 protervus

114 3108 169 3166 tibi
185 3112 360 3183 persuadere
375 3113 453 3172 talio.
470 3117 512 3172 Eu
528 3118 621 3189 patris
635 3135 762 3190 poenum,
778 3135 867 3191 quam
892 3118 936 3174 di·
992 3116 1066 3173 mihi
1081 3117 1246 3183 videbatur,
1262 3114 1421 3188 corripiens
1446 3131 1544 3171 eoram
1564 3113 1641 3185 aliis,
1657 3111 1819 3187 plusquam

114 3198 213 3255 ximus
228 3216 292 3258 esse
310 3202 450 3262 futurem.
466 3205 671 3279 Perspeaimus
686 3223 792 3280 nempe
805 3211 833 3264 te
847 3206 936 3267 talem
952 3183 974 3254 G
993 3206 1102 3273 decuit,
1113 3203 1262 3279 probrosis
1278 3203 1507 3277 asperrimisque
1522 3201 1686 3261 afficiebam
1700 3202 1817 3272 rubin

112 3288 241 3346 erasisse
255 3289 427 3365 languorem
443 3297 475 3350 ut
494 3294 568 3351 nihil
583 3294 663 3353 aliud
678 3296 732 3352 tibi
746 3302 849 3371 postea
862 3296 936 3353 foret
990 3294 1087 3354 adbuc
1101 3293 1180 3350 enim
1195 3293 1319 3366 propria
1335 3291 1496 3365 alienaque
1510 3289 1679 3365 fragilitatis
1694 3291 1817 3365 ignarus

21 3404 24 3409 ·
111 3379 269 3452 agendum,
287 3380 344 3438 nisi
360 3386 392 3439 ut
404 3384 564 3442 mundanis
578 3385 717 3443 omnibus
731 3384 839 3442 relictis
854 3401 935 3443 sece-
990 3384 1145 3440 credebam
1169 3381 1211 3438 nil
1232 3381 1306 3439 mihi
1325 3381 1386 3438 fore
1401 3381 1520 3439 noxium
1535 3380 1816 3454 quocunquemodo

112 3467 196 3529 dores
219 3468 250 3525 in
274 3472 496 3529 monasterium.
512 3473 624 3541 Quibus
650 3490 703 3548 ego
729 3474 867 3548 respondi
889 3474 935 3530 di·
987 3471 1171 3545 increparem
1186 3471 1327 3544 eum‚qui
1343 3471 1495 3543 mihijure
1507 3470 1647 3529 subditus
1656 3474 1732 3545 erut,
1745 3470 1816 3531 ado·

112 3572 207 3615 oens:
232 3558 275 3615 lta
288 3576 362 3630 esse,
379 3565 412 3617 ut
426 3562 570 3635 asseritis,
586 3563 689 3621 fateor.
705 3562 778 3621 Nam
805 3563 935 3637 corporis
990 3561 1149 3620 lescentem
1158 3559 1310 3618 stolidum.
1321 3560 1522 3634 lncrepatione
1535 3564 1633 3619 autem
1643 3558 1819 3633 hujusmodl

114 3645 173 3704 mei
197 3644 269 3704 sutis
291 3648 398 3722 probat
417 3650 555 3723 angustia
569 3650 666 3722 qualis
681 3650 834 3725 hucusque
848 3651 937 3709 fuerit
993 3655 1119 3724 peraeta,
1135 3650 1185 3707 ille
1207 3648 1327 3721 quidem
1347 3648 1588 3707 videbatursatis
1601 3653 1750 3719 mestuus
1764 3664 1818 3727 ege

113 3734 206 3793 animi
225 3735 380 3795 industria.
395 3738 451 3795 sed
475 3738 567 3796 dolori
592 3755 667 3810 meo,
691 3756 802 3814 precor,
828 3743 936 3814 parcite
991 3756 1059 3798 vero
1074 3756 1141 3796 mex
1154 3756 1172 3796 a
1186 3739 1313 3812 pristina
1327 3738 1418 3795 animi
1434 3738 1599 3796 constantin
1609 3743 1639 3795 et
1651 3738 1756 3813 gratioe
1767 3754 1820 3797 su·

111 3824 361 3901 petitionibusque
385 3826 470 3896 meis,
485 3827 557 3884 dum
583 3827 680 3884 adhuc
704 3828 850 3886 infelicem
874 3829 936 3887 ani·
992 3845 1089 3904 perus
1113 3827 1221 3885 fiducia
1240 3828 1409 3897 destitutus,
1426 3827 1457 3884 in
1481 3832 1594 3886 tautam
1618 3825 1821 3899 pusillanimi·

114 3928 194 3971 mam
221 3918 315 3989 teneo,
332 3916 505 3974 succurrite.
522 3915 566 3973 llli
591 3933 657 3974 vero
682 3919 718 3974 ad
743 3918 803 3975 bac
822 3918 937 3976 miseri·
992 3922 1083 3975 tatem
1098 3917 1308 3989 miseriamque
1328 3933 1381 3975 neo
1396 3933 1455 3974 nen
1470 3920 1582 3973 metum
1597 3915 1696 3989 magia
1709 3931 1744 3975 ao
1759 3931 1821 3973 ma·

112 4003 214 4060 cordia
229 4005 298 4061 moti
314 4009 352 4074 et,
369 4010 511 4078 quantum
535 4005 566 4063 in
589 4006 631 4064 eis
655 4011 743 4076 esset,
758 4008 851 4081 petita
875 4007 938 4082 pol·
993 4007 1039 4082 gis
1054 4006 1156 4064 deveni
1172 4010 1205 4062 ut
1218 4005 1351 4062 celeriter
1365 4009 1417 4062 sut
1434 4008 1513 4063 terra
1527 4004 1639 4073 hiante⁴
1653 4020 1709 4065 seu
1723 4003 1823 4080 aliquo

114 4089 188 4149 liciti
204 4092 349 4164 abierunt,
362 4098 449 4170 atque
463 4095 595 4153 celeriter
609 4097 764 4155 redeuntes
779 4096 851 4155 mihi
867 4114 939 4155 nun·
993 4096 1144 4154 absorberi
1159 4099 1294 4167 putarem
1309 4094 1437 4152 vindicta
1450 4092 1570 4151 celest.
1586 4093 1644 4151 Sed
1657 4109 1728 4153 oum
1753 4092 1823 4155 tatis
1860 4142 1866 4153 .

118 4179 265 4239 tiaverunt
290 4183 320 4240 in
349 4184 404 4242 hoc
431 4185 598 4243 universam
620 4185 744 4244 fratrum
768 4187 939 4244 concionem
995 4186 1041 4242 die
1065 4183 1116 4242 illa
1139 4188 1200 4241 tota
1222 4184 1259 4241 ab
1282 4182 1490 4256 increpationis
1514 4186 1688 4256 perpetrate
1707 4187 1823 4257 paterer
1849 4201 1866 4239 ·.

113 4272 302 4331 oonsensisse
325 4278 367 4343 ut,
388 4274 413 4331 si
436 4274 526 4332 vitam
552 4275 696 4333 redditam
721 4276 831 4333 sanitae
858 4292 941 4333 exse·
994 4274 1171 4347 horausquo
1186 4273 1222 4329 sd
1237 4288 1401 4346 vesperam,
1412 4272 1507 4345 primo
1523 4272 1574 4329 ubi
1589 4270 1634 4329 rel
1646 4270 1822 4353 luqueiu-
1839 4304 1866 4317 -

117 4366 260 4436 queretur
274 4364 352 4434 talis,
363 4381 429 4437 quse
444 4381 491 4421 me
506 4364 653 4441 implicari
668 4364 849 4438 permitteret
863 4382 941 4422 exer·
995 4367 1059 4421 tum
1074 4361 1181 4420 mentis
1196 4376 1350 4419 moerorem
1366 4361 1536 4429 meruerim,
1550 4359 1696 4419 dubitavi.
1708 4359 1866 4421 Dehine-t

114 4451 375 4526 oleo-dicuipsus
391 4453 649 4523 omnobialis‚tuno
664 4455 783 4513 demum
799 4453 941 4512 abdicatis
996 4457 1102 4511 cuncta
1117 4451 1211 4525 ipsius
1235 4450 1292 4507 diei
1312 4449 1468 4524 diligenter
1482 4454 1645 4509 retractans
1658 4454 1759 4525 gesta,
1772 4465 1866 4525 pes-1

115 4542 197 4617 priua
211 4544 300 4601 rebus
315 4543 431 4603 cunctis
445 4542 639 4603 sacularibus
653 4542 779 4617 benigue
805 4560 852 4600 me
875 4561 942 4602 sus·
957 4559 981 4627 D
997 4559 1098 4601 amara
1108 4540 1232 4615 correpti
1242 4539 1360 4612 juvenis
1370 4540 1458 4597 verba
1469 4539 1644 4597 banoetiam
1655 4538 1866 4599 minima-

113 4633 246 4707 oipereut
270 4633 300 4691 in
326 4633 564 4708 congregationis
590 4651 650 4691 sue
675 4649 791 4706 eorpus.
811 4632 871 4690 Hoc
894 4649 942 4690 re·
996 4631 1155 4690 ritudiusm
1169 4629 1300 4687 evenisse
1310 4628 1489 4688 conscientia
1502 4632 1600 4689 reatus
1614 4630 1723 4705 agnovi
1732 4627 1866 4687 mod-i

111 4715 224 4796 sponso
239 4726 367 4796 accepte,
382 4722 450 4781 licet
476 4725 512 4781 de
537 4722 664 4781 sanitate
687 4721 816 4797 corporis
838 4722 940 4795 exqui·
995 4736 1122 4794 unoque,
1140 4723 1172 4776 ut
1192 4718 1222 4776 in
1238 4722 1319 4776 tanta
1334 4722 1465 4791 poteram
1481 4717 1626 4793 molestia,
1641 4716 1765 4791 putaris
1777 4716 1866 4777 ili-

116 4812 175 4870 aita
189 4812 286 4869 adbuc
300 4812 430 4869 incertus
444 4829 552 4885 essem,
568 4829 710 4885 magnum
725 4812 831 4869 deinde
845 4811 940 4886 sospi-
994 4811 1069 4869 vium
1083 4809 1171 4867 solita
1185 4806 1328 4881 exquisivi
1342 4805 1457 4865 solatia.
1473 4807 1532 4867 Neo
1545 4812 1646 4865 mmsis
1659 4822 1697 4866 sa
1708 4806 1762 4867 dis
1774 4822 1839 4867 aa·
1848 4832 1866 4847 ·

118 4901 188 4959 tatis
211 4900 426 4957 incrementum
450 4902 544 4974 gratia
565 4901 727 4975 opitulante
742 4900 941 4959 divinacitius
995 4899 1155 4975 quentique
1177 4902 1261 4956 noete
1285 4895 1449 4955 sentiebam
1472 4895 1584 4971 aliquid
1598 4894 1695 4956 minui
1709 4894 1866 4959 smod-

28 5052 33 5060 ,
118 4989 255 5046 advenire
268 4988 357 5047 sensi.
995 4987 1228 5070 magnitudinem
1243 4985 1426 5045 imminentis
1439 5003 1447 5056 ;
1462 4985 1536 5060 quin
1557 4986 1617 5045 imo
1641 5000 1714 5045 uun
1732 4986 1845 5047 susm

152 5082 225 5137 cum
237 5082 335 5137 autem
350 5082 462 5137 tantam
473 5079 522 5135 bei
532 5079 658 5152 gratiam
672 5080 812 5139 sentirem
827 5080 940 5153 adesse,
994 5068 1126 5151 tempore
1153 5080 1263 5134 statuto
1293 5075 1475 5149 requiescere
1502 5074 1607 5133 vellem
1635 5074 1821 5157 dormiendo,

114 5170 151 5229 ad
162 5172 267 5229 cetera
276 5169 483 5242 consequenda
496 5168 651 5226 animabar
661 5168 754 5226 valde.
763 5170 942 5227 Adventante
995 5167 1091 5242 specis
1106 5165 1283 5224 multimoda
1294 5163 1415 5224 terroris
1429 5165 1607 5239 prepeditus
1621 5163 1747 5241 nequivi
1760 5180 1821 5223 aus

114 5259 205 5333 igitur
228 5258 358 5317 crastiua
381 5259 437 5331 die,
453 5257 495 5314 ita
517 5257 602 5331 vigor
624 5257 755 5330 corporis
779 5258 943 5332 augebatur
996 5258 1093 5331 cipere
1121 5256 1253 5329 requiem
1278 5254 1370 5313 ullam
1398 5255 1523 5331 soporis.
1547 5253 1750 5322 Quamobrem
1779 5254 1817 5321 rix

118 5354 151 5404 ut
173 5348 237 5405 sine
259 5347 382 5405 alterius
397 5347 632 5405 substentatione
646 5362 793 5420 egressus,
809 5347 839 5404 id
863 5348 941 5422 quod
996 5345 1169 5423 prestolans
1183 5346 1288 5403 fratres
1312 5345 1349 5403 ad
1373 5344 1477 5403 laudes
1491 5349 1653 5403 nocturnas
1667 5359 1815 5425 extum

121 5435 215 5511 pridie
229 5452 282 5509 per
293 5435 367 5494 alios
382 5435 645 5511 expetivi,egomet
658 5436 721 5509 ipse
732 5436 769 5493 ad
782 5436 942 5494 coenobitas
997 5452 1104 5508 easque
1128 5451 1276 5509 peragere,
1293 5450 1412 5491 rursum
1437 5439 1538 5509 postea
1561 5432 1699 5491 libertate
1720 5438 1818 5501 enati

113 5525 368 5599 ¹prioresusniena
380 5527 529 5585 studerem
539 5524 699 5599 deprecari.
711 5524 818 5600 Sisque
833 5525 942 5585 factum
996 5524 1194 5585 secretissimo
1207 5524 1482 5600 potituasutfragia
1494 5526 1741 5598 sauctorumpor
1762 5522 1817 5590 ain.

117 5621 164 5681 est
188 5617 222 5673 ut
241 5613 413 5689 petitionem
437 5631 534 5676 meam
557 5618 639 5676 tauto
659 5615 827 5692 promptius
845 5615 943 5676 susei-
996 5615 1082 5691 gulas
1101 5616 1268 5691 prostratus
1290 5630 1356 5675 arae
1377 5612 1550 5697 suppliciter
1561 5611 1723 5693 melitii,
1737 5612 1819 5681 ohe-
