3892 6096
119 281 177 342 683
645 273 678 334 S·
700 272 867 335 JOANNIS
890 272 1113 337 Guaueuam
1134 271 1299 333 suberis
1768 266 1830 332 aba

119 413 213 471 solius
227 407 481 474 memoriam,tam
507 403 653 474 velociter,
678 408 798 478 tamque
820 405 945 478 benigne
959 407 987 474 Α
1001 405 1045 461 dit
1059 423 1066 461 :
1082 405 1205 462 Domine
1223 404 1317 475 Pater,
1337 403 1401 475 jam
1425 418 1478 476 per
1500 403 1574 459 duos
1597 416 1727 473 menses,
1751 405 1782 459 et
1795 418 1829 461 eo

119 501 272 575 prelatum
287 496 428 553 miserum
445 495 479 550 de
493 494 595 550 mortis
610 495 738 566 periculo
752 495 896 552 liberavit.
1000 494 1138 568 amplius,
1154 493 1248 551 multa
1275 496 1393 549 tenetur
1408 491 1586 548 infirmitate.
1607 492 1689 556 Quod
1705 492 1830 551 audieus

404 582 524 639 cnPUT
552 582 660 638 XXXV.
999 583 1182 640 venerandus
1199 584 1293 646 Pater,
1311 596 1416 654 panem
1432 580 1553 654 accepit,
1569 581 1655 653 eique
1670 598 1724 654 pro
1739 581 1827 639 bene·

160 679 232 734 ltem
244 677 315 732 dum
326 671 587 731 idemvenerabilis
597 672 872 744 peteravisitandis
882 671 947 727 aliis
999 673 1125 730 dictione
1140 672 1231 738 misit,
1243 672 1312 727 Post
1327 675 1463 743 quartam
1478 671 1555 727 diem
1569 670 1827 744 persemetipsum

119 766 259 824 caenobiis
287 765 490 837 regrederetur
512 762 548 817 ad
564 779 664 829 suum,
684 778 797 818 memor
811 761 944 834 plurimae
999 763 1034 818 ad
1051 779 1117 817 eum
1132 762 1221 827 venit,
1234 778 1267 816 ac
1277 777 1329 833 pro
1344 759 1448 828 salute,
1461 775 1549 831 quam
1564 758 1785 832 receperat,Deo
1799 764 1828 817 oi

118 855 289 929 indigentia
305 870 363 926 qua
378 851 488 909 multos
500 850 593 923 premi
605 855 788 923 cognoverat,
804 850 945 906 introiens
999 850 1053 908 sibi
1071 850 1180 907 multas
1195 850 1306 922 gratius
1321 849 1389 922 egit.

121 944 345 1013 monasterium,
360 941 593 1012 dispensatorem
608 938 735 1009 familia,
752 939 870 995 nomine
880 938 945 993 Gol-
1283 939 1397 995 CAPUT
1421 938 1538 994 XXXIX.

120 1036 285 1101 lredum,ei
298 1032 418 1087 fratrem
433 1029 588 1085 Rusticum
604 1033 822 1100 procuratorem
842 1045 944 1083 mona·
1034 1030 1154 1094 Deinde,
1178 1046 1245 1084 cum
1270 1028 1347 1083 idem
1372 1028 1415 1082 vir
1431 1026 1522 1082 multo
1535 1031 1602 1100 post
1615 1030 1751 1098 tempore
1764 1042 1825 1083 mo·

119 1124 209 1180 ehum
232 1123 268 1178 ad
293 1137 324 1177 se
348 1136 468 1188 vocans,
489 1118 531 1173 ait
555 1136 561 1174 ε
587 1117 781 1190 Inspiciamus
805 1117 944 1173 borreum
999 1123 1121 1187 roratur,
1138 1117 1275 1190 praecepit
1289 1116 1349 1172 illio
1365 1121 1397 1172 ut
1412 1130 1533 1188 equum,
1557 1117 1604 1171 cui
1628 1116 1732 1172 sedero
1756 1132 1826 1173 con·

119 1217 254 1270 nostrum
280 1208 426 1283 quomodo
449 1224 481 1265 se
500 1207 616 1273 babeat,
637 1207 715 1278 quod
742 1211 813 1261 tunc
839 1204 946 1277 reperit
999 1210 1142 1276 suevcrat,
1159 1212 1260 1262 sancto
1274 1204 1380 1262 ioanni
1395 1206 1486 1275 daret,
1497 1211 1526 1260 et
1540 1208 1573 1260 ut
1586 1220 1639 1277 pro
1654 1220 1688 1261 se
1704 1205 1825 1262 interce·

119 1302 302 1358 abundanter
316 1314 381 1354 esse
409 1295 561 1369 repletum.
584 1295 706 1363 Quibus,
726 1295 811 1368 quasi
825 1294 943 1366 ironice,
999 1298 1079 1353 deret
1091 1297 1211 1369 rogavit.
1227 1297 1352 1352 Sanctus
1376 1297 1473 1350 autem
1496 1293 1541 1348 vir
1563 1293 1732 1366 despiciens
1746 1298 1826 1351 trau·

117 1390 210 1446 dixit:
222 1385 459 1458 «Quamplurimi
473 1385 528 1440 sub
539 1385 660 1440 instanti
674 1384 847 1440 necessitato
857 1382 944 1438 famis
998 1387 1094 1453 itoria,
1111 1389 1311 1458 paupertatem
1327 1400 1442 1451 amaus,
1458 1383 1587 1438 ooelestia
1600 1382 1834 1455 coucupiscens,

117 1478 335 1551 opprimuntur,
350 1491 402 1530 vos
419 1477 516 1530 autem
534 1473 653 1530 uberius
669 1473 836 1529 abundatis.
855 1494 868 1520 u
884 1472 944 1526 Sta·
997 1491 1107 1546 equum
1122 1474 1234 1530 bomini
1249 1473 1385 1539 reddidit,
1402 1476 1431 1529 ct
1446 1473 1481 1527 ad
1498 1473 1616 1544 propria
1630 1488 1701 1529 oum
1715 1488 1752 1529 eo
1767 1474 1835 1529 red-

116 1565 230 1639 timque
240 1565 334 1637 jussit
349 1564 497 1636 quoddam
509 1561 672 1628 vaseulum,
688 1562 806 1634 capiens
817 1564 944 1632 quatuor
997 1563 1038 1619 ire
1047 1562 1147 1635 jussit.
1159 1566 1289 1634 Cumque
1304 1561 1432 1617 multum
1455 1559 1610 1617 obsisteret
1624 1565 1655 1617 et
1669 1572 1782 1635 equum
1797 1577 1841 1624 se

114 1653 160 1711 vel
175 1655 306 1726 quinque
322 1650 608 1723 modies,impleri,ct
628 1650 669 1706 sio
685 1649 942 1722 persemetipsum
997 1668 1056 1707 non
1074 1652 1262 1707 reducturum
1276 1653 1428 1719 assereret,
1440 1651 1558 1706 tandem
1570 1654 1719 1723 praecepto
1734 1654 1828 1711 saneti

115 1745 151 1799 ad
166 1743 239 1798 hora
254 1741 340 1798 tertia
354 1755 448 1811 usque
463 1739 498 1794 ad
528 1755 635 1794 nonam
658 1742 719 1794 tam
735 1737 839 1810 grandi
854 1736 941 1810 largi·
996 1740 1049 1796 viri
1065 1744 1193 1810 coactus,
1210 1755 1278 1795 oum
1292 1755 1367 1812 equo
1383 1738 1467 1796 laetus
1481 1740 1518 1795 ad
1534 1755 1588 1795 sua
1603 1738 1826 1810 rediitbenedi·

114 1834 175 1886 tate
189 1830 286 1886 oneris
302 1830 471 1899 occupatus,
488 1826 655 1882 nullatenus
671 1826 738 1882 inde
753 1825 882 1892 recessit,
889 1827 940 1882 sed
996 1845 1065 1885 cens
1078 1830 1167 1884 Deum
1178 1829 1209 1883 in
1219 1828 1292 1884 tanti
1304 1827 1701 1894 PatrisadmirationeQuod
1713 1828 1814 1886 iactum

118 1918 277 1989 unicuique
291 1915 428 1984 venienti,
444 1915 491 1970 eui
507 1914 695 1984 muitum,cui
711 1931 827 1988 parurn,
844 1915 942 1971 distri·
994 1924 1039 1974 est
1053 1918 1123 1974 dum
1138 1918 1233 1974 adhuc
1249 1921 1326 1974 esset
1340 1918 1369 1973 in
1385 1916 1516 1973 coenobio
1533 1917 1718 1973 Muscetana.

114 2007 190 2076 buit,
205 2011 234 2062 et
247 2020 364 2077 semper
379 2003 510 2076 plenum,
526 2004 584 2059 Deo
599 2003 750 2076 largiente,
767 2004 938 2076 permansit.
1314 2006 1429 2063 CAPUT
1442 2007 1499 2062 XL.

399 2092 513 2149 CAPUT
536 2092 655 2148 XXXVI.
1031 2098 1120 2162 Quem
1136 2096 1234 2151 locum
1249 2096 1319 2151 dum
1331 2094 1387 2151 alio
1403 2100 1533 2167 tempore
1543 2095 1689 2164 visitaret,
1703 2108 1809 2152 cernent

148 2186 268 2253 Deinde,
283 2185 354 2240 dum
369 2183 400 2239 in
414 2182 491 2238 beati
507 2181 595 2238 Salvii
610 2182 740 2238 eoeuobio
766 2188 939 2251 moraretur,
995 2185 1024 2240 in
1040 2202 1073 2241 eu
1098 2202 1197 2241 cassas
1212 2183 1383 2257 grandiores
1404 2183 1643 2257 pulchrioresque
1659 2185 1721 2241 lore
1734 2200 1806 2257 quam

114 2281 210 2350 etper
233 2278 371 2345 Aeonem,
389 2271 439 2345 qui
460 2275 560 2344 postea
589 2275 696 2328 sancta
723 2272 942 2344 Reparetealuit
994 2265 1803 2344 vellet,accersitodominoRodulloeiusdemlociabbett,
1856 2282 1858 2339 l

112 2366 214 2433 abbas,
230 2363 316 2419 xenia
329 2363 391 2417 viro
406 2361 457 2416 Dei
472 2360 598 2416 'lauzoni
613 2360 727 2416 incluso
742 2376 794 2432 pro
808 2360 940 2415 ciborum
996 2362 1050 2418 sibi
1067 2362 1150 2419 vultu
1164 2361 1351 2418 serenissimo
1367 2361 1494 2417 diritte
1510 2362 1552 2417 Tu
1569 2362 1598 2417 in
1614 2363 1671 2420 hoc
1684 2361 1746 2420 loco
1758 2378 1803 2418 ma·
1856 2346 1858 2357 ¹

111 2452 314 2509 benedictione
325 2450 487 2516 mandaret,
498 2449 636 2521 praelatus
651 2452 718 2517 rizo,
736 2450 805 2504 dum
823 2449 940 2517 rediret,
995 2451 1062 2524 gnis
1077 2451 1225 2524 expensis
1237 2450 1346 2522 quibus
1359 2467 1501 2523 pauperes
1513 2450 1633 2522 plurimi
1646 2450 1803 2525 refoveripe

112 2539 162 2596 via
176 2537 351 2611 digrediens,
362 2538 515 2610 tugurium
530 2537 680 2607 quoddam
695 2537 859 2604 intravit‚et
870 2553 938 2592 eum
994 2540 1168 2607 tuissoni,es
1178 2539 1295 2612 proprio
1305 2543 1370 2595 voto
1385 2539 1495 2612 palatia
1509 2539 1671 2596 fabricasti.
1683 2561 1698 2591 a
1709 2539 1742 2596 at
1753 2554 1801 2596 oeu-

113 2628 254 2684 iratribus
267 2643 341 2699 quos
356 2626 397 2681 ibi
423 2624 530 2697 reperit
558 2624 652 2680 multa
681 2624 796 2681 loeutus
815 2628 869 2681 est.
886 2624 940 2691 Qui
994 2644 1096 2684 versus
1112 2630 1147 2685 ad
1164 2630 1321 2700 quemdam
1338 2627 1466 2684 rivulum
1488 2626 1644 2702 parvulum
1659 2642 1746 2702 prope
1757 2643 1801 2683 ma·

114 2718 151 2774 ad
167 2721 280 2789 patrem
296 2715 423 2782 rediens,
439 2715 511 2775 dum
526 2714 563 2769 ab
578 2729 611 2769 eo
621 2719 764 2786 quareret
779 2732 785 2770 ε
803 2714 884 2770 Unde
894 2730 941 2770 ve·
996 2721 1125 2786 nantem,
1140 2718 1214 2773 dixit
1229 2736 1235 2774 :
1252 2740 1265 2768 a
1282 2717 1360 2774 Deus
1376 2717 1626 2790 omnipotens,qui
1641 2718 1678 2775 de
1691 2714 1799 2774 minimis

113 2806 185 2863 uisi
199 2805 304 2878 etipse
320 2803 520 2876 respondisset
533 2818 565 2860 ae
576 2819 634 2875 quo
645 2802 755 2860 missua
767 2805 862 2860 luerat
871 2805 939 2873 isse,
996 2806 1108 2878 majora
1123 2806 1216 2863 lacere
1232 2806 1418 2877 consuevisti,
1434 2805 1618 2878 videam,per
1633 2806 1723 2879 hujus
1736 2801 1801 2863 nauli

114 2911 148 2953 ac
164 2894 285 2962 redisse,
301 2910 370 2949 mox
380 2892 416 2948 ab
431 2909 465 2949 eo
480 2891 591 2949 audivit
608 2908 614 2947 :
630 2896 688 2964 Ego
704 2892 824 2964 quidem
840 2909 898 2949 non
914 2896 942 2948 te
995 2895 1277 2967 paucitatembuJus
1292 2895 1420 2952 enormis
1434 2894 1549 2951 edificii
1564 2894 1623 2952 cito
1636 2895 1800 2953 vindiciam·

117 2983 189 3039 illue
204 2983 282 3039 unde
296 2983 378 3038 venis
388 2980 534 3038 mandavi.
550 2980 661 3037 Deinde
672 2981 837 3054 digressum
853 2981 940 3051 avia,
995 2985 1030 3040 Et
1044 2985 1105 3040 baec
1120 2984 1231 3053 diceus,
1247 2984 1357 3056 absque
1373 3000 1464 3050 more,
1489 2982 1669 3040 discessitt)
1682 2984 1752 3040 mire
1762 2979 1799 3037 liei

117 3077 147 3131 et
160 3072 327 3145 ingressum
341 3070 462 3144 tugurii,
477 3087 509 3126 ac
532 3071 630 3142 verba,
655 3087 720 3143 qum
735 3087 801 3126 cum
817 3071 941 3128 inventis
996 3073 1143 3145 potential
1162 3074 1315 3130 coelestim
1326 3071 1448 3139 mvulus,
1464 3088 1497 3129 eo
1514 3072 1679 3141 recedente,
1695 3082 1800 3129 crearem

117 3162 259 3220 iratribus
273 3161 445 3234 hahuit,per
459 3160 597 3234 spiritum
609 3177 829 3234 recognoscens,
845 3147 980 3217 omuiass
999 3161 1092 3234 caepit,
1112 3166 1141 3218 et
1165 3177 1346 3234 congregans
1366 3177 1509 3232 aquarum
1522 3161 1634 3217 lluenta
1647 3158 1800 3234 largissima,

117 3267 170 3323 per
185 3250 318 3307 ordinem
333 3249 480 3322 patefecit.
1002 3251 1101 3308 relicto
1126 3251 1243 3323 proprio
1267 3250 1358 3319 alveo,
1379 3266 1509 3323 preceps
1524 3250 1560 3305 de
1576 3253 1677 3307 monte
1692 3248 1752 3317 ruit,
1763 3245 1805 3301 im·

394 3338 512 3394 caPUT
532 3338 667 3395 XXXVll.
1002 3357 1120 3397 mensos
1135 3344 1284 3413 petrarum
1309 3339 1447 3411 scopulos
1465 3343 1494 3395 et
1508 3338 1630 3395 arbores
1656 3353 1749 3396 seeum
1760 3340 1804 3391 tra·

153 3429 264 3485 Eodem
279 3432 420 3499 tempore,
437 3443 494 3498 quo
509 3427 675 3483 Simoniaca
687 3427 806 3484 haeresis
822 3445 873 3501 per
887 3429 946 3485 Tn-
1003 3428 1242 3500 bens,praedictas
1257 3427 1501 3484 domosluudiius
1516 3427 1630 3485 evertit.
1644 3426 1725 3483 Unde
1736 3423 1804 3481 abia

119 3517 212 3575 seiam
225 3515 475 3589 pullulabat,dum
490 3516 645 3588 praedictus
661 3520 744 3588 pater
758 3517 855 3573 adbuc
871 3521 949 3575 esset
1002 3517 1135 3588 ejusdem
1152 3515 1206 3572 loci
1221 3532 1288 3572 eum
1308 3517 1448 3573 iratribus
1462 3518 1664 3589 perturbatus,
1680 3516 1715 3573 de
1726 3513 1804 3572 eadm

118 3607 149 3663 iu
165 3607 267 3663 eodem
293 3604 392 3662 Sancti
414 3603 502 3660 Salvii
527 3605 668 3670 caenobio,
693 3605 813 3675 quidam
830 3605 948 3663 Floren·
1003 3605 1065 3662 loco
1081 3605 1247 3662 caenobium
1263 3610 1377 3662 mutare
1392 3605 1578 3678 disponebat.
1596 3608 1675 3672 Quas
1690 3603 1807 3677 borigm

120 3696 212 3764 tinus,
238 3695 323 3766 cujus
346 3692 436 3761 lilius,
467 3691 586 3765 langore
610 3693 797 3763 constrictus,
821 3694 948 3751 vicinam
1004 3699 1088 3752 Pater
1102 3695 1149 3752 bis
1163 3695 1259 3752 verbis
1274 3695 1443 3752 consolatus
1458 3698 1503 3751 est
1518 3712 1525 3752 :
1539 3715 1553 3748 a
1567 3695 1675 3764 Nolite,
1685 3685 1809 3767 inquiti-
1827 3738 1834 3753 .

120 3784 307 3858 operiebatur
322 3786 456 3852 mortem,
473 3785 631 3853 ntegrum
648 3785 750 3837 natum
773 3789 900 3855 sanaret,
916 3799 949 3839 ac
1005 3799 1084 3841 mere
1099 3800 1151 3840 nee
1166 3783 1380 3840 habitationem
1397 3782 1599 3855 mutare‚quia
1612 3782 1723 3840 munius
1735 3776 1808 3837 ilat·

121 3874 254 3930 redderet
274 3874 431 3942 rogaturus
454 3869 586 3925 accessit.
612 3869 664 3925 Cui
681 3886 748 3925 cum
768 3869 877 3927 diceret
891 3888 949 3928 nou
1004 3876 1107 3929 caetero
1123 3871 1304 3929 nullomodo
1321 3872 1403 3929 vobis
1415 3871 1631 3930 ultranocebit.
1646 3895 1662 3923 a
1675 3866 1810 3941 Quodnisi

121 3962 185 4017 hee
200 3976 265 4029 sua,
277 3960 327 4015 sed
344 3958 544 4031 apostolorum
558 3975 633 4029 esse,
649 3962 732 4031 pater
745 3959 949 4031 gemebundus
1005 3961 1291 4027 vaticinium,verum
1303 3962 1481 4034 firmumque
1492 3961 1551 4018 huc
1565 3978 1662 4034 usque
1673 3953 1809 4036 memmii

125 4051 290 4122 prostratus
318 4048 381 4119 ejus
404 4046 546 4118 vestigiis,
558 4047 661 4103 tandiu
683 4048 820 4120 precibus
845 4048 951 4105 institit
1005 4049 1136 4122 Denique
1147 4048 1259 4106 rivulus
1271 4050 1320 4107 ille
1335 4051 1370 4106 de
1385 4054 1487 4107 cetero
1498 4051 1602 4107 domos
1614 4050 1657 4107 ibi
1669 4048 1808 4108 nabsan·

126 4140 219 4195 donec
232 4136 341 4205 vir,Dei
356 4135 839 4204 miserationecommotus‚iosum
854 4138 951 4194 remit-
1005 4139 1089 4208 laesit,
1106 4155 1158 4195 nec
1173 4139 1251 4210 quod
1268 4144 1338 4195 tune
1353 4139 1459 4196 accidit
1486 4140 1582 4197 sancti
1602 4139 1657 4196 viri
1686 4136 1808 4213 previbus

125 4231 191 4283 tens
217 4226 252 4282 ad
271 4223 399 4297 propria,
415 4239 447 4280 se
468 4240 520 4297 pro
535 4239 568 4280 eo
585 4224 676 4280 Deum
692 4228 866 4297 rogaturum
883 4242 949 4298 pro·
1004 4228 1128 4284 ulterius
1144 4227 1266 4284 minime
1279 4228 1412 4302 contigit.

128 4316 221 4373 misit.
237 4316 320 4371 Tunc
334 4314 446 4384 statim,
476 4330 509 4370 eo
525 4313 702 4381 discedente,
727 4315 950 4387 convocatisque
1310 4319 1429 4374 CAPUT
1447 4319 1519 4375 XLI.

124 4404 276 4476 iratribus,
287 4403 458 4476 suppliciter
471 4401 594 4459 orationi
610 4402 752 4458 incubuit.
764 4404 876 4467 Quibus
892 4404 949 4460 bu·
1041 4408 1150 4463 lterum
1161 4423 1228 4463 cum
1243 4407 1374 4464 audisset
1384 4409 1542 4480 quemdam
1556 4408 1656 4466 virum
1670 4407 1809 4467 venientu

123 4495 234 4553 militer
248 4493 277 4550 in
293 4497 400 4550 terram
416 4491 580 4564 prostratis,
609 4496 638 4548 et
653 4492 833 4548 orationibus
848 4510 900 4565 pro
915 4509 949 4549 eo
964 4515 989 4582 D
1005 4496 1041 4551 ad
1056 4497 1275 4552 conversionem
1292 4500 1386 4553 totum
1411 4513 1499 4553 suum
1524 4498 1736 4569 patrimonium
1756 4490 1811 4553 aei·

125 4586 161 4642 ed
177 4583 336 4640 Dominum
352 4581 436 4650 lusis,
453 4579 510 4649 ille,
540 4580 588 4636 eui
603 4585 738 4637 cantatur
765 4581 794 4635 in
811 4580 925 4653 psalmo
941 4599 948 4638 :
1005 4586 1100 4656 psisse
1115 4585 1145 4640 in
1159 4584 1303 4657 chartula,
1314 4589 1343 4642 et
1356 4587 1578 4644 successoribus
1593 4578 1811 4659 terminarit

123 4673 236 4731 Domini
258 4679 298 4728 eat
327 4671 414 4739 satae,
431 4685 482 4742 per
513 4667 610 4726 dilecti
635 4669 680 4725 sui
709 4669 948 4728 intercessionem
1003 4674 1090 4746 vatis,
1109 4691 1209 4730 secum
1229 4676 1266 4730 ad
1288 4675 1501 4733 monesterium
1525 4676 1679 4746 detulisse,
1708 4666 1809 4733 mcxii

123 4766 265 4835 aegrotum
280 4760 399 4831 integrae
414 4757 533 4814 sanitati
549 4758 688 4815 restituit.
701 4758 760 4814 Hoc
771 4758 948 4815 miraculum
1003 4761 1175 4834 praedictum
1190 4763 1355 4819 coenobium
1371 4765 1492 4833 renitet
1506 4764 1620 4837 abbati,
1636 4764 1825 4840 qui'abartfl.

123 4851 201 4906 idem
217 4849 280 4920 ipse
301 4847 347 4902 cui
363 4847 538 4902 beneficium
558 4847 693 4904 sanitatis
708 4847 877 4920 impensum
893 4851 946 4920 est,
1003 4855 1161 4924 acceperat,
1177 4852 1333 4924 imperavit
1347 4857 1380 4909 ut
1394 4844 1507 4926 absque
1530 4870 1617 4912 mora
1630 4872 1698 4913 eam
1711 4850 1764 4913 sihi
1774 4848 1810 4907 dt·

123 4938 166 4995 sic
181 4936 350 5009 contigisse,
376 4938 410 4989 ut
430 4935 567 5002 diximus,
599 4936 948 5005 donacvixit,vivavoce
1002 4941 1202 5006 ferret.Quam
1218 4942 1520 5014 dumaeciperet‚eam
1536 4943 1711 5003 minutatim
1724 4942 1810 5003 lies

122 5030 247 5085 testatus
262 5029 314 5082 est.
1001 5046 1084 5102 pens,
1101 5031 1166 5102 ejus
1175 5029 1206 5085 in
1219 5034 1326 5087 terram
1339 5031 1435 5088 frusta
1445 5031 1575 5104 projecit.
1583 5032 1701 5092 iustius
1714 5028 1811 5107 qnid·

399 5114 515 5171 CAPUT
533 5115 677 5172 xxxviii.
1002 5118 1622 5195 sibividebatureumexiguisviverequam
1632 5112 1812 5196 multipiiffl

158 5208 220 5265 Alio
228 5221 345 5280 quoque
356 5205 618 5277 tompore‚quidam
628 5204 712 5261 miles
723 5220 757 5261 ex
768 5205 875 5279 oppido
883 5206 947 5263 Ger·
1000 5206 1107 5279 opibus
1121 5208 1283 5280 superbire.
1299 5209 1410 5265 Deinde
1435 5208 1520 5266 valde
1545 5216 1728 5282 commotus,
1740 5208 1813 5267 Du!

123 5296 258 5362 lianensi,
274 5294 355 5368 gravi
368 5293 538 5350 infirmitate
553 5293 716 5361 tenebatur,
728 5299 757 5351 et
772 5295 946 5352 notissimus
1000 5297 1124 5369 ejusque
1147 5296 1312 5369 apostolum
1337 5298 1486 5367 invocans,
1503 5298 1599 5372 inquii
1618 5318 1626 5357 :
1642 5300 1815 5375 Omnipot·

123 5389 185 5441 erat
196 5384 281 5441 beato
309 5383 427 5451 ioanni,
439 5387 468 5438 et
482 5398 548 5439 ecco
564 5398 666 5439 servus
693 5385 827 5454 ejusdam
842 5383 946 5441 militia
1000 5386 1132 5455 Domine,
1148 5391 1177 5442 ct
1193 5393 1235 5456 tu,
1252 5392 1354 5443 sancte
1369 5387 1672 5459 Patre,epostolorum
1688 5388 1815 5465 prium

122 5473 241 5532 veniens
256 5472 292 5528 ad
308 5471 439 5541 illum,ac
454 5472 558 5529 beatus
572 5471 700 5527 ioannes
724 5473 774 5528 ubi
789 5490 857 5530 eum
874 5490 945 5530 con·
1000 5475 1176 5531 ulciscimini
1208 5492 1255 5531 me
1283 5475 1318 5532 de
1347 5476 1402 5532 isto
1417 5476 1560 5533 caenobio.
1591 5478 1817 5539 anamiim

121 5560 265 5643 spexit,de
275 5560 556 5637 suodomiuoipeum
565 5560 943 5639 interrogavitiluiraspou-
999 5565 1093 5623 iratus
1107 5565 1260 5623 coelestim
1272 5565 1423 5623 abscessit.
1436 5565 1496 5633 Quo
1512 5582 1573 5631 noa
1585 5564 1678 5645 louge
1690 5569 1819 5649 diem.
