3884 6090
82 244 86 253 '
131 230 190 293 :tii
629 222 800 286 oratorii
821 220 1002 285 ucuauui
1024 221 1057 282 S.
1079 217 1330 283 uuuuusiitil
1774 214 1836 281 328

166 363 221 429 oui
236 363 266 418 in
281 376 339 418 uno
355 356 485 430 offendit,
502 355 596 413 multa
608 355 686 414 sona
699 355 804 430 perdit·
968 354 996 422 h
1045 369 1186 442 Quisquis
1199 369 1311 445 cogitas
1322 367 1393 441 quid
1409 368 1468 426 beo
1480 370 1590 436 voveat,
1601 381 1632 427 ee
1661 367 1760 443 ipsum
1786 387 1837 428 vo·

167 451 222 519 Qui
237 451 321 508 docet
335 448 460 520 fatuum,
488 446 573 518 quasi
597 445 648 520 qui
671 443 853 519 conglutinat
867 460 955 501 arena
1007 463 1073 518 pepp
1086 462 1116 516 et
1129 459 1242 516 reddat,

130 545 247 599 testam.
1003 593 1008 600 .
1042 547 1191 620 Quidquid
1206 546 1365 620 voluptatis
1382 549 1427 604 est
1437 544 1642 620 seminarium,
1658 547 1786 607 castitati
1803 547 1837 605 flt

165 630 279 695 Quanto
294 642 420 701 magnus
434 641 476 696 ea,
492 623 617 681 humilia
629 628 658 681 te
674 624 705 680 in
720 622 867 681 omnihus.
1007 637 1200 694 mnrium,

165 716 220 783 Qui
233 715 340 774 timent
353 715 502 789 pruinam.
517 713 778 786 V0¹1iei⁸⁰l>⁰l⁰0⁸
793 712 851 768 nix·
1043 726 1097 794 Qui
1113 741 1283 783 succurrere
1294 724 1423 797 perituro
1433 728 1540 798 potest,
1557 724 1580 782 si
1598 741 1656 782 non
1669 728 1834 798 succurret,

164 823 219 888 Qui
234 824 339 881 timent
352 821 456 893 Deum,
474 837 533 877 non
557 823 644 877 erunt
665 818 851 876 incredibiles
866 818 952 874 verbo
1006 829 1075 872 reus
1090 815 1194 871 mortis
1209 814 1273 886 ejus
1288 814 1352 871 erit.

127 912 218 971 illins.
939 910 941 915 ’
1042 902 1097 970 Qui
1112 902 1209 961 verbis
1223 902 1340 960 lenibus
1356 906 1453 977 potest
1467 902 1583 976 corrigi,
1600 919 1658 961 non
1674 903 1761 961 debet
1789 903 1834 960 in·

163 1000 218 1067 Qui
232 1002 262 1059 in
277 1000 372 1060 stadio
387 1003 520 1070 currunt,
546 1012 648 1055 omnes
672 997 791 1070 quidem
819 1000 951 1068 currunt,
1007 993 1173 1066 crepatione
1187 992 1449 1064 duraaxasperari.

127 1092 179 1152 sed
195 1108 273 1149 unus
288 1088 395 1164 accipit
408 1088 553 1147 bravium.
1042 1081 1191 1156 Quidquid
1202 1082 1320 1155 pietatis
1335 1081 1486 1138 invenitur
1513 1080 1685 1139 hominibus
1713 1083 1835 1153 iactum,

164 1182 338 1254 Quicunque
352 1177 477 1238 voluerit
487 1176 602 1235 amicus
614 1192 678 1235 esse
689 1175 788 1233 saculi
798 1175 888 1247 huius
899 1174 954 1232 ini·
1006 1171 1107 1244 gratiae
1120 1170 1223 1228 divina
1240 1174 1356 1228 constat
1370 1170 1565 1228 referendum.

127 1270 223 1329 micus
237 1269 289 1326 Dei
309 1265 506 1325 constituitur·
1041 1279 1096 1342 Qui
1111 1278 1205 1336 zelum
1224 1278 1275 1335 Dei
1287 1294 1345 1336 non
1360 1277 1480 1347 hubent,
1497 1277 1599 1336 multis
1612 1277 1771 1336 virtutibus
1785 1295 1833 1337 aa·

163 1359 216 1428 Qui
233 1375 264 1416 se
279 1355 429 1414 existimat
442 1358 531 1424 stare,
546 1355 644 1412 videat
662 1369 699 1411 ne
713 1355 808 1411 eadat.
1006 1370 1083 1423 rent,

162 1448 217 1515 Qui
231 1448 319 1505 habti
333 1461 446 1518 aurem»
461 1444 563 1503 audiat
577 1444 649 1517 quid
663 1442 791 1516 Spiritus
806 1442 885 1499 (1Ῐῦθῖ
901 1442 952 1498 Εῢ·
1042 1453 1135 1519 Quam
1148 1454 1268 1511 difficile
1284 1453 1482 1529 surgit,quem
1498 1455 1590 1513 moles
1601 1471 1696 1528 prava
1707 1470 1833 1513 consue·

126 1535 235 1595 clesiis.
1005 1542 1118 1600 tudinis
1130 1543 1285 1616 deprimiti

161 1625 216 1691 cui
240 1622 369 1682 converti
391 1622 491 1680 feceri
514 1626 695 1695 peccatorem
727 1622 763 1679 ab
787 1620 950 1679 errorevic
1040 1633 1271 1706 ouanaeunque
1286 1632 1452 1703 siijusiiaa
1468 1632 1685 1703 numanauinii
1714 1638 1759 1691 est
1787 1633 1833 1690 ai-

126 1731 195 1785 sua,
212 1712 336 1772 salvabit
350 1712 481 1769 animam
504 1712 568 1781 ejus
583 1727 601 1767 a
615 1713 718 1766 morte.
965 1730 988 1795 B
1003 1723 1075 1779 vinae
1084 1722 1206 1793 justitiae
1219 1725 1396 1794 comparata,

160 1821 213 1886 Qui
229 1836 287 1876 non
311 1819 481 1884 manducat,
504 1817 732 1873 manducantem
755 1833 813 1873 non
824 1816 947 1888 Judicet.
1011 1828 1014 1833 '
1039 1810 1093 1876 Qui
1110 1810 1183 1867 casti
1199 1815 1386 1883 perseverant
1401 1815 1429 1867 et
1442 1810 1697 1886 virgines,angelis
1711 1811 1762 1868 Dei
1772 1811 1834 1868 elil·

160 1907 215 1976 Qui
233 1921 367 1973 suorum,
390 1909 419 1963 et
444 1902 570 1961 maxime
588 1904 826 1976 domesticorum,
847 1921 948 1962 curam
1005 1901 1123 1956 ciuntur
1137 1898 1275 1973 equales.

124 1997 296 2064 nonhabet,
311 1995 400 2052 iidem
417 1992 533 2067 negavit
548 2000 577 2050 et
590 1998 636 2050 est
649 1993 761 2050 infideli
776 1993 912 2051 deterior.
1038 1989 1223 2061 Quaecunque
1239 2004 1409 2047 mensuram
1423 1991 1576 2061 excedunt,
1592 1990 1737 2047 daemonia
1759 2005 1831 2064 sug·

159 2086 331 2158 Quicunque
346 2082 453 2157 spiritu
468 2082 519 2139 Dei
534 2089 674 2155 aguntur,
689 2082 719 2138 hi
733 2082 787 2138 iiiii
802 2085 871 2139 sunt
885 2082 947 2139 Dei.
1002 2082 1118 2151 gerunt.

159 2192 213 2261 Qui
223 2191 329 2247 viderit
339 2191 554 2247 iratremeuum
563 2188 946 2261 necessitatempatientem,
1039 2169 1225 2239 Quaeffl'ffllutl
1240 2165 1403 2239 spiritualis
1418 2167 1566 2239 sapienti&
1590 2166 1677 2225 Verbi
1706 2166 1830 2244 Sinum

124 2288 153 2340 et
166 2280 305 2339 clauserit
319 2280 431 2337 viscera
445 2295 500 2336 suu
524 2278 560 2336 ab
582 2294 626 2350 eo,
651 2278 798 2350 quomodo
820 2277 947 2334 charitas
999 2256 1054 2312 lili
1069 2255 1332 2328 Pmiulssfflnbhfflss
1345 2255 1410 2313 5⁶0⁰
1426 2256 1600 2331 dil1³⁰¹lente
1627 2261 1684 2314 ⁰0⁰
1712 2255 1828 2330 1)ΡοῙὲιω

122 2371 173 2429 poi
189 2373 289 2429 manet
307 2368 337 2424 in
351 2385 395 2425 00,
1001 2350 1082 2415 aunt,
1098 2350 1132 2402 ut
1146 2344 1305 2402 Christiani
1321 2362 1379 2402 non
1395 2344 1491 2403 solum
1507 2364 1524 2403 a
1539 2346 1666 2419 suis,sed
1683 2346 1773 2404 etiam
1788 2347 1826 2405 ab

157 2460 212 2524 Qui
226 2472 313 2531 parce
328 2457 464 2522 seminat,
480 2470 566 2529 parce
580 2458 610 2510 et
624 2458 722 2511 metet.
1001 2432 1104 2490 alienis
1117 2434 1341 2491 instruerentur·

160 2546 215 2614 Qui
230 2544 384 2619 gloriatur,
400 2544 430 2599 in
446 2542 568 2599 nomino
583 2541 733 2615 gimpae,
1036 2522 1183 2588 Quantum
1200 2523 1267 2595 quis
1283 2524 1312 2579 in
1329 2522 1497 2581 humilitate
1508 2527 1537 2581 et
1550 2524 1681 2582 castitate
1697 2524 1826 2599 proiece-

156 2636 343 2707 Quaecunque
357 2631 466 2704 scripta
479 2635 560 2702 sunt,
576 2631 612 2687 ad
636 2635 766 2688 nostram
781 2631 944 2690 doctrinam
999 2611 1047 2681 Γῆν
1062 2615 1180 2668 tantum
1197 2615 1252 2669 ⁰⁶0
1269 2613 1524 2685 “limpissluabst-

121 2725 231 2797 scripta
245 2727 324 2795 sunt,
340 2725 374 2778 ut
392 2736 444 2793 per
467 2720 637 2792 patientiam
662 2724 692 2777 et
716 2720 943 2780 consolationem
1033 2719 1146 2783 Quanto
1162 2734 1245 2774 mens
1261 2719 1294 2774 fit
1308 2719 1403 2776 divisa
1418 2721 1454 2776 ad
1470 2719 1563 2777 multa
1577 2736 1675 2794 opera,
1690 2722 1772 2780 tanto
1794 2721 1830 2779 tit

121 2813 339 2887 scripturarum
354 2825 436 2883 spem
451 2809 623 2867 habeamus.
998 2806 1094 2863 minor
1108 2807 1143 2863 ad
1159 2806 1286 2880 singula.

158 2902 241 2969 Quod
254 2900 309 2958 tibi
324 2915 382 2956 ncn
396 2898 440 2954 vis
455 2897 528 2969 lieri,
545 2897 594 2954 alii
608 2913 645 2955 ne
660 2899 773 2956 feceris.
1033 2895 1145 2961 Quanto
1159 2896 1253 2966 major
1268 2896 1390 2954 seientia
1401 2898 1560 2971 unicuique
1572 2899 1755 2970 datur,tanto
1765 2912 1827 2957 ma·

155 2991 210 3058 Qui
224 2990 349 3064 ignorat,
366 2985 559 3063 ignorabitur.
996 2983 1042 3055 gis
1055 2982 1162 3039 tentari
1178 2983 1369 3055 permittitur.

157 3079 329 3153 Quicunque
343 3075 501 3134 servaverit
512 3079 604 3132 totam
626 3076 730 3149 legem,
747 3077 875 3137 offendet
888 3095 979 3166 auc
1035 3072 1089 3138 Qui
1105 3089 1258 3145 nunquam
1272 3073 1375 3131 didicit
1389 3074 1522 3145 subesse,
1544 3075 1618 3132 nulli
1646 3079 1742 3147 potest
1768 3076 1826 3133 rite

120 3172 180 3226 tem
195 3167 225 3223 in
240 3183 309 3236 uno,
325 3167 420 3223 iactus
434 3169 479 3222 ast
493 3165 626 3221 omnium
642 3181 719 3222 reus.
998 3177 1134 3233 praeesse.

156 3258 269 3323 Quanto
285 3253 370 3311 altior
384 3254 504 3327 padus,
519 3257 600 3311 tanto
615 3254 788 3327 profundior
801 3272 898 3314 casus.
1032 3249 1108 3315 Quid
1123 3250 1269 3308 infelicius
1285 3268 1373 3324 quam
1384 3252 1686 3325 conspectaielicitate
1696 3252 1825 3311 aliorum

154 3359 255 3428 Qualis
269 3360 347 3433 apud
362 3359 533 3432 aequisque
548 3357 646 3430 latent,
669 3359 751 3418 illata
765 3361 943 3419 contumelia
997 3337 1100 3393 ⁸¹fl05?

117 3451 231 3525 limbat-
1031 3427 1106 3493 Quid
1122 3428 1240 3485 cuidam
1256 3430 1376 3501 prodest
1389 3430 1461 3488 loris
1476 3447 1541 3489 esse
1554 3431 1711 3503 Galacum
1727 3431 1823 3489 sitin·

153 3538 246 3604 Quem
258 3537 376 3596 leudam
394 3536 574 3595 merebimur
595 3537 632 3593 de
655 3536 764 3609 pallore
782 3539 900 3611 Jejunii,
916 3539 942 3596 si
996 3519 1045 3572 tus
1060 3515 1159 3572 Nm?

117 3627 229 3685 invidia
243 3643 348 3684 sumus
362 3625 452 3681 lividi.
1032 3605 1107 3672 Quid
1123 3605 1242 3677 prodest
1255 3605 1324 3664 ullis
1334 3607 1467 3664 incedere
1482 3609 1708 3667 investimentis
1722 3609 1824 3668 ovium

154 3714 228 3781 Quid
244 3713 361 3771 virtutis
376 3713 487 3770 hebent
499 3713 602 3770 vinum
618 3729 676 3770 non
700 3714 844 3788 bibentes,
857 3717 883 3773 si
898 3717 942 3774 ira
996 3694 1021 3750 ⁸5
1036 3693 1216 3751 mmmm
1227 3700 1331 3769 &filant
1345 3697 1433 3754 ⁰⁰ld⁸
1446 3695 1608 3771 luimum?

117 3808 206 3878 atque
220 3803 287 3861 odic
301 3800 508 3858 inebriantur?
1031 3801 1189 3873 Quousque
1203 3800 1317 3857 homini
1332 3819 1390 3860 non
1401 3803 1558 3876 displicent
1572 3804 1649 3862 mala
1663 3821 1680 3861 a
1694 3821 1725 3862 ee
1741 3805 1824 3862 iacta

153 3892 228 3958 Quid
243 3892 363 3966 prodest
372 3889 518 3946 attenuari
530 3905 636 3962 corpus
646 3890 834 3960 abstinentia,
845 3893 871 3949 si
880 3893 941 3950 ani·
995 3890 1164 3962 regnantia
1179 3906 1212 3947 eo
1227 3890 1308 3947 vitia.

116 3996 185 4040 mus
200 3980 381 4035 intumescat
395 3977 560 4049 superbiai
1029 3978 1365 4044 Quodomninonecesse
1380 3986 1427 4038 est
1447 3984 1519 4055 pati,
1534 3983 1679 4056 patienter
1693 3983 1819 4040 sustine.

151 4067 238 4133 Quasi
250 4067 281 4123 in
291 4064 441 4124 sacculum
454 4070 608 4139 pertusum
619 4083 666 4126 res
676 4084 745 4126 suas
756 4069 873 4142 ingerit,
889 4071 940 4143 qui
1030 4065 1112 4131 Quod
1122 4068 1589 4144 unusquisquenonexpertusest
1601 4072 1632 4128 in
1648 4071 1820 4146 semetipso,

115 4163 145 4214 et
155 4157 232 4213 hona
242 4154 341 4229 eliqua
351 4155 421 4229 agit,
432 4158 570 4214 ettamen
585 4156 667 4214 nulla
687 4157 837 4232 pravitatis
849 4158 939 4216 solite
994 4155 1113 4211 diisscile
1127 4155 1219 4213 credit
1233 4156 1269 4213 de
1284 4157 1351 4230 alio,

114 4245 214 4303 studia
225 4244 344 4302 deserit.
1029 4245 1105 4311 Quot
1120 4245 1216 4302 modis
1230 4245 1318 4303 homo
1334 4250 1429 4319 potest
1441 4247 1517 4304 male
1532 4264 1626 4322 agere,
1653 4252 1696 4305 tot
1723 4247 1821 4304 modis

149 4336 299 4400 Quantum
310 4332 422 4391 bonum
436 4333 544 4392 habeat
565 4333 687 4405 sanitas,
714 4336 843 4393 ostendit
856 4336 938 4393 inlir-
994 4332 1083 4391 etiam
1099 4337 1196 4406 potest
1210 4334 1285 4392 hene
1297 4351 1384 4408 agere
1396 4334 1565 4409 relinquens
1576 4336 1664 4394 mala.

114 4424 213 4482 mitae.
1029 4438 1097 4504 Qnae
1112 4441 1206 4497 iecere
1216 4443 1302 4514 turpe
1316 4445 1370 4510 est,
1387 4442 1475 4499 etiam
1490 4443 1587 4499 dicere
1602 4447 1688 4515 turpe
1700 4446 1756 4499 est.

130 4513 419 4617 'Quisquiajugiter
441 4516 549 4571 tractat
574 4517 608 4570 ut
629 4512 706 4570 bona
729 4514 936 4587 aliquaiaciat,
1027 4529 1094 4594 Qum
1111 4530 1197 4585 modo
1214 4529 1339 4601 quisque
1353 4529 1425 4603 103st
1439 4531 1510 4589 dum
1525 4548 1653 4604 prmus
1667 4531 1727 4586 vim
1757 4546 1820 4588 m„

113 4619 177 4661 sine
191 4606 408 4660 intermissione
422 4605 497 4658 orat.
1656 4616 1762 4690 [nebit’

148 4695 241 4759 Quam
258 4690 449 4748 metuendum
466 4690 505 4747 sit
519 4690 723 4747 obdurationis
737 4691 841 4747 divina
852 4692 937 4762 judi·
1082 4709 1138 4764 seu
1152 4707 1230 4763 hona
1244 4706 1304 4763 sive
1323 4707 1402 4764 mala
1417 4722 1532 4781 semper
1546 4703 1666 4761 habebit
1680 4721 1725 4761 aa.

112 4781 201 4852 cium,
216 4780 246 4879 in
266 4779 374 4836 Judais
396 4783 425 4836 et
454 4779 622 4837 infidelibus
645 4779 758 4852 jugiter
785 4780 937 4838 obduratis
1026 4794 1107 4859 Quod
1122 4795 1194 4852 gaiis
1209 4799 1263 4864 ege,
1279 4794 1326 4851 0111
1341 4796 1474 4869 mugit,
1489 4792 1562 4851 nihil
1577 4792 1705 4866 amplius
1726 4799 1819 4869 optgg

113 4871 353 4942 agncempoteflt·
1025 4882 1080 4949 Qui
1105 4883 1209 4939 dives?
1237 4883 1288 4955 qui
1317 4883 1358 4939 nii
1388 4883 1478 4957 cupit.
1507 4884 1542 4940 Et
1571 4883 1637 4955 quis
1675 4883 1820 4957 pauper?

148 4955 270 5023 Quando
284 4971 338 5013 nos
352 4971 487 5027 peccasse
499 4958 662 5029 querimus,
688 4974 705 5014 a
723 4957 847 5015 Domino
862 4958 935 5016 visi·
989 4988 1104 5028 avarus,

110 5048 219 5103 tamur.
1026 5059 1101 5124 Quid
1111 5058 1194 5116 stulti
1204 5060 1356 5133 proprium
1369 5060 1384 5116 t
1398 5077 1456 5117 non
1467 5066 1597 5134 posse,et
1610 5059 1684 5117 velle
1700 5074 1817 5118 nocere.

148 5133 269 5234 Quando
284 5148 338 5189 nus
362 5149 481 5207 peccare
506 5133 640 5205 delcetat,
664 5133 800 5192 diabolus
818 5152 868 5192 cor
882 5153 934 5193 πο·
1026 5146 1108 5212 Quod
1124 5147 1276 5219 prudentis
1291 5148 1393 5222 opust
1412 5166 1479 5206 cum
1495 5149 1599 5223 possit,
1611 5149 1687 5206 nolle
1700 5164 1818 5206 nocere.

111 5226 207 5280 etrum
222 5225 387 5295 impugnat.
1024 5238 1118 5303 Quam
1128 5251 1218 5310 prope
1228 5236 1268 5294 sit
1278 5235 1363 5294 littus
1375 5237 1406 5294 in
1421 5239 1518 5308 corde,
1530 5240 1620 5297 maris
1631 5237 1822 5294 laborintus.

147 5312 215 5377 ΟΜ
230 5310 357 5384 q⁰i⁸q¹¹⁰
368 5309 440 5368 velit
454 5315 572 5383 metem’
587 5310 670 5383 prius
681 5310 767 5368 deba
777 5312 932 5371 semim·
1023 5341 1077 5407 Qui
1092 5339 1221 5400 sibinen
1237 5343 1340 5417 parcit,
1356 5343 1430 5402 nulli
1444 5361 1561 5419 quoque
1576 5358 1696 5419 parcere
1719 5342 1819 5400 novit.

144 5416 201 5516 Qui
212 5431 243 5473 aa
252 5417 386 5475 meminit
393 5416 496 5476 illicita
506 5417 634 5492 plurima
641 5424 834 5492 perpetrasse,
848 5421 934 5481 debet
1023 5432 1116 5499 Quam
1131 5432 1305 5493 tenebrosus
1320 5449 1412 5506 amor,
1425 5452 1483 5510 quo
1498 5433 1573 5492 luci„
1583 5432 1745 5507 „permitur
1758 5432 1820 5491 Au.

110 5508 202 5565 etiam
215 5519 268 5579 pro
283 5505 456 5579 penitentia
469 5524 488 5567 a
501 5506 591 5568 licitis
605 5507 762 5586 abstinere.
986 5522 1067 5582 atari
