3892 6096
78 264 82 273 ¹
111 304 170 370 ere

114 439 151 498 Ni
166 435 275 514 pariter
289 437 402 498 cunetis
416 454 550 512 perversa
563 440 779 498 licere-reentur

49 550 59 573 ⁴
113 532 181 588 lam
198 530 303 587 merito
318 529 484 602 demusqui
498 529 570 586 talia
580 532 667 587 corda
682 535 827 587 tenemus.

117 620 179 680 lmo
194 618 258 675 dies
272 618 399 687 venient,
417 619 440 675 si
458 636 515 675 uon
526 637 690 692 purgamur
703 620 733 675 in
749 620 824 689 istis,

116 708 255 776 Quamvis
270 724 349 764 nunc
364 708 442 764 risus
457 724 512 764 nos
527 713 648 781 occupet
663 709 886 780 immoderatus,

115 798 189 855 Cum
205 794 289 853 dolor
305 802 432 853 aeternus
447 797 648 853 circumvallat
664 799 846 853 cruciandos.

116 886 191 955 Quid
206 885 273 959 plus
287 886 396 943 Judaeis
412 887 528 960 agimus
544 888 618 943 bone
634 887 676 942 vel
692 887 857 957 Pharisaeis,

117 979 197 1045 Quos
212 975 286 1032 ioris
302 975 415 1032 albatos
430 975 567 1050 legimus,
581 976 629 1032 sed
644 980 760 1048 pectore
773 975 889 1032 foedos‘?

118 1066 194 1122 Dum
209 1068 325 1122 tentum
340 1065 442 1138 lingua
456 1064 592 1121 volumus
608 1064 752 1137 complere
772 1069 881 1120 statuta

118 1154 157 1212 Ut
169 1154 242 1210 mihi
258 1155 451 1221 lertauimus‚
468 1154 591 1227 pejores,
607 1154 684 1211 heul
701 1170 804 1210 sumus
820 1152 888 1209 illis.

118 1244 243 1300 Maxime
259 1243 284 1300 si
300 1245 463 1317 quidquam
479 1247 583 1316 praeter
597 1243 703 1317 legalia
717 1243 836 1309 scirent,

119 1332 154 1390 lli
170 1333 293 1389 fortasse
309 1332 407 1388 minus
420 1336 481 1389 tam
494 1332 578 1389 triste
594 1332 675 1388 netas
692 1334 893 1404 sequerentur.

119 1425 156 1478 at
170 1439 223 1478 nas
238 1422 268 1477 iu
283 1421 367 1477 libris
382 1438 440 1477 non
456 1421 553 1478 solum
569 1422 679 1478 crimen
695 1437 808 1488 eorum,

119 1511 175 1568 Sed
193 1527 309 1584 quoque
324 1509 484 1567 multorum
500 1516 651 1568 cernentes
665 1516 748 1585 gestu
773 1509 908 1576 aliorum,

120 1600 259 1668 Quadam
275 1600 432 1674 compisita
447 1618 500 1674 pro
510 1601 640 1657 vindicta
654 1599 855 1672 reproborum,

120 1689 175 1746 Pro
189 1688 289 1747 bravio
303 1690 438 1760 quedam
454 1689 599 1762 sperando
616 1688 696 1744 dicta
710 1687 838 1760 piorum,

619 307 791 371 Ol'HLONl
814 303 991 371 uoulcal
1014 302 1047 368 S.
1070 301 1317 367 EMMERAMMI

951 440 979 508 Α
993 438 1047 503 Qui
1062 454 1151 495 seusu
1167 454 1255 510 pravo
1268 434 1421 493 dialectica
1435 432 1523 491 verba
1537 433 1718 508 frequentas,

1759 296 1822 366 276

994 527 1046 583 Vel
1062 543 1253 599 quoscunque
1267 526 1358 582 libros
1373 524 1470 581 studio
1486 524 1590 581 mundi
1605 524 1748 597 pretiosos

995 615 1127 673 Attendis
1142 620 1256 672 tantum
1269 616 1339 688 quid
1355 615 1410 670 sub
1425 619 1453 670 te
1468 614 1507 669 eit
1522 614 1717 687 moderatum,

997 706 1071 771 Quot
1086 704 1210 777 speciale
1225 705 1314 760 decus
1329 702 1457 759 hominis
1469 703 1635 759 substantia
1656 707 1764 776 gestet,

996 795 1087 866 Cujus
1103 794 1220 849 lectura
1236 793 1351 849 collatio
1364 793 1403 848 sit
1417 792 1514 848 minor
1528 793 1565 848 ud
1581 796 1609 848 te
1623 811 1631 861 3

996 887 1133 957 Magnum
1149 884 1256 955 quippe
1270 882 1324 937 tibi
1338 882 1432 938 brutis
1447 888 1585 955 praeetare
1598 882 1714 940 videtur

996 973 1032 1028 lit
1046 971 1168 1044 reliquis
1181 972 1280 1040 rebus,
1295 989 1359 1043 que
1374 972 1540 1027 consistunt
1550 970 1613 1028 sine
1628 988 1730 1044 sensu,

997 1062 1060 1118 Non
1075 1062 1147 1117 utin
1161 1061 1207 1118 his
1219 1078 1332 1132 quaeres
1347 1077 1398 1116 cur
1413 1061 1452 1116 sit
1466 1060 1606 1118 distantia
1619 1061 1687 1119 talis

998 1152 1135 1207 luterens
1149 1154 1178 1206 et
1192 1155 1230 1220 te,
1247 1150 1272 1206 si
1286 1153 1401 1205 tautum
1417 1150 1458 1205 sis
1484 1150 1580 1206 minor
1603 1149 1676 1219 ullo,

997 1240 1051 1296 Sed
1069 1256 1126 1310 quo
1143 1238 1279 1295 sublimis
1296 1240 1371 1294 Deus
1387 1240 1415 1294 iu
1432 1239 1528 1295 medio
1543 1238 1669 1296 videaris

999 1333 1093 1400 Atque
1106 1345 1157 1400 per
1171 1327 1226 1384 hoc
1236 1327 1333 1384 valeas
1347 1332 1428 1384 tanto
1444 1329 1575 1384 securior
1588 1343 1664 1400 esse,

1000 1417 1113 1473 Illicitis
1128 1417 1216 1472 rebus
1231 1420 1370 1489 tantoque
1386 1415 1522 1473 licentius
1538 1419 1581 1474 uti

1000 1510 1113 1573 Quanto
1128 1505 1270 1578 praecellis
1285 1506 1345 1562 hac
1359 1505 1458 1562 omnia
1473 1505 1501 1562 vi
1517 1507 1640 1563 rationis

1001 1596 1065 1652 Haec
1080 1599 1126 1651 est
1138 1611 1267 1667 namquo
1282 1598 1337 1650 tue
1352 1594 1498 1651 conflictio
1513 1594 1714 1669 philosophie.

1001 1686 1023 1742 Ο
1038 1684 1121 1740 labor
1133 1684 1189 1740 heu
1205 1682 1312 1756 qualis,
1329 1700 1416 1756 quem
1428 1684 1483 1739 lert
1497 1683 1620 1742 intentio
1635 1683 1722 1743 talisi

121 1777 201 1834 Scire
216 1776 335 1849 quidem
351 1781 502 1834 transacta
515 1776 594 1833 velut
608 1776 764 1849 presentia
778 1775 910 1848 quimus,
961 1813 986 1877 B
1002 1777 1094 1842 Quam
1108 1774 1282 1830 tenebrosus
1297 1790 1390 1845 amor,
1417 1789 1474 1846 quo
1493 1772 1568 1830 lucis
1592 1774 1743 1847 spernitur
1761 1778 1826 1834 Au·

121 1865 180 1922 Nec
194 1870 293 1922 tamen
305 1881 322 1921 a
335 1865 456 1938 paribus
469 1865 548 1921 vitiis
564 1881 679 1922 cessare
693 1865 843 1921 timemus.

122 1957 182 2010 llos
196 1970 391 2023 exsecramur,
408 1955 486 2026 quod
502 1959 563 2011 tam
575 1970 712 2026 perversa
724 1953 893 2020 studebant,

121 2041 185 2098 Non
201 2043 387 2100 attendentes
395 2043 464 2116 quia
479 2060 532 2100 nos
547 2043 625 2099 idem
640 2046 719 2099 tenet
734 2058 824 2111 error,

121 2130 177 2197 Qui
190 2137 334 2205 precepta
348 2133 398 2189 Dei
410 2132 497 2190 labiis
511 2136 626 2189 tautum
642 2148 823 2189 veneramur.

122 2220 180 2295 Ipsi
193 2238 299 2295 nempe
313 2222 417 2294 licum,
434 2226 576 2295 tauquam
593 2237 657 2290 nos,
674 2237 723 2277 ore
738 2219 872 2277 colebeut

119 2311 286 2369 Attestante
299 2311 358 2368 Deo
373 2327 425 2384 per
439 2312 522 2368 Isaie
538 2311 617 2367 dicto
632 2309 788 2384 prophete.

121 2398 190 2465 Oua
205 2399 316 2472 paritor
330 2400 466 2457 Christus
481 2400 589 2456 tudaeis
604 2403 705 2471 postea
726 2398 798 2454 dicit
814 2416 821 2453 ε

122 2487 189 2545 Hac
203 2486 287 2559 plebs
303 2502 350 2544 me
366 2486 453 2544 labiis
465 2488 533 2544 colit
549 2492 577 2543 et
591 2487 677 2544 corde
692 2491 737 2544 est
751 2485 852 2560 procul
864 2502 946 2542 ame.

122 2577 205 2649 Saepe
218 2575 337 2648 quidem
352 2575 502 2648 loquimur
517 2577 552 2632 de
568 2575 732 2649 cognitione
744 2591 873 2648 superna

123 2664 159 2721 ut
173 2680 241 2720 cum
257 2665 423 2738 magnificis
438 2665 627 2738 perhibemus
642 2664 742 2721 coelice
756 2663 861 2735 verbis,

123 2753 258 2809 Pondere
272 2758 415 2826 ponentes
435 2754 534 2827 gravia
549 2754 577 2809 iu
593 2753 732 2810 humeros
747 2751 883 2819 aliorum,

123 2843 192 2910 Qua
207 2858 261 2899 nec
275 2858 343 2898 cum
358 2841 450 2916 digito
464 2842 600 2899 volumus
615 2842 783 2915 contingere
793 2845 894 2897 uestro

123 2935 180 2988 Ceu
196 2930 320 2988 Domino
335 2948 406 2988 cura
420 2948 479 2988 non
495 2931 534 2988 sit
544 2949 596 3004 pro
611 2931 721 2987 talibus
737 2930 798 2987 ulle

123 3021 162 3077 Ac
174 3037 229 3077 uos
249 3024 403 3093 peccantes
418 3020 505 3077 solitu
519 3037 577 3078 non
593 3025 697 3094 arguat
716 3020 769 3076 ira.

126 3109 214 3182 liligit
228 3125 296 3182 ergo
311 3109 420 3181 locum,
438 3125 496 3182 quo
511 3109 691 3165 conveniatis
706 3109 736 3164 in
752 3125 845 3165 uuum

1001 1954 1072 2009 llcce
1088 1956 1173 2008 tuum
1185 1951 1316 2008 studium
1330 1968 1428 2009 coram
1438 1956 1466 2008 te
1481 1956 1540 2010 stet
1555 1865 1788 2021 recitatuuiitorl

1000 2043 1040 2097 Ac
1053 2042 1138 2112 cujus
1152 2057 1242 2097 cause
1255 2040 1368 2099 moliris
1383 2042 1495 2098 discere
1506 2042 1608 2109 muita,

1001 2131 1092 2196 Quam
1108 2130 1208 2187 minus
1220 2131 1337 2204 agnosci
1355 2133 1484 2187 tractans
1500 2131 1625 2188 sortasse
1636 2131 1769 2204 putasti:

1000 2219 1109 2276 Verum
1125 2220 1172 2275 lur
1186 2222 1288 2292 captus
1304 2224 1332 2276 et
1346 2219 1419 2293 legis
1435 2236 1515 2276 more
1530 2224 1648 2277 coactus

1001 2309 1124 2365 Prodere
1133 2309 1242 2382 quippe
1255 2309 1332 2366 valet
1347 2309 1418 2366 furti
1432 2310 1538 2380 socios,
1551 2310 1602 2366 sed
1617 2314 1646 2366 et
1659 2311 1764 2381 artem,

1000 2401 1058 2454 Nec
1073 2399 1217 2471 cujusque
1233 2397 1290 2454 doli
1307 2397 1374 2471 plus
1389 2399 1547 2472 quisquam
1563 2399 1674 2456 noverit
1684 2416 1759 2456 usus

1001 2486 1093 2550 Quam
1108 2486 1159 2559 qui
1174 2502 1225 2559 per
1240 2486 1346 2544 similis
1358 2487 1510 2545 machinas
1521 2487 1745 2561 interluitsrtis,

1001 2575 1140 2641 Quamvis
1155 2576 1190 2631 ad
1207 2593 1303 2633 mores
1318 2582 1504 2634 convertatur
1519 2577 1666 2636 meliores.

1002 2665 1082 2737 Sepe
1096 2665 1184 2721 etiam
1199 2665 1315 2735 vitium,
1333 2667 1409 2738 quod
1425 2683 1482 2723 uon
1496 2668 1689 2741 cognovimus
1704 2671 1772 2726 actu

1001 2754 1126 2810 Alterius
1143 2753 1229 2810 dictis
1243 2759 1295 2810 aut
1309 2754 1442 2812 moribus
1457 2756 1651 2830 experiemur.

1002 2839 1049 2896 Sic
1064 2841 1113 2913 qui
1126 2842 1281 2898 mundane
1297 2843 1428 2901 recolens
1442 2845 1581 2917 figmenta
1596 2847 1705 2919 sophiae

1001 2933 1068 2985 llaec
1080 2946 1146 2986 mea
1156 2930 1233 2986 dicta
1243 2930 1326 3004 legis,
1342 2936 1448 2990 testata
1462 2937 1518 2989 tue
1535 2934 1622 2992 decus
1637 2935 1719 3004 artis,

1001 3017 1102 3075 Iudice
1117 3021 1156 3089 tc,
1172 3022 1264 3076 testor
1278 3021 1348 3094 quia
1363 3039 1409 3078 me
1424 3027 1493 3080 tuus
1508 3024 1586 3081 haud
1600 3023 1671 3081 latet
1687 3041 1781 3093 error,

1003 3107 1060 3163 Seu
1072 3106 1224 3164 recolendo
1240 3108 1337 3181 ipsum
1353 3110 1397 3167 vel
1413 3113 1614 3185 cognoscendo
1630 3112 1760 3181 aliunde,
1804 3189 1811 3199 ,

122 3199 181 3254 Vos
197 3197 305 3270 quibus
320 3201 366 3257 eet
379 3198 505 3269 licitum,
521 3214 646 3255 necnon
663 3214 801 3255 concessa
819 3187 984 3270 potestaeG
1003 3195 1094 3253 ltlulta
1108 3195 1174 3252 licet
1188 3197 1308 3269 referas,
1325 3216 1361 3255 ne
1376 3216 1434 3272 quo
1449 3202 1551 3259 tendas
1567 3202 1710 3266 videatur,

122 3286 183 3344 Sub
199 3286 339 3358 pastorali
354 3303 426 3343 cura
439 3291 606 3344 convertere
622 3287 778 3357 mundum,

123 3375 162 3433 Ut
176 3391 244 3432 cum
256 3375 296 3433 sit
313 3379 432 3450 tempus
446 3376 546 3448 venire,
562 3392 659 3433 mores
674 3390 859 3445 renovemus,

124 3468 165 3521 Ae
180 3463 258 3521 sicut
272 3480 325 3538 per
339 3481 393 3522 nos
408 3464 537 3537 primum
549 3463 704 3538 frigescere
719 3464 817 3538 coepit,

123 3552 173 3610 Sic
188 3569 267 3610 uuue
282 3570 299 3610 a
314 3553 399 3610 nobie
413 3553 571 3610 recalescat
585 3569 668 3609 amor
680 3552 814 3626 pietatis;

109 3641 200 3717 ¹Nam
214 3641 311 3698 varios
327 3657 426 3709 casus,
442 3658 516 3713 quos
532 3641 640 3713 perfert
654 3641 701 3697 hic
711 3642 797 3697 modo
808 3643 948 3715 muudus,

125 3729 303 3787 Arbitrorex
318 3729 426 3787 uostris
441 3745 563 3802 prorsus
577 3729 745 3803 contingere
760 3729 864 3803 culpis.

125 3818 173 3876 Sic
187 3818 278 3893 igitur
291 3822 372 3876 totus
386 3818 585 3890 corrumpitur
598 3818 727 3891 undique
742 3819 881 3888 muudus,

125 3906 198 3964 (lum
213 3905 283 3964 cleri
298 3906 428 3964 cilicium
442 3909 572 3963 sectatur
586 3923 660 3981 opus
674 3906 816 3965 laicorum

124 3996 161 4050 ut
175 3993 285 4068 pariter
295 3992 361 4050 laici
377 3997 549 4051 statuuntur
562 3994 592 4051 iu
608 3996 710 4053 ordine
727 3996 807 4054 cleri.

126 4082 183 4139 Sed
196 4081 299 4156 dispar
312 4080 398 4155 longe
411 4087 564 4154 peccatum
581 4087 695 4142 constat
711 4088 881 4159 utrumque.

126 4168 260 4243 Denique
274 4170 342 4244 plus
361 4176 494 4246 peccaut,
519 4172 571 4244 qui
595 4171 681 4245 plura
704 4174 823 4232 sciendo
845 4176 950 4247 proba·

817 4265 914 4336 [bant;

10 4384 16 4389 -
126 4345 239 4422 Cuique
260 4348 348 4406 datur
366 4347 506 4423 multum,
528 4356 676 4424 queretur
694 4351 732 4408 ab
756 4353 811 4409 hoc
834 4371 950 4428 quoque

775 4458 803 4496 m
905 4486 912 4500 .

125 4525 180 4594 Qui
194 4542 289 4603 genus
303 4531 332 4586 et
345 4528 486 4602 speciem,
502 4529 667 4603 proprium,
686 4441 949 4589 comtisuiiiudlice·
964 4552 988 4618 D
1004 4537 1097 4601 Quem
1111 4540 1142 4591 tu
1156 4536 1282 4594 carnalis
1297 4538 1428 4612 appellas
1441 4540 1671 4616 philosophiam,

849 4620 911 4693 [ris,

127 4708 146 4763 l
161 4706 298 4766 rationali
312 4707 363 4781 qui
380 4707 439 4766 acts
451 4707 568 4781 differre
580 4709 707 4766 animale

124 4795 166 4852 lla
181 4796 334 4869 adjectivo,
347 4796 398 4869 qui
413 4813 531 4855 summa
545 4813 632 4855 nosse
646 4798 773 4870 laboras,

126 4882 201 4952 Quo,
217 4899 297 4957 rogo,
314 4885 458 4941 subvertit
471 4890 499 4943 te
512 4890 595 4943 tanta
608 4888 713 4961 cupido
729 4888 849 4960 sciendi,

127 4971 170 5029 Ne
182 4971 273 5030 simul
288 4973 423 5030 attendas
437 4973 497 5031 hec
511 4979 601 5032 temet
613 4983 719 5035 cuncta
735 4994 853 5034 monere

127 5064 278 5131 Quatenus
292 5078 436 5137 agnosces
448 5063 519 5137 quid
536 5064 574 5120 sit
584 5065 661 5121 Deus
671 5070 699 5122 ct
709 5067 779 5140 quid
788 5067 948 5125 homullus.

126 5150 278 5209 Numlibet
291 5152 327 5209 ad
343 5151 456 5224 lapides
470 5152 515 5210 vel
531 5154 566 5210 ad
583 5153 643 5210 ulla
657 5155 797 5212 animalia
810 5158 887 5214 satur

124 5240 162 5297 Ut
177 5240 284 5300 collata
293 5241 347 5299 tibi
362 5245 509 5300 testantur
523 5246 550 5299 te
564 5245 785 5300 venerandum?

123 5330 164 5386 l¹e
178 5330 273 5404 magis
288 5331 449 5405 alloquitur
463 5331 606 5405 quidquid
623 5332 732 5388 mundo
748 5334 899 5407 retinetur,

122 5419 174 5475 Cui
190 5424 374 5478 suntcunctu
389 5421 476 5479 etiarn
494 5421 627 5478 mirando
642 5422 760 5479 subdita
774 5428 847 5480 nutu

123 5508 160 5567 Ut
176 5507 273 5566 studio
289 5509 378 5566 simili
394 5510 437 5569 sis
451 5510 588 5568 subditus
603 5511 665 5584 ipse
680 5511 784 5568 datori.

120 5598 174 5660 Vis
189 5611 287 5658 autem
303 5597 360 5657 dici
377 5615 435 5673 quo
451 5616 535 5658 mens
550 5603 601 5658 tua
615 5600 822 5674 precipitetur,

1004 3286 1084 3353 Quod
1101 3285 1226 3343 simules
1241 3287 1343 3356 scitur,
1360 3306 1418 3362 quo
1433 3291 1530 3348 tendis
1545 3294 1575 3348 et
1587 3291 1616 3348 id
1630 3291 1773 3368 sapietur.

1002 3373 1060 3431 Nec
1075 3374 1158 3432 labor
1172 3375 1220 3432 hic
1235 3393 1361 3450 maguus
1375 3394 1441 3435 vere
1452 3380 1485 3435 ut
1499 3379 1692 3455 simplicitati,

1003 3463 1040 3520 Ut
1055 3463 1260 3522 circumducta
1275 3466 1386 3524 variam
1402 3469 1573 3543 paradigma
1587 3468 1722 3544 loquele,

1004 3553 1036 3608 ln
1054 3570 1112 3626 qua
1123 3569 1191 3628 spes
1206 3555 1303 3613 omnis
1318 3558 1473 3615 mundane
1489 3559 1609 3633 ponitur
1627 3561 1700 3618 artie

1003 3641 1075 3698 Cum
1091 3643 1212 3700 detlerre
1228 3644 1307 3718 loqui
1319 3646 1456 3704 facundia
1470 3664 1589 3707 summa
1600 3653 1732 3722 putatur,

1004 3730 1110 3787 Mentis
1125 3734 1279 3806 perspicua
1288 3736 1381 3807 possit
1395 3737 1566 3810 dignoscere
1580 3736 1655 3797 luce.

1003 3822 1058 3878 Sed
1074 3822 1124 3895 qui
1136 3824 1291 3881 verborum
1307 3826 1443 3884 conflictu
1457 3827 1551 3885 credis
1566 3826 1597 3884 iu
1612 3826 1695 3886 ullo?

1004 3909 1085 3968 Certe
1099 3928 1152 3985 per
1165 3913 1297 3986 proprios
1312 3915 1399 3972 citius
1414 3916 1598 3991 cognosceris
1610 3920 1706 3991 aetus,

1004 4001 1143 4067 Quemvis
1152 4007 1196 4059 tot
1210 4002 1328 4076 linguas
1337 4022 1440 4078 posses
1455 4006 1579 4065 retinere
1592 4011 1666 4081 quot
1683 4011 1768 4073 artus
1784 4026 1792 4066 ι

1005 4090 1159 4147 Fructibus
1171 4108 1239 4165 ergo
1252 4093 1314 4149 suis
1325 4096 1411 4152 arbor
1426 4097 1613 4169 cognoscitur
1627 4098 1739 4169 omnis,

1003 4176 1066 4234 Non
1081 4179 1226 4236 miramur
1241 4180 1319 4238 enim
1336 4182 1371 4239 de
1384 4189 1503 4241 versuta
1518 4184 1640 4243 ratione.

1004 4266 1075 4331 Quia
1089 4266 1184 4325 ullum
1200 4269 1310 4327 crimen
1324 4273 1430 4345 poterit
1444 4273 1492 4332 vix
1505 4273 1579 4332 terre
1595 4276 1776 4349 stuporem?

1003 4353 1148 4430 Namque
1163 4374 1323 4432 cognoscas
1339 4377 1393 4418 uos
1409 4363 1527 4436 ignaros
1541 4362 1641 4421 mirus
1651 4379 1729 4437 esee,

1003 4451 1045 4500 Ac
1060 4463 1117 4503 nou
1134 4448 1235 4504 mirari
1250 4465 1314 4521 que
1329 4449 1367 4506 sit
1381 4453 1510 4509 versutia
1525 4453 1640 4525 muudi,

1003 4624 1044 4679 En
1062 4625 1165 4681 mundi
1180 4625 1384 4699 propriumest
1394 4628 1542 4702 duplicem
1552 4647 1673 4689 sensum
1684 4631 1823 4691 retinere:

1006 4713 1102 4769 Unum
1117 4730 1185 4772 voce
1201 4716 1288 4781 ieras,
1304 4715 1394 4774 alium
1407 4718 1463 4775 sub
1478 4724 1595 4792 pectore
1608 4718 1730 4791 volves;

1006 4802 1124 4875 Optima
1137 4820 1205 4861 voce
1220 4805 1350 4877 quidem,
1367 4808 1418 4863 sed
1433 4813 1547 4880 pectore
1561 4808 1808 4882 parsimoniam

1006 4896 1061 4948 Pro
1076 4893 1205 4950 bonitate
1221 4893 1343 4966 mulum,
1363 4913 1496 4969 provere
1512 4897 1634 4957 reddero
1647 4898 1777 4970 falsum

1006 4980 1196 5038 Dissimulare
1211 4984 1288 5054 quod
1304 5000 1347 5050 es,
1363 4985 1415 5042 sed
1430 4986 1507 5059 quod
1520 5003 1578 5044 neu
1589 5004 1621 5045 ee
1632 4986 1795 5058 simulam

1004 5071 1039 5126 ut
1054 5071 1248 5144 quodcunque
1263 5089 1347 5146 geras
1364 5074 1505 5132 stolidum
1523 5080 1549 5134 te
1564 5075 1642 5134 nolle
1654 5078 1760 5138 videri.

1003 5160 1069 5216 lam
1082 5160 1194 5232 prolata
1210 5161 1261 5218 tihi
1278 5163 1401 5220 breviter
1418 5164 1561 5237 sapientia
1575 5165 1702 5226 muudit

1003 5250 1032 5306 Si
1048 5249 1153 5322 placet,
1170 5256 1231 5308 esto
1247 5270 1356 5324 comes,
1370 5255 1542 5328 sinautem,
1558 5255 1659 5330 linque
1673 5259 1831 5331 quodhur

1733 5364 1781 5409 rea

1003 5429 1085 5484 liber
1101 5430 1198 5487 adhuc
1209 5436 1305 5488 exstas
1320 5449 1378 5503 quo
1393 5433 1437 5488 vis
1452 5437 1503 5490 tua
1519 5438 1584 5491 vota
1599 5348 1749 5495 remittai.
1781 5390 1792 5421 ³

1001 5518 1056 5574 Sed
1073 5518 1097 5574 si
1113 5521 1273 5578 contendas
1289 5522 1438 5580 terrestris
1453 5522 1564 5581 discere
1581 5528 1705 5599 tautum,

1000 5605 1036 5663 Ut
1050 5606 1103 5663 tibi
1120 5609 1175 5665 sub
1190 5608 1261 5668 coelo
1276 5610 1371 5669 valeat
1383 5628 1504 5688 compar
1518 5612 1578 5671 tore
1593 5629 1691 5688 nemo,
