3884 6090
191 257 252 319 tte
695 243 867 308 ovflaottt
889 240 1069 306 MONACHI
1090 241 1124 304 S.
1146 238 1394 305 llltlblllllbldllll
1837 242 1900 304 m

193 392 255 463 pta,
268 386 327 443 Dee
338 381 448 459 gratias
458 395 548 453 agens
558 377 694 450 surrexit,
706 382 736 434 et
746 381 847 451 pastea
857 375 1015 434 incolumis
1029 377 1057 444 Α
1071 376 1205 449 sequenti
1230 392 1316 433 mane
1341 375 1461 431 funeras
1482 372 1621 446 exequias
1643 376 1782 446 parantes
1804 390 1899 448 cmpo-

193 472 365 551 permansit.
379 467 592 527 Adbacetiam
610 467 635 523 si
651 467 935 536 retexerevolumus‚
952 465 1016 537 qui·
1070 471 1140 522 runt
1155 465 1265 521 anxiari
1289 466 1365 521 unde
1390 468 1509 537 possent
1536 463 1706 536 episcopum
1730 464 1898 538 acquirere.

193 568 250 623 bus
264 578 385 619 manum
396 576 447 632 pro
458 557 661 614 benedictione
676 557 827 629 imposuit,
838 561 867 612 et
882 561 1015 628 quotgu·
1070 556 1183 611 interea
1207 556 1287 611 venit
1310 556 1366 627 (88)
1384 553 1557 610 Juvarensis
1586 552 1692 625 praesul
1719 554 1897 612 venerabilis
1919 574 1926 585 ·

193 660 270 711 stato
281 668 356 725 pane
366 665 455 722 quem
467 646 615 703 benedixit
624 646 660 701 ad
673 646 844 701 infirmitate
854 645 1016 701 liberaban-
1070 645 1237 701 llartwicus
1252 650 1281 701 et
1295 644 1381 700 Aribo
1397 660 1495 700 comes
1510 642 1642 715 quidam,
1657 644 1719 701 viro
1743 643 1795 700 Dei
1817 644 1898 701 inter

191 749 250 808 tur,
266 741 420 797 taediosum
436 737 559 794 forsitan
576 736 676 791 lectori
691 735 845 790 videbitur.
863 734 943 790 Unde
968 733 1015 788 bis
1070 733 1161 790 laicos
1169 734 1416 790 carissimusttos
1427 749 1545 805 quoque
1555 732 1605 788 illo
1615 734 1898 799 adventuros,uocto

186 830 361 895 omissis‚ud
372 826 602 900 ejustransitum
614 824 1012 897 properernussoribendum.
1072 823 1216 895 praeterita
1230 821 1404 878 venerabilis
1424 821 1530 895 praesul
1546 821 1740 895 Wolllrangus
1755 823 1896 893 innotuit,

222 922 268 977 38.
286 919 349 993 (Aa.
365 917 429 987 stt)
446 915 537 987 lgitur
553 915 609 986 (83)
637 919 704 986 post
728 914 821 970 multa
846 912 962 986 pietatis
986 916 1015 967 et
1069 917 1135 983 post
1151 911 1364 983 longasilentia
1377 915 1406 966 et
1417 910 1547 982 corporis
1559 909 1722 966 molestiam
1735 910 1897 969 relaxatam

186 1009 332 1083 aequitatis
348 1023 445 1079 epora,
462 1005 570 1076 quibus
588 1006 644 1059 Dee
664 1002 772 1059 servire
787 1003 923 1059 studebat
946 1000 1012 1073 qui·
1068 1000 1104 1055 ad
1118 1004 1265 1056 asstantes
1277 1000 1375 1056 subito
1388 999 1507 1055 dicens:
1524 1000 1653 1056 ffrrnrtatc
1665 999 1786 1066 domam,
1796 1008 1897 1073 parate

187 1101 302 1172 busque
325 1094 477 1153 ecelesiam
502 1094 557 1149 sibi
584 1091 772 1148 commissam
794 1091 921 1163 regebat,
938 1106 1015 1163 sape
1067 1088 1225 1161 hospitium,
1241 1090 1307 1160 qaia
1321 1088 1403 1144 bodie
1425 1088 1460 1143 ed
1482 1104 1530 1144 aas
1552 1089 1661 1144 venirat
1683 1088 1801 1161 hospites
1817 1089 1894 1147 boni.

187 1186 357 1244 nominatus
369 1180 748 1256 saepiusquencminandus
759 1180 934 1236 venerabilis
945 1196 1014 1252 pras·
1067 1179 1100 1234 Et
1126 1186 1157 1233 at
1183 1177 1314 1248 arcanas,
1344 1179 1409 1250 qaia
1436 1193 1528 1233 acram
1557 1176 1632 1249 dico,
1663 1177 1712 1234 lroc
1736 1179 1790 1234 crit
1817 1178 1895 1235 vobis

187 1278 234 1334 sul
244 1275 526 1346 Woltlrangus,cum
541 1269 707 1342 Ratisponae
718 1268 1012 1340 constitutus,rerum
1066 1269 1198 1337 siquam:
1210 1269 1290 1323 reneis
1301 1268 1331 1323 ia
1341 1283 1396 1338 qua
1404 1268 1566 1338 ferebantur
1575 1266 1648 1322 bona
1656 1264 1753 1323 domm
1761 1268 1896 1325 llartwtcr'

188 1364 360 1423 necessitate
371 1365 517 1435 poscente,
532 1360 560 1414 in
573 1358 745 1415 orientalem
757 1358 903 1431 pagoariae
918 1358 1012 1429 regio·
1067 1358 1266 1428 archicpiscopi
1278 1360 1305 1412 et
1317 1356 1447 1412 frisonis
1462 1357 1579 1428 perfecti
1596 1357 1778 1427 naufragium
1792 1356 1821 1412 ia
1836 1358 1893 1414 Dc·

188 1472 255 1511 nem
271 1454 325 1509 iter
339 1467 427 1508 suum
442 1449 612 1514 destinaret,
629 1446 793 1503 febricitare
808 1446 903 1519 coepit.
919 1449 1012 1510 ernm
1065 1447 1150 1502 aratio
1163 1461 1291 1518 perpesso
1303 1451 1365 1509 cst:
1386 1445 1432 1501 sed
1445 1462 1493 1517 par
1507 1444 1728 1501 miscricordiam
1741 1447 1791 1503 Dei
1805 1445 1897 1503 tomi·

186 1541 316 1615 corporis
332 1538 497 1597 molestiam
521 1538 565 1592 vir
587 1536 636 1592 Dei
661 1554 719 1592 nen
745 1535 841 1593 solum
862 1535 969 1609 vigiliis
983 1538 1012 1591 et
1066 1550 1113 1590 nes
1127 1536 1199 1590 satri
1212 1536 1281 1606 facti
1294 1542 1367 1603 sant,
1381 1542 1407 1591 ct
1420 1534 1503 1591 iidem
1518 1534 1625 1591 domini
1637 1550 1702 1591 mox
1714 1539 1775 1607 post
1790 1535 1895 1592 obitam

186 1630 379 1696 orationibus,
395 1628 446 1684 sed
472 1627 561 1683 etiam
586 1625 756 1682 clemosinis
771 1623 856 1697 quasi
872 1623 1011 1696 prescius
1066 1640 1159 1679 racana
1172 1623 1381 1680 lracralrcntari
1391 1628 1482 1679 crant.
1495 1624 1675 1696 Factumque
1685 1630 1730 1680 est
1740 1624 1801 1693 ita;
1817 1629 1848 1681 et
1859 1624 1896 1681 ab

186 1722 353 1777 futurorum
371 1717 560 1791 praeveniens,
575 1718 670 1769 totum
694 1714 771 1785 quod
793 1713 901 1769 habere
916 1713 1011 1785 potuit
1025 1749 1049 1814 B
1065 1712 1175 1769 eisdem
1187 1712 1409 1768 advenientibus
1425 1729 1484 1768 una
1494 1729 1562 1768 cum
1577 1713 1684 1785 populo
1695 1712 1828 1769 fidelium
1843 1729 1893 1770 co·

187 1828 239 1884 per
260 1825 366 1865 manus
396 1821 556 1878 pauperum
589 1805 617 1858 in
642 1801 880 1876 gazophylatium
902 1802 1010 1857 Christi
1065 1802 1147 1874 picso
1162 1818 1268 1873 corpas
1290 1801 1367 1857 beati
1382 1800 1551 1875 Woltkangi
1567 1806 1750 1876 susceptum,
1766 1801 1798 1859 ia
1813 1802 1895 1859 dica

186 1896 367 1966 transmisit;
382 1896 481 1967 sicque
493 1899 590 1966 partes
600 1892 719 1949 orientis
732 1893 887 1965 petiturus,
901 1891 942 1946 illi
959 1891 1009 1964 qui
1064 1891 1190 1947 transitu
1202 1889 1281 1946 illius
1292 1890 1417 1962 septimo
1430 1891 1464 1946 ad
1476 1890 1621 1948 civitatem
1633 1892 1824 1965 Ratisponam
1835 1893 1891 1950 bo·

187 1987 425 2045 nescitoccasum
439 1982 550 2040 sedulis
566 1982 701 2055 precibus
715 1982 781 2036 vitae
793 1998 853 2037 sura
864 1998 1011 2037 commea·
1065 1978 1183 2035 norifice
1211 1985 1255 2035 est
1283 1977 1438 2051 perlatum.
1463 1978 1517 2035 Ubi
1548 1997 1614 2036 cum
1642 1980 1720 2054 apud
1747 1984 1891 2039 Sanctum

187 2077 266 2133 davit
289 2091 453 2133 excursum.
471 2073 602 2144 Cumque
626 2088 677 2144 per
701 2071 815 2127 Danas.
853 2072 1011 2126 decursam
1064 2068 1297 2125 l‘ctrumfuisset
1311 2072 1522 2141 susceptus,ae
1536 2069 1702 2142 vigiliarum
1717 2070 1892 2127 missarum·

187 2171 305 2223 ventum
318 2170 395 2221 esset
407 2164 443 2219 ad
455 2161 553 2219 locum
567 2160 616 2234 qui
633 2161 740 2216 dicitur
755 2160 916 2233 Puppinga,
934 2158 1011 2215 ultra
1065 2174 1121 2230 qce
1138 2156 1382 2214 celebrationibus
1407 2162 1462 2213 ttae
1479 2159 1551 2213 foret
1570 2159 1805 2228 commendatus,
1822 2176 1890 2217 sus·

187 2255 305 2311 tendere
316 2271 374 2310 non
387 2251 510 2319 valebat,
521 2251 590 2323 quia
599 2254 717 2322 tempus
728 2248 913 2305 resolutionis
924 2248 1012 2304 insta·
1065 2246 1201 2303 tollentes
1212 2264 1279 2303 cum
1292 2264 1398 2319 magna
1409 2248 1581 2314 reverentia,
1591 2249 1746 2320 portabant
1755 2265 1825 2305 sum
1839 2265 1894 2323 par

188 2345 246 2400 bat.
264 2343 306 2399 lbi
328 2359 409 2414 ergo,
426 2356 554 2412 superna
577 2355 609 2395 se
624 2338 760 2394 visitante
781 2337 886 2410 gratia,
902 2354 1021 2410 cogno,
1065 2336 1182 2409 singula
1197 2336 1280 2392 urbis
1295 2335 1483 2404 monasteria,
1497 2336 1656 2396 novissime
1670 2355 1736 2395 vcro
1752 2338 1894 2397 adsccle-

189 2450 284 2501 scens,
301 2432 358 2487 cito
374 2432 433 2487 lore
448 2426 623 2499 complenda
638 2444 702 2499 qua·
718 2427 774 2482 sibi
799 2444 849 2499 per
868 2426 1010 2482 visionem
1066 2425 1138 2481 siam
1155 2426 1233 2481 beati
1250 2425 1387 2497 martyris
1403 2426 1622 2496 limmerammi,
1636 2429 1722 2498 cujus
1736 2427 1892 2497 bonorem,

189 2521 259 2577 olirn
275 2521 390 2576 fuerant
405 2516 531 2573 revelata
546 2516 613 2587 (8)),
631 2516 721 2587 jussit
736 2516 802 2586 (85),
820 2520 851 2569 ut
866 2515 894 2569 in
912 2520 1010 2570 orato·
1066 2513 1893 2581 dumvixerat,intimeaflectuexcolebat.Quamissarum

189 2610 265 2665 rium
283 2607 358 2664 beati
374 2605 527 2670 Otmeritl,
543 2604 620 2676 quod
638 2603 677 2658 ibi
693 2604 781 2659 situm
796 2608 867 2668 erat,
882 2608 1010 2675 portare·
1066 2603 1227 2659 sollemniis
1242 2608 1270 2657 et
1284 2603 1472 2675 exequiarum
1488 2604 1593 2660 officiis
1608 2604 1663 2661 rite
1678 2606 1813 2677 peractis,
1825 2622 1894 2663 ma·

188 2702 248 2764 tur,
269 2702 297 2753 et
320 2686 501 2753 ante'altare
523 2694 587 2765 ejus
611 2693 812 2764 deponeretur.
838 2692 919 2760 Quod
944 2710 1011 2749 curn
1065 2692 1170 2765 gnifica
1194 2698 1280 2764 atque
1307 2692 1464 2749 honorifice
1489 2693 1598 2749 ibidem
1624 2694 1758 2767 sepultus
1783 2700 1841 2764 est,
1862 2695 1895 2752 in

190 2788 300 2844 lactum
316 2789 403 2851 essct,
419 2782 636 2855 aliquantulum
661 2798 695 2837 ex
717 2781 887 2838 infirmitate
907 2798 1011 2838 conva·
1065 2781 1166 2838 ordine
1189 2781 1360 2853 pontificum
1383 2782 1557 2838 duodecimo
1580 2784 1663 2848 satis,
1682 2799 1812 2857 congrue
1838 2801 1895 2840 nu·

191 2875 315 2941 lescens,
332 2872 449 2940 resedit,
466 2876 495 2928 et
519 2887 571 2943 per
593 2870 804 2927 confessionem
829 2872 956 2941 primum
983 2888 1013 2927 sc
1067 2887 1244 2927 merescere
1263 2870 1293 2925 in
1313 2870 1364 2926 tali
1379 2870 1441 2927 viro
1457 2871 1596 2939 delinito;
1613 2872 1642 2927 in
1663 2889 1721 2945 quo
1746 2872 1895 2931 Dominus

190 2962 448 3037 expiavitDeinde
461 2959 625 3032 omnesqui
641 2960 762 3015 aderant
778 2976 828 3031 pro
840 2961 905 3026 tide,
918 2977 969 3032 spa
984 2964 1013 3016 et
1066 2959 1218 3017 miraculis
1241 2959 1329 3014 variis
1353 2963 1454 3032 postca
1481 2960 1690 3031 manifestavit,
1716 2962 1787 3033 quia
1814 2961 1894 3020 bunc

191 3053 310 3109 caritate
334 3051 407 3108 satis
419 3051 440 3085 ⁹⁸
464 3048 627 3104 luculenter
645 3049 818 3115 admonens,
833 3065 883 3104 eos
899 3066 931 3105 ac
946 3050 1012 3104 uni·
1066 3066 1133 3106 cum
1146 3048 1327 3122 principibus
1339 3047 1439 3121 populi
1450 3049 1496 3104 sui
1508 3048 1660 3106 collocavit
1670 3052 1758 3122 (Psal.
1770 3068 1841 3121 carr,
1853 3052 1894 3125 8).

189 3158 289 3198 versos
314 3140 369 3197 sibi
396 3139 569 3195 commissos
594 3154 660 3193 cum
676 3137 787 3193 intimis
803 3137 939 3210 suspiriis
954 3139 1011 3195 Deo
1027 3124 1049 3192 C
1103 3141 1147 3194 itt.
1163 3140 1231 3194 Post
1242 3137 1354 3193 felicem
1366 3138 1458 3194 sancti
1473 3138 1607 3211 praesulis
1618 3139 1896 3213 Woltlrangiexces-

190 3230 359 3301 sanctisque
391 3229 456 3299 ejus
488 3226 728 3294 commendavit;
763 3226 878 3299 sicque,
908 3228 1011 3282 viatico
1066 3226 1894 3303 suniplurimasvirtutcset¹⁰⁰signaostendercdigna·

190 3324 319 3391 sumpto,
331 3317 510 3373 humotenus
521 3332 552 3371 se
568 3315 733 3388 prostravit.
746 3317 827 3371 Tune
842 3316 939 3371 aditui
951 3317 1012 3373 sive
1067 3317 1152 3372 batur
1167 3317 1260 3389 gratia
1279 3315 1377 3371 divina
1400 3333 1451 3388 per
1475 3316 1577 3386 illum;
1594 3334 1720 3389 quorum
1743 3320 1892 3392 quadam,

190 3404 362 3463 cubicularii
387 3403 491 3475 ejicere
516 3403 698 3476 temptabant
711 3404 747 3459 de
761 3404 883 3459 ecclesia
897 3421 1009 3472 omnes,
1067 3406 1250 3479 neglegentia
1270 3411 1300 3461 et
1323 3405 1467 3461 oblivione
1484 3407 1616 3475 lactante,
1633 3408 1669 3463 ad
1693 3408 1894 3479 cognitionem

188 3496 316 3569 exceptis
331 3493 527 3550 familiaribus
542 3509 642 3549 secum
658 3509 692 3547 cx
708 3509 788 3548 nnore
802 3494 1011 3549 commanenti·
1067 3502 1197 3551 nostram
1212 3493 1333 3551 minime
1349 3500 1552 3567 pervenerunt,
1569 3498 1703 3568 quadarn
1724 3513 1792 3553 vero
1817 3496 1895 3554 rala-

190 3586 256 3641 bus.
272 3583 350 3648 Quos
363 3583 408 3639 vir
421 3582 469 3637 Dei
486 3580 636 3653 prohibuit
650 3581 773 3636 diceus:
794 3585 919 3638 Reserate
931 3585 1010 3650 ostia,
1065 3585 1144 3640 tione
1169 3583 1246 3640 fideli
1271 3588 1429 3655 comperta,
1451 3589 1537 3656 prout
1561 3601 1731 3657 possumus,
1748 3585 1896 3660 explicare

188 3673 300 3729 nattam
315 3673 364 3743 qai
383 3674 459 3727 venit
474 3671 592 3725 introire
605 3672 759 3741 prohibete.
775 3672 832 3726 lt'oa
853 3674 928 3726 enirn
951 3689 1009 3737 nos,
1066 3673 1288 3746 temptabimus.
1306 3674 1340 3728 Et
1364 3673 1418 3728 boc
1443 3673 1473 3728 in
1498 3673 1602 3746 primis
1625 3674 1796 3744 dicendum,
1812 3674 1895 3749 qaia,

191 3765 342 3834 quiramus
355 3760 494 3827 mortales,
506 3758 662 3814 crubescere
675 3758 802 3814 dcleraas
813 3761 869 3815 nisi
882 3776 917 3815 cac
931 3761 1013 3817 raetis
1067 3779 1134 3818 cum
1150 3760 1341 3834 provinciales
1358 3778 1416 3817 una
1430 3778 1497 3818 cum
1513 3762 1625 3819 civibus
1641 3762 1695 3820 loci
1710 3763 1817 3837 ipsius,
1834 3780 1893 3837 quo

190 3851 325 3922 operibus,
347 3863 412 3905 canc
435 3848 532 3901 inertis
555 3846 677 3902 detritam
702 3849 854 3903 ercamserta
877 3850 1012 3906 accisari-
1067 3857 1187 3907 sanctus
1203 3849 1310 3922 praesul
1325 3851 1481 3906 defunctus
1496 3856 1551 3918 est,
1567 3852 1767 3922 convenirent,
1783 3857 1818 3909 ut
1832 3868 1895 3909 me-

191 3956 252 3995 mas
261 3956 272 4000 ;
287 3937 396 4010 quando
411 3935 521 4006 quidem
535 3936 610 3991 Jcsrts
632 3935 764 4003 Christus,
781 3940 829 4007 qui
843 3938 915 3993 ailril
930 3941 1014 3995 rrsorti
1066 3940 1168 3996 liorem
1184 3944 1213 3995 et
1228 3942 1371 4010 majorem
1387 3939 1538 3996 basilicam
1554 3945 1760 3998 construerent
1773 3971 1810 3985 -w
1825 3958 1897 3999 nam

189 4027 292 4097 detail,
307 4029 394 4099 serrae
407 4024 498 4079 nactas
512 4026 584 4080 mori
601 4040 657 4080 rien
677 4026 787 4081 rrabait
809 4029 839 4081 in
862 4044 941 4083 creec
963 4044 1012 4100 pro
1067 4031 1102 4086 de
1113 4030 1260 4103 lignorum
1272 4030 1394 4085 materia
1405 4029 1551 4102 priorarat
1559 4030 1899 4104 edificata-quadam

188 4116 295 4187 pencris
321 4113 437 4169 lramoai
459 4113 558 4169 sutatc.
575 4115 716 4185 Adspiciat
739 4117 851 4186 qaisqac
874 4118 903 4171 in
928 4122 1014 4173 rnortc
1067 4120 1114 4175 die
1127 4118 1232 4175 murali
1244 4119 1449 4175 insistentibus
1460 4120 1680 4192 operi,quidam
1691 4118 1842 4179 adductus
1853 4124 1900 4178 est

187 4206 297 4270 nostra,
311 4202 382 4274 qaod
405 4205 504 4274 parcat
527 4206 557 4257 ct
579 4205 672 4259 caecat
686 4204 717 4258 ia
731 4220 791 4258 aaa.
807 4204 1014 4261 Dcaaraisercri
1067 4208 1900 4281 energuminus.Quemartificesmiserationedivinamoti

188 4291 319 4363 dignatur
348 4300 375 4348 et
403 4290 475 4347 milri
503 4292 605 4347 misero
632 4294 767 4363 peccatori
796 4296 910 4349 rrrorlem
940 4311 1014 4351 aare
1068 4297 1463 4370 apprehendentes,inillum
1476 4297 1584 4365 locum,
1596 4298 1646 4353 ubi
1658 4302 1780 4355 sanctus
1793 4297 1847 4357 Dei
1858 4299 1901 4356 fa-

188 4381 326 4450 sulcanti,
342 4390 369 4437 et
390 4383 491 4453 cuique
518 4397 579 4437 cam
600 4381 697 4437 timide
716 4398 747 4436 oc
762 4382 904 4438 firmilitcr
917 4384 1013 4456 adspi·
1069 4386 1168 4443 mulus
1183 4387 1319 4459 spiritum
1334 4386 1488 4454 exhalarit,
1502 4391 1741 4459 prostraverunt;
1758 4388 1811 4444 ubi
1827 4404 1898 4445 mox

188 4472 283 4529 cieri-ti.
297 4475 363 4528 Haec
377 4488 443 4527 cum
460 4469 592 4538 dixisset,
606 4474 769 4527 reverenter
782 4471 881 4528 oculos
897 4472 1013 4541 elausit,
1029 4496 1052 4563 D
1069 4493 1119 4549 per
1143 4476 1236 4531 sancti
1259 4474 1313 4531 viri
1340 4476 1445 4532 merita
1475 4475 1610 4532 sanitatis
1639 4477 1747 4549 recepit
1775 4478 1900 4551 gaudia.

190 4577 224 4617 ao
252 4559 332 4616 velut
360 4559 388 4616 in
419 4561 556 4616 somnolt
585 4576 724 4632 pausans,
748 4558 778 4615 in
808 4577 878 4632 pace
907 4561 1015 4634 quievit
1069 4564 1178 4621 Deinde
1190 4564 1277 4621 etiam
1293 4564 1374 4620 locus
1388 4564 1833 4638 illeadiversislanguentibus
1846 4566 1901 4623 fre·

192 4652 249 4722 (aa.
265 4649 328 4719 994,
345 4650 402 4707 Oct.
418 4650 473 4719 31).
1068 4655 1277 4727 quentabatur,
1293 4658 1322 4709 et
1348 4654 1432 4710 multi
1457 4655 1642 4711 restitutione
1666 4654 1820 4727 sospitatis
1841 4655 1902 4713 sibl

226 4739 274 4795 Sic
288 4739 417 4796 animam
434 4739 526 4795 saeris
540 4738 679 4794 calorum
695 4738 819 4794 reddidit
834 4740 931 4796 astris.
994 4747 1001 4761 '
1069 4742 1306 4811 consolabantur,
1319 4743 1398 4814 quia,
1414 4747 1447 4799 ut
1461 4743 1564 4800 beatus
1576 4743 1732 4817 Gregorius
1742 4744 1818 4801 dicit
1828 4746 1902 4819 (87),

226 4828 256 4885 Si
272 4826 379 4900 quaeris
395 4832 522 4899 tempus,
538 4827 638 4894 lector,
655 4845 712 4900 quo
727 4828 848 4900 contigit
863 4829 952 4899 istud,
1069 4832 1241 4904 plerumque
1256 4832 1373 4897 accidit,
1389 4836 1422 4887 ut
1444 4834 1555 4904 maJors
1578 4833 1619 4888 ibi
1644 4849 1703 4905 quo
1723 4836 1904 4891 sanctorum

224 4916 377 4973 anteriore
392 4915 438 4971 die
454 4916 508 4971 fuit
523 4916 704 4988 ingrediente
719 4917 889 4974 Novembre.
1069 4921 1198 4993 reliquia
1214 4921 1359 4978 habentur
1374 4922 1546 4994 proveniant
1560 4921 1713 4990 miracula,
1729 4938 1822 4994 quam
1848 4922 1904 4981 abt

226 5004 271 5060 39.
287 5001 361 5060 Cum
370 5003 433 5060 bac
442 5003 541 5061 omnia
553 5008 695 5061 nocturno
708 5010 839 5078 tempore
849 5006 1015 5079 finirentur,
1069 5027 1170 5068 eorum
1186 5010 1336 5068 recondita
1350 5014 1419 5068 sunt
1433 5028 1565 5084 corpora.

867 5131 991 5190 VaRlAE
1009 5135 1217 5194 anemonas.

227 5228 391 5287 tfothmari
405 5230 434 5285 2.
471 5227 614 5285 “salutis
627 5229 655 5285 2.
693 5230 716 5265 ⁹⁰
731 5230 845 5288 somnio
860 5231 886 5288 1.
926 5234 1103 5307 ¹⁰⁰atque‘3.

986 5357 1103 5418 NOTAE.

230 5442 286 5515 (83)
301 5442 343 5500 Ex
355 5442 496 5513 arnoldo,
512 5460 538 5500 o.
551 5444 597 5500 20.
1108 5451 1153 5521 (86
1181 5449 1304 5526 Reliqua
1318 5469 1353 5508 es
1367 5453 1508 5528 arnoldo,
1524 5471 1549 5514 o.
1565 5455 1611 5513 23.

242 5514 288 5579 84)
303 5514 337 5572 V.
354 5531 378 5574 c.
397 5516 441 5571 12.
1109 5524 1155 5599 (87
1183 5522 1254 5583 Dial.
1271 5539 1303 5597 11,
1317 5524 1361 5583 ³8.

241 5585 286 5665 85)
301 5584 343 5645 Ex
356 5586 494 5657 mnetde,
510 5603 536 5645 o.
550 5587 596 5645 23.
