3892 6096
114 237 178 301 293
705 239 758 302 bu
777 238 976 304 nocuerat
997 242 1232 312 selelrului.
1762 262 1828 326 m

117 373 213 438 Quam
227 368 361 428 iaciendo
376 370 482 443 probes
498 368 569 443 quid
584 372 755 445 permittant
769 373 822 448 qni
836 373 912 433 vires
927 376 942 432 t
956 383 984 449 Α
999 379 1055 436 Seu
1071 379 1170 437 divina
1184 384 1279 456 sequi,
1295 400 1359 457 que
1375 395 1578 448 sursumsunt
1593 392 1740 467 meditari,

117 461 257 519 Nondum
273 461 402 517 sudabas
417 460 466 517 ubi
482 464 510 516 le
527 479 584 518 non
600 479 686 535 posse
700 464 855 536 probabas,
997 467 1079 524 Unde
1093 470 1170 542 sapit
1184 470 1272 528 flatus
1286 472 1451 534 discernere
1466 482 1596 553 corporis
1611 487 1707 552 actus,

118 550 241 608 014b0f
253 549 364 621 milis,
379 550 429 623 qui
445 567 496 606 nec
512 550 616 623 probat
631 556 696 608 acta
708 552 827 619 laboris,
997 560 1057 613 Aut
1071 560 1168 615 carnis
1181 560 1323 632 studium,
1340 580 1399 636 quo
1416 567 1507 624 fertur
1520 570 1580 627 vita
1595 572 1744 630 deorsum.

118 639 178 698 lieo
194 638 286 696 bravii
302 639 441 696 meritum
456 637 518 695 vult
533 639 606 696 terre
621 656 673 713 per
687 641 919 714 experimentum
934 658 941 699 :
997 645 1072 702 Hinc
1085 646 1140 703 iter
1155 651 1200 704 est
1214 650 1329 718 anime,
1345 654 1395 710 sed
1412 659 1490 713 tsrra
1505 659 1579 715 redit
1597 677 1714 736 quoque
1725 667 1819 722 terre.

118 729 178 787 ceu
191 745 252 785 non
268 728 402 802 expediat
415 727 503 784 telem
519 727 573 784 tibi
589 727 663 785 inire
678 729 820 798 laborem,
998 735 1154 808 Propterea
1168 742 1280 795 mentes
1293 745 1404 799 vestras
1419 744 1455 801 ad
1472 750 1550 803 rocta
1565 749 1691 809 terentes

119 818 174 887 0⁰5
187 835 242 892 12⁰¹
256 817 400 874 mercedis
414 819 527 890 geritur
541 816 702 890 promissas
716 818 863 891 perennis,
999 823 1108 881 Discite
1122 824 1193 898 quid
1209 828 1285 896 sitis,
1301 831 1442 888 attendite
1458 850 1516 906 quo
1531 839 1704 910 properetis.

118 910 160 965 ,qo
174 906 303 965 pompm,
318 904 372 963 soli
385 907 424 962 sit
438 905 520 962 nulla
534 905 607 963 ildes
623 906 808 965 adhibenda:
1000 911 1063 969 Non
1078 930 1129 970 vos
1141 918 1272 986 seducet,
1288 918 1312 974 si
1328 918 1422 992 gloria
1436 938 1543 981 census
1558 926 1691 985 abundat
1708 947 1715 998 ;

120 997 152 1054 Si
166 1013 227 1054 non
242 997 381 1068 desperas
394 1011 442 1052 res
455 1011 587 1052 exercere
603 997 739 1064 caducas,
1000 1000 1030 1056 Si
1046 1005 1116 1057 ⁵¹¹1st
1131 1003 1249 1074 divium·
1264 1023 1316 1078 W
1329 1024 1378 1065 0⁸1⁸
1394 1010 1484 1068 ῡῡῙῑῑθ
1499 1013 1592 1085 ttrite
1609 1032 1616 1084 ἔ

121 1087 276 1152 Quatgnug
290 1101 325 1141 ΘΧ
338 1083 411 1157 ipsis
425 1083 535 1140 habeas
550 1083 697 1157 stipendia
707 1086 814 1158 carnis,
1001 1088 1075 1146 Nam
1093 1092 1167 1148 Deus
1182 1092 1236 1151 bas
1248 1096 1381 1154 tribuens
1392 1098 1421 1154 in
1437 1101 1479 1157 eis
1495 1101 1656 1178 interrogat
1668 1123 1771 1165 omnes

121 1175 182 1232 Gur
196 1174 298 1231 rninus
315 1177 437 1230 eternas
452 1172 576 1230 confidis
592 1190 721 1246 querere
737 1174 862 1242 tructus,
1002 1178 1073 1243 Quis
1087 1179 1157 1236 velit
1171 1181 1201 1237 in
1217 1183 1302 1241 donis
1316 1187 1414 1258 potius
1428 1194 1563 1247 constare
1578 1191 1686 1262 tidelis,

121 1264 161 1322 Ut
172 1264 275 1321 tradas
289 1261 418 1318 animam
428 1262 527 1335 regnis
542 1261 710 1320 celestibus
725 1268 836 1336 aptam,
1003 1271 1062 1323 Aut
1075 1268 1142 1341 quis
1156 1271 1302 1329 carnalem
1316 1274 1360 1331 vel
1374 1282 1453 1333 amet
1468 1295 1529 1336 rem
1545 1281 1743 1354 spiritualem.

121 1356 189 1422 Qun
204 1352 323 1409 dabitur
338 1351 452 1408 cunctis
467 1367 585 1425 semper
599 1352 725 1425 gaudere
740 1351 860 1428 beatis?
1004 1356 1065 1414 Non
1082 1357 1156 1416 alias
1169 1360 1211 1417 illi
1227 1362 1406 1436 subiguntur
1420 1371 1575 1426 commoda
1590 1374 1705 1443 mundi,

121 1441 257 1515 Denique
272 1445 425 1514 promptus
440 1440 505 1513 egis
515 1440 658 1514 quidquid
674 1441 950 1515 docetoptiocarnis
1005 1447 1143 1512 Quamvis
1156 1465 1208 1521 per
1223 1449 1321 1524 plures
1336 1455 1456 1526 cupiant
1470 1474 1548 1514 nunc
1563 1474 1628 1517 esse
1643 1465 1789 1535 potentes,

123 1533 185 1590 Gur
200 1546 319 1605 qnoque
333 1546 391 1586 non
407 1532 520 1602 gustas,
536 1530 561 1587 si
577 1530 701 1603 spiritus
711 1530 773 1588 ulla
785 1529 910 1587 lacultas
1005 1533 1122 1592 Scilicet
1135 1536 1240 1595 intenti
1256 1541 1351 1615 magis
1362 1544 1397 1599 ad
1411 1545 1542 1603 convivia
1557 1547 1648 1606 secli.

123 1620 207 1678 Bello
221 1618 330 1678 mali
345 1617 560 1685 „lampone
574 1620 660 1676 reniti
675 1618 690 1674 ‘r
1006 1623 1098 1689 Onam
1113 1626 1192 1683 curis
1207 1628 1310 1684 anime
1326 1632 1493 1692 commissis
1508 1639 1706 1711 suppeditare.

123 1710 200 1767 Nam
217 1708 243 1766 si
258 1712 391 1781 gustares
406 1723 559 1780 nunquam
574 1708 699 1766 sitiendo
709 1725 828 1766 vacares
846 1734 853 1778 ;
1006 1712 1061 1769 Vos
1076 1718 1187 1783 autem,
1200 1716 1314 1787 iratres,
1329 1735 1393 1791 qne
1408 1723 1511 1779 mundi
1522 1731 1592 1782 sunt
1607 1728 1762 1801 lugientes,

125 1799 185 1856 Sed
203 1815 263 1872 quo
278 1797 345 1871 plus
355 1797 481 1868 biberes,
497 1800 579 1854 tanto
594 1797 689 1872 magis
703 1799 771 1855 inde
786 1797 893 1870 sitires,
1007 1802 1131 1868 Ouerite
1145 1809 1309 1862 vestrarum
1325 1813 1494 1867 constanter
1508 1830 1578 1887 opes
1593 1816 1759 1876 animarum
1772 1840 1779 1891 ;

125 1894 227 1946 Donec
258 1887 293 1944 ad
307 1891 469 1944 extremum
484 1886 594 1944 fontem
609 1886 767 1945 trahereris
782 1888 818 1944 ad
843 1888 951 1961 ipsum,
1006 1889 1080 1946 Nam
1096 1892 1165 1964 quid
1184 1894 1440 1969 bonorgrandis,si
1450 1904 1566 1959 tantum
1577 1909 1685 1977 pontus
1696 1906 1833 1968 bonoria?

126 1978 224 2050 Cujus
238 1979 430 2050 conspectum
444 1976 526 2048 cupit
539 1976 636 2032 omnis
644 1976 745 2032 coelica
758 1976 862 2033 virtus.
1007 1979 1081 2045 Ouid
1097 1981 1215 2053 prodest
1227 1985 1384 2057 tandem,si
1400 1990 1544 2048 mnndum
1563 1994 1682 2053 sumitis
1695 2014 1826 2070 omnem,

126 2065 274 2124 Ausculta
287 2065 405 2122 tandem
422 2081 512 2138 qnam
527 2080 605 2121 nunc
618 2065 702 2122 trado
712 2065 856 2122 rationem
874 2082 881 2121 ε
1007 2067 1076 2124 Post
1090 2069 1180 2142 hujus
1194 2087 1295 2129 casum
1312 2075 1375 2131 sine
1389 2077 1448 2135 sine
1463 2080 1522 2152 pati
1539 2083 1702 2142 cruciatum
1717 2086 1732 2142 t

125 2157 184 2214 Jus
199 2155 225 2212 si
240 2159 319 2212 terra
332 2154 411 2226 colit,
426 2170 485 2227 quo
499 2154 605 2227 cuique
621 2154 708 2211 iidem
724 2155 792 2211 dare
807 2153 895 2221 norit,
1007 2156 1070 2211 Ab!
1087 2157 1123 2214 ab
1137 2158 1143 2213 l
1158 2159 1253 2232 qualis
1269 2162 1462 2238 honor‚quam
1474 2172 1573 2227 tantus
1583 2172 1816 2235 cinxerithorror

127 2246 191 2304 Hoc
202 2245 292 2302 etiam
302 2244 380 2316 juris
391 2259 427 2300 ne
443 2243 544 2300 credas
555 2243 652 2300 delore
666 2242 758 2300 celis.
1008 2244 1080 2301 Cum
1095 2246 1222 2306 vindicta
1237 2249 1334 2307 bravis
1348 2256 1661 2334 successoribundique
1677 2265 1791 2337 pravis!
1817 2224 1825 2251 '

127 2335 188 2393 Sed
205 2349 275 2391 cnm
290 2332 336 2390 lex
347 2349 417 2389 vera
430 2333 614 2405 procedstab
630 2350 695 2390 arce
710 2349 839 2406 superna
1009 2332 1072 2391 Nou
1088 2333 1186 2407 bomo,
1196 2354 1253 2394 non
1269 2356 1375 2397 aurum
1390 2345 1496 2417 poterit
1510 2351 1610 2420 aptare
1625 2352 1757 2410 beatum.

127 2428 228 2498 Atque
241 2428 320 2480 Deus
333 2439 430 2491 verax,
445 2426 492 2479 ast
507 2423 604 2479 omnis
619 2424 658 2480 sit
672 2423 760 2479 homo
783 2423 919 2491 mendax,
1009 2421 1065 2477 Sed
1080 2423 1185 2481 virtute
1198 2426 1248 2483 Dei
1264 2430 1399 2487 consistit
1413 2431 1472 2489 vita
1494 2435 1583 2493 beati.

130 2515 204 2571 Ritu
218 2511 325 2586 muj0ri
338 2516 463 2587 possunt
477 2511 603 2571 celestia
617 2513 706 2569 credi.
1010 2510 1096 2584 Oqui
1112 2513 1224 2572 deliciis
1240 2516 1353 2575 felicem
1370 2524 1396 2576 te
1411 2521 1472 2578 loro
1487 2524 1592 2595 credis,

373 2600 579 2658 CAPITULUM
594 2601 714 2657 XXXIX.
1011 2599 1201 2660 lluoattende
1216 2622 1332 2678 parum,
1348 2624 1513 2669 sermonem
1528 2615 1646 2672 consero
1660 2620 1757 2676 tecum
1775 2637 1782 2677 :

186 2691 350 2749 Exhortatio
363 2691 502 2762 poneretis
514 2707 565 2763 pro
579 2691 672 2747 labore
686 2693 764 2762 repat
778 2691 902 2747 celestis.
1010 2687 1086 2745 Dum
1102 2708 1206 2751 noscas
1220 2696 1435 2755 bominemnon
1448 2715 1513 2757 esse
1521 2702 1688 2775 perenniter
1699 2723 1831 2766 omnem.

130 2782 184 2838 llis
199 2781 292 2854 igitur
306 2779 393 2836 dictis
408 2779 445 2836 ad
458 2797 519 2847 vos,
536 2780 705 2852 quicunque
719 2779 831 2853 legetis,
1012 2781 1067 2834 Pro
1084 2780 1202 2838 modulo
1217 2786 1317 2856 puncti
1333 2803 1400 2843 cum
1415 2788 1476 2845 sint
1489 2789 1578 2849 simul
1599 2794 1700 2850 omnia
1716 2798 1832 2868 mundi,

130 2873 175 2928 Ad
192 2888 244 2929 vos
259 2869 422 2943 presertim
437 2868 488 2941 qui
504 2869 613 2925 talibus
629 2869 794 2942 indigeatis,
1013 2869 1105 2934 uuam
1122 2871 1265 2929 moritura
1278 2891 1345 2931 caro
1360 2875 1415 2933 tibi
1431 2894 1514 2951 spsm
1530 2881 1675 2953 promittit
1689 2900 1775 2942 avaro
1791 2886 1805 2942 i

132 2957 958 3032 Nuncquoquevobiscumpensantcsdogmatanostrnm,
1012 2959 1070 3014 Cur
1084 2959 1170 3017 hodie
1185 2959 1263 3019 ludis
1275 2980 1329 3037 pro
1340 2966 1428 3023 rebus
1444 2984 1509 3025 cras
1524 2970 1661 3043 perituris

134 3048 209 3106 llrnc
224 3048 337 3121 aliquid
353 3046 468 3114 moniti,
484 3047 606 3104 Domino
621 3064 671 3104 vos
683 3047 800 3104 subdite
819 3045 958 3121 prompti,
1012 3046 1048 3103 llt
1063 3046 1114 3115 nil,
1131 3050 1228 3120 surde,
1245 3051 1327 3110 doles
1341 3055 1446 3111 anime
1461 3057 1524 3114 sine
1540 3057 1597 3116 tine
1611 3060 1754 3136 dolorem,

132 3138 179 3206 Ut,
196 3139 269 3194 dum
284 3136 444 3211 possimus,
460 3135 485 3192 si
500 3140 616 3193 tantum
630 3154 717 3210 posse
730 3137 864 3208 velimus,
973 3122 995 3192 C
1013 3135 1044 3192 Si
1057 3135 1225 3209 Dominum,
1241 3141 1425 3216 celiregem,
1439 3149 1642 3218 superomnia
1657 3151 1735 3207 nosti

131 3226 220 3283 Nulla
233 3242 342 3284 manus
357 3230 461 3297 cesset,
477 3224 587 3281 nullius
603 3242 654 3298 pes
668 3241 785 3298 quoque
800 3226 905 3282 tardet.
1011 3224 1046 3280 lit
1062 3225 1132 3298 quia
1144 3226 1286 3285 sublimes
1302 3231 1389 3287 iaciat
1403 3232 1565 3305 sepissime
1577 3236 1674 3304 mites,

130 3314 196 3372 Jam
212 3316 277 3373 sice
291 3314 439 3372 communi
455 3328 646 3387 properemus
656 3315 691 3371 ad
708 3313 819 3388 optima
828 3312 939 3371 summi
1011 3319 1106 3388 Atque
1121 3318 1315 3388 superborum
1329 3318 1421 3375 soleat
1434 3325 1616 3394 prosternere
1626 3323 1734 3381 collum
1749 3326 1763 3380 ‘i

131 3408 193 3473 Quo
208 3404 295 3463 labor
308 3407 336 3461 et
349 3402 460 3470 nullus,
476 3420 530 3460 nec
544 3404 655 3461 venerit
670 3403 799 3477 amplius
814 3402 894 3460 ullus
913 3420 919 3458 :
1012 3405 1044 3461 ln
1060 3420 1118 3477 quo
1130 3404 1264 3476 contidis,
1281 3406 1351 3479 quie
1363 3411 1391 3464 te
1405 3407 1461 3464 sibi
1477 3409 1602 3467 subdere
1617 3428 1674 3468 non
1689 3413 1733 3470 ris
1748 3413 1762 3469 i

133 3494 189 3551 Sed
207 3491 391 3564 comportati
402 3491 622 3549 remanebimus
637 3497 726 3566 atque
741 3492 842 3565 quieti.
1010 3492 1061 3548 Vel
1075 3495 1200 3566 curipse
1214 3495 1315 3551 studes
1329 3495 1449 3553 exaltari
1466 3514 1555 3571 super
1570 3516 1684 3572 omnes,

133 3579 369 3654 Contemplando
379 3581 626 3654 Deum,quinunc
641 3598 709 3655 spes
719 3585 958 3654 atquetropeum
1012 3583 1086 3639 Cum
1097 3583 1160 3654 jam
1173 3583 1316 3656 perduras
1330 3585 1366 3640 ad
1381 3602 1428 3643 res
1441 3589 1539 3644 tecum
1555 3588 1702 3661 perituras
1717 3590 1732 3646 t

136 3673 165 3728 ln
183 3688 215 3729 se
229 3669 378 3728 credentis
392 3674 492 3727 manet
505 3673 535 3726 et
549 3671 789 3747 fiduciamentis.
1013 3670 1115 3728 Omnis
1126 3672 1205 3728 enim
1220 3672 1346 3745 cupidus
1361 3673 1615 3735 convincituresse
1629 3680 1786 3752 superbus.

136 3759 216 3824 Quod
231 3760 313 3817 Deus
328 3758 359 3815 in
374 3758 458 3815 nobis
474 3764 610 3831 operetur
623 3759 653 3815 iu
668 3760 807 3817 omnibus
822 3760 914 3829 horis,
1012 3762 1068 3829 An,
1084 3759 1154 3832 quia
1167 3759 1242 3817 liber
1255 3761 1313 3818 cris
1328 3762 1404 3819 mira
1418 3763 1548 3822 bonitate
1561 3768 1693 3826 creantis

138 3848 225 3920 Cujus
239 3852 271 3906 et
285 3848 444 3920 imperium
460 3847 524 3905 sine
538 3848 595 3904 tine
610 3849 779 3905 manebitin
794 3865 900 3906 ervum.
990 3849 1050 3913 „Et
1061 3849 1177 3907 diversa
1191 3854 1285 3924 potes,
1301 3852 1372 3908 dum
1387 3869 1459 3909 sano
1472 3870 1592 3928 corpore
1608 3856 1709 3931 flores,

316 3937 413 3994 Sermo
425 3936 461 3993 ad
474 3953 571 3993 auaroa
585 3937 627 3993 vet
641 3939 781 4010 superbos.
1015 3941 1122 3995 Preter
1136 3955 1204 3994 eum
1219 3955 1368 4012 quoquam
1384 3958 1485 4014 speras
1500 3944 1650 4017 exquirere
1660 3947 1761 4015 vitem,

139 4026 385 4097 elementari,
399 4043 453 4099 per
465 4025 614 4082 Christum
624 4042 745 4100 semper
759 4027 889 4098 amandi,
1015 4029 1073 4083 Aut
1086 4027 1150 4099 ejus
1164 4027 1296 4100 gladium
1312 4029 1413 4101 quovis
1428 4032 1549 4089 evadere
1557 4033 1700 4105 justum?

139 4117 206 4173 Cum
219 4132 313 4190 prope
328 4115 369 4173 ait
381 4120 499 4189 tempus
513 4131 571 4187 quo
587 4116 716 4173 mundus
731 4116 788 4173 erit
803 4117 946 4187 ruiturus,
1015 4114 1153 4189 Nunquid
1166 4117 1264 4191 imago
1280 4119 1339 4189 Dei,
1355 4120 1451 4192 primo
1467 4120 1597 4179 similata
1612 4125 1737 4196 parenti,

139 4205 197 4262 Vos
210 4205 265 4278 qui
279 4204 404 4278 diligitis
413 4205 478 4261 vite
494 4203 640 4278 promissa
653 4205 802 4278 perennis,
1016 4205 1106 4276 Cujus
1120 4206 1259 4280 progenie
1273 4208 1382 4265 retines
1392 4210 1510 4266 exordia
1524 4210 1599 4277 vite,

140 4293 237 4352 Fortes
253 4293 381 4362 athlete,
397 4309 518 4350 sursum
534 4310 618 4366 spem
634 4293 742 4350 mantis
758 4293 873 4362 bubata,
1017 4293 1049 4349 ln
1064 4299 1093 4350 te
1108 4295 1233 4352 mutavit
1245 4296 1323 4368 quod
1337 4296 1366 4352 in
1380 4296 1430 4353 illo
1445 4298 1529 4355 Patre
1544 4299 1680 4356 creavit?

139 4380 179 4440 Ne
192 4383 267 4456 qnid
282 4382 313 4439 in
328 4382 383 4439 boc
396 4382 508 4442 mundo
521 4384 585 4454 jem
601 4382 778 4455 possideatis
792 4383 918 4440 amando
1017 4381 1098 4438 Nona
1111 4381 1204 4450 vides,
1219 4389 1333 4457 gustas,
1349 4385 1395 4458 pal
1399 4402 1462 4458 pas,
1478 4387 1563 4444 audis
1576 4392 1607 4444 et
1621 4388 1750 4445 odoras?

141 4469 240 4529 Restat
253 4471 335 4529 enim
348 4472 430 4529 vobis
445 4471 558 4528 tructus
573 4471 674 4545 patrie
690 4471 829 4541 melioris,
977 4491 1002 4558 D
1018 4469 1100 4526 Unde
1116 4470 1285 4541 merebaris,
1302 4477 1335 4528 ut
1348 4473 1485 4530 sensibus
1500 4473 1548 4530 his
1563 4474 1683 4547 potiaris
1701 4474 1716 4530 t

141 4560 170 4617 Si
182 4561 272 4619 modo
284 4561 392 4618 sinceri
409 4559 551 4618 studeatis
566 4560 621 4616 rite
634 4561 748 4618 mereri.
1017 4558 1092 4623 Quid
1108 4559 1191 4632 prius
1205 4561 1322 4617 ductori
1338 4577 1428 4634 quam
1437 4565 1465 4619 te
1481 4561 1588 4618 iaceret
1602 4562 1744 4633 tribuisti,

140 4649 181 4705 Ad
196 4665 288 4723 qnam
304 4650 492 4723 querendam
507 4653 680 4722 presentem
708 4649 837 4723 spernite
860 4649 960 4722 vitam,
1017 4647 1054 4703 Ut
1068 4647 1218 4704 rationalis
1233 4648 1374 4705 animalia
1385 4653 1491 4705 cuncta
1505 4648 1623 4722 preires
1638 4649 1653 4704 ‘t

143 4735 249 4796 Usibus
264 4739 405 4812 exceptis,
420 4754 472 4811 per
486 4752 561 4810 quos
575 4737 644 4794 illuc
658 4739 820 4811 properetis
1016 4735 1052 4792 ut
1066 4740 1163 4792 tamen
1178 4735 1225 4793 his
1240 4737 1335 4793 brutis
1351 4736 1552 4810 perstantibus
1566 4737 1597 4793 in
1612 4738 1674 4794 vice
1682 4738 1772 4811 juris,

143 4824 178 4882 lit
190 4828 300 4900 quibus
314 4827 345 4884 in
360 4832 438 4884 terra
452 4827 604 4883 foveantur
619 4842 741 4900 corpora
755 4831 862 4883 rastra.
1016 4824 1071 4896 Tu,
1087 4825 1208 4881 rationis
1220 4841 1306 4898 opus,
1322 4842 1379 4881 non
1395 4826 1439 4883 vis
1453 4825 1575 4882 Domino
1591 4826 1651 4883 iore
1665 4842 1789 4900 pronus,

140 4913 212 4973 liam
226 4917 316 4974 datur
329 4916 366 4973 ad
381 4921 499 4989 tempus
513 4915 618 4971 anime
633 4915 710 4972 victu
726 4915 787 4972 iore
802 4932 919 4989 corpus,
1017 4913 1093 4980 Quin
1109 4914 1260 4983 meditare,
1277 4930 1355 4986 rogo,
1372 4913 1496 4972 rationis
1511 4920 1540 4971 et
1554 4920 1639 4972 utere
1653 4916 1744 4987 dono,

141 5002 178 5062 Ut
191 5005 352 5063 meditetur
364 5004 463 5073 bomo,
474 5004 545 5060 dnm
560 5002 629 5059 vivit
642 5002 672 5058 in
689 5004 758 5060 orbe
773 5004 896 5076 caduco,
1017 5005 1055 5058 Ac
1070 5018 1122 5076 per
1135 5019 1223 5075 quem
1238 5003 1317 5059 vivas
1330 5003 1478 5060 subtiliter
1491 5005 1742 5077 exprimecausus.

141 5092 346 5160 Oulitarmens
361 5093 458 5151 ritulis
472 5097 502 5150 et
515 5092 609 5149 virtus
624 5091 785 5165 spiritualis
1015 5090 1087 5147 Nam
1103 5092 1216 5148 nescire
1232 5093 1353 5149 modum
1367 5095 1444 5150 vite.
1461 5094 1511 5151 sed
1526 5093 1620 5150 vivere
1630 5097 1748 5150 tantum

140 5180 296 5243 ldvibcant
310 5199 429 5242 carnem
443 5199 495 5257 per
509 5181 640 5239 diuinam
659 5181 815 5250 rationem,
1017 5183 1068 5237 Est
1081 5181 1213 5238 studium
1229 5181 1351 5254 pecudis
1365 5181 1445 5237 omni
1461 5181 1574 5238 ratione
1589 5183 1728 5238 carentia.

139 5270 283 5332 libertate
298 5274 380 5344 data,
393 5287 577 5346 quecunque
590 5271 715 5328 velimus
731 5271 856 5346 agenda,
1018 5269 1049 5325 Si
1063 5269 1154 5326 miser
1168 5270 1287 5343 ignoras
1303 5269 1373 5342 quia
1384 5274 1488 5343 sponte
1503 5275 1555 5327 tua
1569 5273 1759 5338 mussantes,

136 5362 197 5418 Ant
210 5364 318 5422 anime
329 5377 428 5420 mores
440 5360 486 5419 rel
501 5360 555 5418 niti
570 5359 669 5418 carnis
685 5376 809 5432 amores,
1018 5361 1119 5426 Quere
1132 5359 1209 5415 viam
1224 5357 1309 5428 lucis,
1321 5362 1350 5416 et
1365 5362 1452 5416 erunt
1465 5358 1517 5415 tibi
1529 5357 1615 5431 signa
1630 5357 1735 5416 salutis

138 5448 220 5510 Nunc
235 5453 355 5523 sentite,
370 5467 450 5528 rago,
466 5449 535 5527 quis
549 5453 664 5508 constet
678 5451 785 5505 rectior
800 5449 882 5520 ordo,
1017 5447 1072 5505 Per
1085 5464 1150 5520 que
1160 5449 1225 5520 jam
1239 5447 1326 5522 plane
1342 5452 1469 5505 mentem
1484 5452 1567 5520 potes
1583 5448 1735 5512 edificare.

140 5541 308 5604 llamdatnr
317 5538 773 5620 arbitrium,quodquisquevclit
783 5536 963 5614 iaciendum,
1018 5535 1104 5610 Nem,
1118 5536 1143 5597 si
1158 5537 1285 5598 sentires
1299 5536 1397 5598 carnis
1411 5537 1580 5598 decrescere
1593 5536 1682 5623 vires,
