3892 6096
121 284 178 346 let
388 236 559 346 orbicul
581 280 761 346 Monaesi
784 285 818 345 S.
841 227 1304 345 000000001100000010
1326 276 1562 342 sucepisti.

123 433 190 473 rum
204 416 345 474 virtutum
361 431 434 487 quas
447 415 510 487 jam
538 415 647 472 orando
662 414 821 482 nominavi,
837 419 865 471 et
880 432 944 471 om·
960 418 988 483 Α
1005 419 1176 488 sequantur,
1192 418 1220 470 ct
1239 413 1398 486 corporalis
1412 413 1477 467 vitre
1504 408 1637 467 subsidia
1651 412 1740 483 prout

124 504 411 577 niumsinequibus
426 503 525 560 nullus
540 504 593 560 tibi
608 504 722 577 placere
736 509 841 577 potest,
861 506 949 577 parti·
1004 508 1082 578 gent,
1107 520 1124 559 a
1151 507 1180 558 te
1206 501 1336 574 accipere
1361 503 1540 557 mereantur.
1569 502 1611 554 Da
1637 497 1690 567 eis,
1718 513 1746 570 qv

121 612 189 669 ceps
202 594 264 652 ilari
274 609 395 650 merear.
404 594 459 649 Sed
477 594 618 664 quoniam
643 598 703 651 tam
716 593 949 667 magnapietatis
1003 598 1102 667 pastor
1127 597 1242 658 eterne,
1259 595 1390 664 pastores
1417 594 1446 645 et
1461 592 1587 644 rectores
1601 587 1675 644 tales
1700 585 1746 660 qui

121 689 178 740 tue
193 683 270 740 dona
285 681 354 739 ullis
374 682 529 738 conatibus
544 683 670 756 propriis
695 682 835 756 nulloque
849 683 948 739 labore
1004 699 1054 756 per
1069 680 1201 754 exempla
1215 698 1270 737 sua
1285 697 1342 735 non
1367 679 1402 735 ad
1418 678 1580 743 interitum,
1597 677 1648 733 sed
1664 674 1700 733 ed
1715 680 1746 732 et

123 771 269 845 condigno
284 769 435 843 acquirere
450 773 479 827 et
492 770 622 827 obtinere
647 770 739 838 valeo,
757 787 808 845 par
822 772 948 828 sanctis·
1003 771 1107 827 salutis
1127 770 1277 826 instruant
1302 767 1451 824 meritum.
1467 766 1521 822 Pro
1545 765 1592 822 his
1607 765 1696 821 etiam
1721 781 1746 837 qr

124 862 232 918 simam
256 859 438 917 nativitatem
462 864 490 916 et
514 859 682 932 passionem
709 866 801 932 tuam,
826 861 949 918 Domine
1003 862 1143 932 metipsos
1167 858 1350 914 confessione
1375 862 1426 911 000
1441 855 1540 927 aliqua
1564 853 1746 910 interventio]

123 951 195 1007 Jesu
211 949 335 1019 Christe,
351 966 476 1006 necnon
501 965 554 1022 per
566 951 761 1006 venerandam
786 967 902 1006 crucem
918 951 948 1004 in
1003 951 1061 1006 mei
1077 947 1237 1021 peccatoris
1261 947 1421 1003 orationem
1447 945 1652 1000 commendare
1674 958 1746 1000 cura

125 1057 185 1114 qua
199 1055 251 1113 pro
268 1038 372 1095 mundi
387 1038 480 1095 saluta
497 1039 620 1112 pendere
635 1038 774 1111 diguatus
788 1056 830 1110 es,
841 1054 950 1112 perque
1003 1039 1163 1095 bonitatem
1179 1035 1415 1105 tuam,Dominc,
1425 1034 1595 1107 suppliciter
1611 1050 1707 1105 exoro,
1724 1049 1745 1088 n

120 1127 369 1197 ,resurrectionem
395 1132 423 1184 et
444 1127 646 1185 ascensionem
665 1133 764 1203 tuam,
780 1134 844 1185 tum
860 1128 948 1184 etiarn
1003 1129 1071 1184 licet
1094 1131 1212 1200 propter
1236 1125 1296 1181 ulla
1320 1128 1440 1198 peccata
1464 1140 1529 1179 maa
1552 1122 1746 1179 confessionis

124 1234 177 1291 per
191 1216 283 1275 sancti
294 1217 422 1291 Spiritus
434 1216 570 1290 gratiam,
581 1218 664 1286 mihi,
675 1235 785 1291 precor,
794 1218 947 1274 concedas.
1004 1222 1136 1274 cassetur
1157 1215 1290 1272 remissio
1315 1219 1440 1287 sperata,
1458 1214 1508 1269 sed
1525 1229 1576 1285 per
1598 1213 1724 1285 gratiam

1004 1301 1747 1379 ctipsiveniam,quamconfessionisbumilitatefid

1004 1396 1186 1468 expetebant,
1204 1397 1372 1449 mereantur
1395 1392 1555 1464 consequi;
1572 1395 1601 1446 ct
1615 1407 1667 1464 ego
1689 1390 1746 1446 virt

1004 1485 1122 1540 illarum
1138 1484 1214 1539 dona
1230 1499 1292 1555 quar
1319 1482 1419 1553 iidem,
1435 1481 1578 1537 orationis
1605 1498 1675 1537 merc
1692 1480 1746 1536 0011

161 1344 274 1417 Adjuva
288 1343 376 1400 etiam
402 1359 449 1399 me
470 1360 521 1415 per
536 1342 641 1398 merita
664 1348 692 1398 et
706 1359 805 1415 preces
829 1341 950 1399 sanctis-

125 1434 208 1490 simae
216 1432 371 1490 Genitricis
381 1436 437 1488 tuce
448 1437 476 1488 et
485 1436 633 1505 perpetum
645 1432 768 1505 virginis
778 1433 884 1501 Mariae,
898 1448 950 1487 nec

126 1539 184 1579 non
208 1522 373 1595 persancti
399 1521 548 1579 Michaelis
572 1521 764 1593 omniumque
786 1520 950 1578 cmlcstium
1084 1584 1087 1588 ¹
1198 1574 1203 1585 ,
1272 1574 1278 1583 ,
1413 1571 1451 1584 ,,

125 1610 279 1677 virtutum,
291 1616 378 1682 atquc
393 1610 548 1683 persancti
562 1609 685 1666 Joannis
700 1610 846 1681 1100οἰ000,
861 1613 952 1682 00000
1006 1578 1178 1648 'luaeaentffl’
1192 1589 1254 1644 μω
1271 1587 1367 1628 ¹⁰⁰⁸⁸⁰
1381 1571 1453 1627 ¹¹¹¹h¹
1469 1572 1604 1642 “edunt’
1627 1571 1690 1641 Μ’
1712 1586 1747 1643 pr

126 1704 298 1756 sanctorum
322 1698 542 1771 apostoloruum
567 1702 686 1754 tuorum
712 1698 786 1754 Petri
802 1703 830 1754 et
854 1697 946 1764 Pauli,
1005 1664 1066 1720 ¹⁰¹⁴
1084 1664 1209 1720 “mum
1220 1679 1251 1717 ¹¹¹
1265 1678 1312 1717 ¹¹¹⁰
1327 1660 1610 1761 suntjfffer‚¹¹¹⁰¹'⁰m’
1621 1676 1746 1732 quw*

126 1789 260 1856 Andreae,
270 1788 381 1855 iacobi,
394 1787 616 1859 specialiterque
631 1803 683 1860 per
698 1786 795 1842 dilecti
807 1787 849 1842 tui
863 1787 952 1843 lcan-
967 1794 990 1858 B
1006 1754 1199 1855 fluandf'que,
1216 1767 1339 1851 ΨΜ,
1357 1750 1490 1822 mmmm·
1518 1749 1689 1853 Remmiam?
1719 1765 1747 1820 ΡΙ

1007 1861 1037 1898 in
1052 1842 1136 1899 nobis
1161 1841 1365 1896 misericordior
1386 1843 1453 1905 tum,
1468 1840 1682 1909 verborumque
1706 1854 1743 1909 00

128 1878 222 1946 nis'et
236 1894 287 1949 per
302 1876 434 1975 0-ΙῘΠΙῙιΠῘῘ
451 1875 779 1977 ap⁰⁸t910·rumtu⁰r}lm
794 1877 950 1978 suffragi&
1006 1933 1048 1987 tui
1064 1929 1165 1986 iacobi
1181 1928 1304 1984 dicentis
1321 1944 1328 1984 :
1345 1927 1519 1997 Corrfitemini
1533 1931 1701 1982 atterutrum
1722 1944 1746 1999 pr

128 1965 179 2021 sed
196 1968 225 2021 et
239 1981 291 2038 per
313 1964 432 2020 illorum
450 1971 704 2021 sanctissimorum
728 1965 885 2023 infantium
902 1983 951 2038 pa·

126 2054 251 2111 00000000
279 2054 329 2126 qui
359 2072 410 2127 pro
439 2058 489 2110 tuo
513 2054 631 2110 nomine
660 2053 798 2111 trucidati
823 2072 878 2110 sun

129 2143 260 2213 Herode;
278 2148 306 2199 et
330 2143 406 2199 siout
430 2144 548 2200 eosdem
572 2143 708 2213 inientes,
732 2143 831 2199 nullus
854 2144 952 2200 meriti

130 2237 181 2289 out
195 2232 312 2288 virtutis
324 2232 457 2289 notitiam
471 2231 623 2300 habentes,
636 2231 698 2289 sola
712 2237 741 2288 ct
753 2232 952 2289 inestimabili

129 2321 229 2395 gratie
242 2324 298 2378 tue
314 2321 448 2393 potentiue
463 2321 499 2376 ad
516 2320 603 2377 vitam
619 2326 756 2377 aeternam
771 2320 894 2394 elegisti,
911 2321 952 2376 ita
1041 2325 1110 2379 Peto
1126 2323 1214 2378 ctiam
1232 2338 1283 2393 pro
1299 2338 1384 2393 papa,
1402 2325 1431 2375 et
1446 2320 1557 2375 Casae
1572 2324 1622 2375 aut
1638 2335 1746 2393 regem

129 2410 218 2468 etiam
233 2427 280 2467 me
302 2411 456 2483 indignum
477 2426 528 2482 per
543 2409 672 2480 illorum,
688 2427 796 2482 quaeso,
812 2410 952 2466 interces-
1008 2429 1134 2469 necnon
1151 2428 1202 2484 pro
1218 2409 1332 2466 cunctis
1356 2409 1517 2464 rectoribus
1544 2412 1630 2479 atqua
1646 2408 1746 2480 princi

122 2498 225 2558 010000
241 2500 278 2556 ad
292 2499 356 2556 vitre
367 2498 504 2571 perennis
519 2498 698 2554 consortium
714 2497 797 2571 elige.
810 2499 952 2554 Succurre
1006 2501 1125 2568 nostris,
1142 2505 1176 2556 ut
1188 2499 1254 2555 illos
1280 2499 1308 2553 in
1324 2515 1423 2554 amoro
1438 2502 1466 2553 et
1489 2499 1595 2553 timore
1616 2502 1666 2553 tuo
1682 2497 1747 2570 000]

127 2604 245 2662 quoque
259 2586 332 2644 mihi
348 2590 578 2660 persanctorum
590 2587 953 2658 martyrumtuorumSte-
1006 2594 1067 2646 ctos
1083 2588 1172 2645 iacias
1197 2592 1343 2660 quatenus
1366 2603 1397 2643 se
1420 2586 1535 2658 sibique
1560 2586 1697 2642 subditos
1716 2603 1746 2643 va

127 2676 217 2751 phani
229 2681 317 2750 atque
334 2674 494 2743 Laurentii,
506 2674 565 2730 Viti
577 2680 606 2730 et
625 2674 781 2743 Pancratii,
793 2675 907 2749 Georgii
923 2680 952 2732 et
1007 2695 1105 2752 regere
1120 2695 1153 2733 ao
1169 2677 1304 2750 congruis
1317 2675 1458 2748 exemplis
1473 2691 1605 2747 00000000.
1623 2676 1667 2731 Ad
1684 2674 1746 2731 hee

127 2763 952 2834 0101000οω0000,000000000000010,8000000000001000-
1006 2784 1064 2840 que
1078 2783 1130 2840 pro
1142 2765 1313 2839 parentibus
1324 2769 1353 2821 et
1368 2764 1550 2836 propinquis,
1562 2781 1614 2819 nec
1630 2780 1688 2820 non
1704 2781 1746 2837 prr

128 2854 228 2923 centii,
243 2870 295 2911 nec
311 2870 369 2910 non
395 2851 586 2928 000100000οἰ0
614 2856 643 2909 00
657 2852 796 2925 Dionysii,
813 2851 952 2909 Gereonis
1007 2857 1056 2929 qui
1072 2856 1108 2912 ab
1122 2854 1205 2911 initio
1221 2855 1285 2910 vitre
1301 2871 1372 2910 mee
1389 2853 1528 2926 usquein
1544 2852 1620 2908 hanc
1635 2851 1742 2909 horam

128 2947 157 3000 et
169 2943 296 3016 Kyllani‚
312 2941 452 3000 Boniiacii
471 2946 501 2998 et
523 2941 664 3012 ianuarii,
680 2941 827 3015 Hippolyti
848 2948 878 2999 et
900 2946 952 3015 Cy·
1005 2945 1182 3016 lemcunque
1206 2960 1258 3016 pro
1283 2960 1330 2999 me
1353 2942 1483 2999 laborem
1508 2941 1703 3014 pertulerunt,
1724 2957 1744 3013 q

129 3033 209 3100 riaci,
224 3049 283 3089 uua
293 3048 344 3105 per
358 3033 504 3089 sociorum
514 3048 635 3088 suorum
648 3033 761 3098 merita,
772 3031 951 3104 specialiter·
1005 3035 1036 3091 in
1052 3051 1103 3091 esu
1117 3038 1167 3089 aut
1181 3037 1263 3105 potu,
1275 3037 1325 3089 000
1340 3032 1370 3088 00
1386 3033 1502 3104 vestitu,
1515 3035 1565 3087 aut
1580 3031 1609 3087 in
1624 3031 1746 3088 doctrin.

130 3137 187 3194 que
198 3137 249 3194 per
259 3124 428 3178 sauctorum
445 3125 563 3177 tuorum
578 3119 748 3192 patrocinio,
761 3136 827 3176 eum
843 3120 952 3192 quibus
967 3164 988 3231 C
1007 3123 1096 3180 otiam
1111 3122 1241 3196 quolibet
1265 3122 1351 3178 modo
1378 3120 1451 3177 mihi
1466 3121 1605 3193 prodesse
1630 3120 1746 3177 studue:

127 3208 225 3289 locum
235 3214 409 3282 presentem
419 3209 580 3266 sublimare
590 3209 728 3282 dignatus
739 3210 852 3279 es;sed
864 3213 891 3266 et
902 3227 953 3283 per
1008 3231 1060 3286 pro
1083 3213 1142 3269 illis
1165 3228 1233 3285 ergo
1262 3212 1400 3268 omnibus
1424 3211 1563 3283 pietatem
1590 3214 1683 3279 tuam,
1701 3214 1745 3267 Do

128 3304 299 3357 sanctorum
327 3299 528 3356 confessorum
552 3303 670 3355 tuorum
699 3298 837 3372 sylvestri
865 3304 953 3373 atque
1007 3304 1091 3359 unice
1117 3304 1253 3374 deposco,
1269 3306 1313 3373 ut,
1334 3301 1404 3372 quia
1426 3317 1479 3372 ego
1495 3300 1606 3356 nullam
1622 3299 1698 3373 ipsis
1722 3317 1746 3356 rv

130 3389 257 3459 Martini,
274 3388 399 3463 Remigii
414 3392 443 3446 et
457 3388 598 3461 Gregorii,
614 3388 724 3445 Nicolai
748 3392 777 3444 00
791 3389 950 3460 Benedicti,
1007 3391 1208 3466 pausationem
1217 3391 1345 3447 debitam
1356 3390 1525 3462 impendere
1535 3404 1668 3462 possum,
1678 3393 1746 3463 grat

124 3479 295 3552 Wolikangi
310 3483 398 3551 atque
421 3477 560 3549 Udalriei‚
577 3494 686 3550 perque
710 3482 879 3534 sanctarum
895 3479 951 3534 vir·
1006 3480 1064 3537 illis
1079 3481 1249 3552 ubicunque
1273 3496 1347 3552 opus
1362 3483 1418 3551 est,
1444 3478 1546 3535 sivein
1571 3477 1709 3550 presenti
1726 3494 1746 3535 s·

125 3568 229 3642 ginum
244 3566 415 3625 Petronellae
429 3571 457 3624 et
472 3565 951 3641 cecilia,Schclasticaeetbiarga·
1006 3572 1104 3626 tuturo
1128 3569 1245 3640 seculo,
1271 3585 1493 3641 recompensare
1519 3569 1667 3641 dignetur.
1688 3572 1746 3642 Dap

127 3662 206 3726 rote,
222 3672 275 3714 nee
294 3673 353 3713 non
379 3671 429 3728 per
443 3654 562 3711 illorum
587 3661 755 3711 sanctorum
780 3672 904 3727 quorum
921 3656 950 3712 in
1006 3655 1093 3712 simul
1110 3673 1161 3728 pro
1176 3655 1233 3711 illis
1249 3672 1323 3728 quos
1338 3672 1468 3727 unquam
1479 3657 1542 3711 sine
1557 3672 1645 3710 causa
1661 3659 1746 3711 contr

125 3746 182 3804 hoc
192 3744 370 3803 monasterio
380 3743 471 3800 autin
485 3743 541 3799 bac
551 3743 684 3815 proxima
694 3741 808 3799 civitate
821 3743 952 3816 reliquias
1005 3751 1056 3801 aut
1071 3744 1219 3817 aliquibus
1230 3745 1303 3800 meis
1319 3745 1433 3802 actibus
1449 3744 1613 3817 depravavi,
1624 3747 1746 3816 quatem

126 3835 301 3893 consistunt.
319 3834 427 3890 Deinde
438 3848 490 3905 per
503 3833 636 3889 omnium
648 3836 816 3889 sanctorum
832 3837 949 3890 tuorum
1005 3834 1145 3890 bonitatis
1168 3838 1225 3889 turc
1238 3835 1373 3890 ellectum
1401 3834 1587 3906 aliquomodo
1611 3832 1721 3907 corrigi
1735 3850 1746 3890 ε

127 3924 332 3996 suffragiame,
343 3937 456 3994 precor,
472 3921 598 3992 adjuva;
616 3926 648 3976 ut
663 3920 950 3995 propternuilapec-
1005 3922 1101 3995 parari
1126 3927 1303 3979 mereantur.
1332 3923 1439 3979 Deinde
1462 3940 1529 3978 vero
1553 3921 1746 3979 communiter

126 4016 192 4068 cota
215 4027 281 4067 mea
296 4015 346 4066 aut
360 4010 502 4067 instantia
516 4026 567 4066 seu
582 4010 682 4067 lutura
697 4012 726 4065 in
743 4027 952 4084 manusperse-
1005 4011 1084 4067 omni
1109 4011 1216 4084 populo
1241 4012 1407 4068 Christiano
1435 4012 1582 4083 majestati
1605 4016 1674 4078 tue,
1696 4010 1746 4070 Do:

66 4152 75 4161 .
125 4100 426 4173 quentiumanimam
442 4099 950 4173 meamtradas‚sedsclitapietata
1005 4099 1137 4172 supplico
1153 4105 1185 4156 ut
1198 4101 1240 4156 eis
1251 4117 1363 4173 pacem,
1377 4101 1452 4157 aeris
1466 4101 1636 4173 temperiem
1653 4100 1743 4175 srugu

125 4192 176 4245 tua
191 4184 307 4262 sempe'r
320 4193 349 4245 et
359 4187 470 4261 ubique
485 4187 633 4244 defendar.
646 4188 756 4244 Deinde
770 4188 948 4246 immensam
1005 4187 1118 4260 copiam
1129 4189 1215 4259 juxta
1238 4189 1428 4246 necessitates
1443 4206 1512 4245 suas
1536 4189 1664 4245 tribuere
1680 4187 1746 4262 digr

125 4277 264 4351 pietatem
289 4281 381 4346 tuam,
397 4277 519 4333 Domine
542 4276 612 4333 Jesu
636 4276 761 4346 Christe,
777 4277 949 4352 suppliciter
1003 4283 1041 4348 et,
1056 4277 1124 4333 licet
1138 4278 1254 4333 insidiis
1270 4277 1422 4335 diabolicis
1434 4284 1486 4334 aut
1500 4279 1587 4335 etiam
1599 4277 1746 4351 fragilitat

122 4367 248 4440 deposco
268 4385 321 4443 pro
348 4367 487 4423 iratribus
510 4367 620 4422 nostris
644 4368 828 4440 coenobiique
854 4370 947 4424 nostri
1005 4383 1092 4422 mana
1106 4366 1280 4422 circumdati
1296 4367 1550 4424 schristianitatis
1565 4365 1645 4422 cultu
1658 4366 1746 4425 variis

121 4458 185 4515 loeo
200 4460 243 4527 ut,
259 4457 338 4532 quia,
354 4456 481 4530 peccatis
508 4455 618 4511 nostris
643 4455 837 4529 exigentibus,
853 4462 947 4514 tama
1002 4456 1047 4512 dis
1062 4455 1223 4524 discedant,
1240 4454 1305 4527 ipsa
1317 4459 1425 4525 tamen,
1438 4472 1546 4530 quaeso,
1557 4455 1632 4511 tanti
1644 4454 1688 4511 tui
1700 4470 1746 4513 nor

120 4551 286 4604 nostratum
302 4563 390 4620 quarn
406 4562 440 4602 ex
454 4545 617 4602 alienorum
633 4544 748 4612 ellectu,
759 4545 831 4618 proh
843 4545 942 4603 dolori
962 4531 983 4595 ὓ
1000 4544 1121 4617 agnitio,
1138 4548 1284 4617 tantaque
1296 4545 1459 4616 majestatis
1483 4544 1637 4617 protessio,
1653 4542 1701 4600 cui
1726 4560 1746 4601 0

118 4637 199 4693 00000
210 4635 339 4695 simulet
350 4636 420 4694 ioris
432 4634 850 4708 destructusest,pergratiam
862 4640 944 4691 tuam
1000 4650 1131 4705 congrua
1155 4634 1372 4706 commendant,
1388 4639 1417 4689 et
1437 4635 1467 4689 in
1483 4651 1541 4706 qua
1565 4648 1647 4706 spem
1663 4631 1746 4690 maxi·

118 4731 208 4798 atque
222 4743 275 4799 per
289 4726 408 4782 illorum
423 4730 592 4781 sanctorum
605 4724 742 4797 (quorum
758 4729 945 4798 0000000000
999 4722 1112 4777 vivendi
1129 4722 1284 4790 collocant,
1300 4721 1359 4778 illis
1373 4724 1467 4795 prosit
1490 4725 1519 4777 iu
1536 4730 1690 4778 eternum.
1708 4722 1746 4779 nd

118 4814 258 4887 reliquias
272 4815 319 4870 hie
335 4815 445 4887 0000000
459 4830 558 4870 amore
583 4812 803 4886 promptissimo
825 4830 943 4870 venera·
999 4828 1115 4884 quoque
1140 4812 1315 4867 immensam
1343 4811 1481 4884 pictatem
1497 4817 1589 4879 tuam,
1607 4811 1735 4868 Domine

119 4902 195 4973 mur)
210 4901 448 4958 intercessionem
464 4903 499 4957 ad
515 4902 632 4958 laudem
643 4907 671 4958 et
681 4902 804 4975 gloriam
814 4902 942 4960 nominis
997 4900 1119 4968 Christe,
1136 4899 1254 4973 postulo
1273 4900 1358 4956 unice
1374 4918 1426 4973 pro
1450 4901 1588 4957 omnibus
1604 4898 1744 4959 fidelibus

882 2059 893 2110 t
916 2056 952 2111 ab
1006 2028 1104 2088 vestro,
1120 2022 1146 2075 et
1160 2026 1239 2074 orote
1251 2033 1301 2089 pro
1317 2018 1443 2084 inuicem,
1460 2015 1713 2072 recalescente
1729 2032 1744 2070 c

1007 2111 1043 2166 de
1059 2113 1092 2164 00
1105 2112 1134 2164 00
1158 2107 1274 2162 illorum
1299 2106 1453 2176 confessio,
1468 2111 1496 2161 ct
1518 2121 1592 2172 moa,
1611 2121 1700 2177 quam
1726 2121 1744 2176 p

1007 2200 1130 2272 profero,
1148 2194 1331 2252 oratiuncula
1346 2195 1464 2250 sibimet
1479 2195 1580 2265 prosit.

118 4990 171 5057 tui,
183 4992 271 5062 atque
281 4991 318 5046 ad
329 4989 512 5046 necessitatis
526 4994 643 5059 nostre,
655 5007 707 5046 nce
719 5008 776 5048 uon
792 4993 828 5048 ad
840 5008 941 5048 eorum
997 4989 1176 5062 gregationis
1200 4997 1304 5044 nostre
1330 4990 1476 5046 defunctis
1500 4990 1654 5058 iratribus,
1684 5006 1740 5047 neo

116 5080 167 5153 qui
185 5078 269 5137 nobis
276 5078 388 5153 jugiter
403 5078 580 5145 deserviunt,
591 5078 767 5150 quiquehuc
780 5097 831 5153 pro
842 5080 941 5153 aliqua
996 5095 1047 5150 pro
1064 5078 1109 5133 bis
1134 5078 1243 5149 quibus
1270 5094 1304 5133 ex
1329 5079 1518 5134 fraternitatis
1540 5078 1746 5136 communione

115 5168 209 5226 salute
233 5169 393 5227 obtinenda
416 5166 586 5232 adveniunt,
610 5183 697 5222 usum
718 5174 879 5241 reparetur.
895 5171 938 5225 nd
995 5168 1746 5240 quacunquccommcndationcauteleemosynarun

113 5256 174 5313 hec
189 5276 304 5333 quoquc
319 5275 421 5332 precor
436 5275 487 5330 pro
503 5254 583 5313 omni
599 5256 753 5328 utriusque
768 5275 855 5315 sexus
870 5276 938 5314 con·
994 5255 1085 5329 gitatc
1100 5272 1230 5327 unquam
1252 5256 1365 5313 debitor
1378 5257 1481 5313 orandi
1506 5258 1601 5313 lactus
1617 5272 1685 5313 sum
1697 5274 1706 5324 ;
1720 5256 1746 5313 dr

111 5346 281 5419 gregatioue
296 5365 359 5420 quac
376 5348 405 5404 in
421 5347 476 5403 hac
500 5347 572 5401 urbe
587 5344 740 5401 consistit:
758 5347 863 5403 deinde
887 5364 938 5419 pro
994 5345 1191 5401 communiter
1213 5362 1265 5417 pro
1281 5348 1394 5402 cunctis
1419 5348 1448 5402 in
1465 5347 1521 5403 lide
1537 5350 1639 5404 sancta
1664 5345 1746 5402 defui

112 5435 224 5492 ceteris
239 5439 378 5495 omnibus
394 5437 444 5509 qui
458 5437 489 5492 in
505 5438 606 5491 sancta
620 5433 750 5490 Ecclesia
772 5435 939 5493 innomine
994 5451 1045 5506 pro
1070 5433 1177 5506 quibus
1197 5433 1331 5490 videlicet
1356 5436 1494 5509 cuiquam
1521 5451 1604 5493 orare
1628 5433 1709 5507 lieet,
1726 5453 1745 5492 u

111 5524 937 5601 tuousquamcongregaticonversantur,utetspiritualis
993 5523 1096 5602 alocis
1119 5523 1283 5596 poenalibus
1307 5524 1432 5581 liberare
1452 5526 1529 5591 ¹etin
1553 5524 1654 5597 requie
1680 5540 1746 5599 pery

111 5616 178 5687 vite
201 5632 337 5679 normam
362 5632 453 5697 quam
477 5614 580 5674 habitu
603 5613 789 5695 profitentur,
805 5617 937 5676 moribus
992 5614 1121 5689 digneris
1137 5614 1288 5673 collocare.
1305 5616 1362 5674 lies
1374 5616 1464 5693 igitur
1473 5633 1584 5693 preces,
1600 5630 1678 5691 quas
1687 5630 1746 5694 ego
