3892 6096
119 254 199 312 10¹5
590 240 792 303 LAMBllll'l'l
816 241 1136 303 lllt'llSFllbDENSlS
1158 244 1352 304 annates.
1754 238 1829 299 1936

159 383 269 440 Deinde
284 395 380 436 rerum
395 374 636 433 Germanicarum
651 373 808 429 Historiam
829 388 947 443 compo·
1003 389 1067 428 rum
1085 391 1141 429 non
1156 374 1185 428 in
1201 374 1298 446 capite
1320 372 1444 438 divisus,
1469 388 1568 427 revera
1589 374 1692 427 umen
1715 370 1831 426 duobus

119 473 191 529 suit.
208 471 261 536 Qui
276 470 359 533 liber,
371 480 540 537 quanquam
555 478 590 518 ex
605 478 686 518 more
700 461 818 517 illorum
835 466 948 533 tempo·
1002 461 1518 534 voluminibuscontinetur,quorum
1527 457 1829 517 alternmllnnalium.

212 663 278 703 sum
291 643 387 718 gloria
402 647 432 699 et
447 640 660 713 magnitudinis
672 640 790 696 culmen
806 642 947 695 evaserat.
964 639 1075 710 Opibus
1098 640 1121 696 si
1146 640 1254 707 uideni,
1277 640 1355 712 agris
1375 655 1409 697 sc
1432 638 1552 695 familiis
1568 654 1684 695 necnon
1700 636 1830 695 aedificiis

211 717 305 789 magis
321 715 474 797 magisque
489 713 518 768 in
535 712 597 768 dies
614 712 786 783 angebatur,
802 711 908 783 partim
924 711 1022 767 studio
1039 711 1113 767 beati
1125 657 1215 779 balli,
1232 711 1374 784 sapientis
1386 711 1546 767 admodum
1560 710 1627 780 viri,
1640 708 1828 783 partimlibe·

212 789 325 844 ral‘itate
336 787 500 859 principum
513 784 607 838 tocius
618 782 764 856 regni,qui
776 781 822 853 pio
833 783 897 853 ejus
907 781 1052 837 desiderio
1064 799 1117 854 ope
1128 800 1245 839 summa
1256 799 1358 838 omnes
1368 782 1631 838 annitebantur&
1640 783 1734 837 etism
1745 797 1828 837 caiisa

211 878 281 932 opes
298 857 467 914 monasterii
483 872 541 911 non
557 854 713 909 minimum
731 859 859 919 auxerat,
876 853 952 924 quod
968 853 1134 924 frequentes
1148 870 1181 910 eo
1197 854 1382 909 confluebant
1397 853 1530 910 homines
1545 852 1673 909 celebris
1687 853 1719 908 in
1735 852 1827 909 seculo

212 949 240 987 at
255 932 338 987 lamro
351 936 380 984 ct
394 927 521 993 familiis,
537 927 587 998 qui
603 926 728 980 venditis
744 925 831 980 rebus
847 923 1040 980 familiaribus
1076 925 1153 980 recia
1167 942 1268 980 earum
1284 924 1453 991 afferebant,
1470 930 1499 979 et
1517 925 1686 981 secundum
1697 923 1826 980 institute

213 999 365 1076 primitivo
380 999 507 1056 ecclesia¹
523 1015 557 1052 ea
571 997 797 1053 substernebant
812 995 936 1066 pedibus
951 942 1150 1067 apostolbrum
1166 997 1295 1052 Simonis
1311 1001 1340 1051 et
1355 998 1445 1051 tudes.
1462 997 1521 1068 (ilii
1539 997 1616 1051 enim
1642 996 1761 1051 ecclesie
1782 996 1826 1050 loci

212 1075 357 1130 iettitulotii
371 1080 430 1127 erat
446 1071 513 1140 (21).
534 1069 605 1123 Nam
624 1074 733 1140 postea,
756 1072 789 1122 ut
815 1070 889 1122 Deus
914 1067 1028 1138 insigne
1050 1069 1259 1123 documentum
1282 1068 1365 1123 daret
1388 1066 1546 1138 spectantis
1570 1083 1604 1122 en
1628 1066 1825 1122 benivolentia

214 1164 273 1202 sua
291 1147 322 1215 ¹⁰,
337 1144 415 1198 idem
431 1144 550 1196 sanctus
566 1140 694 1210 pontifex
709 1137 838 1210 angelica
853 1136 882 1191 in
897 1140 1010 1194 somnis
1024 1154 1092 1194 voce
1107 1139 1250 1194 tertiaeet
1265 1137 1455 1204 ammonitus,
1470 1144 1503 1193 ut
1517 1153 1625 1210 corpus
1649 1138 1731 1193 beati
1751 1136 1825 1218 Wig-

215 1215 288 1272 berti
302 1232 335 1271 eo
349 1215 528 1269 transferret.
547 1211 574 1266 ls
589 1211 682 1265 accitu
698 1209 772 1266 beati
790 1208 927 1264 Bonifatii
942 1208 977 1265 de
992 1209 1143 1265 Britannia
1165 1211 1296 1274 veniens,
1313 1211 1342 1263 in
1359 1209 1461 1265 Galliis
1479 1209 1568 1265 vitam
1595 1225 1718 1266 morum
1742 1208 1825 1281 gloria

214 1287 432 1343 ornatissimam
449 1289 592 1352 exegerat,
609 1281 786 1353 tandemque
802 1279 875 1335 felici
891 1280 921 1334 in
936 1279 1050 1336 Christo
1065 1281 1239 1337 dormitione
1253 1297 1285 1336 so
1308 1282 1378 1348 iliis,
1397 1280 1425 1335 in
1442 1280 1549 1353 oppido
1570 1279 1715 1337 Friteslar
1738 1279 1824 1352 sepul·

215 1366 311 1415 turam
326 1361 485 1428 acceperat.
502 1355 560 1425 llgo
577 1356 648 1408 baut
661 1358 771 1433 temero
787 1368 839 1406 nee
854 1351 917 1407 sine
933 1350 984 1407 Dei
1000 1356 1072 1407 nutu
1096 1356 1214 1434 gestum
1230 1297 1326 1416 ereifo,
1339 1356 1370 1406 nt
1385 1351 1479 1407 sancti
1494 1351 1646 1424 pontiflcis
1667 1355 1700 1408 et
1721 1357 1825 1408 sancto·

215 1447 280 1486 runi
298 1431 331 1494 ¹¹,
349 1433 380 1483 ut
395 1444 427 1482 se
441 1441 507 1481 mea
522 1428 577 1480 fert
589 1424 697 1495 opinio,
715 1426 839 1479 fratrum
857 1422 886 1491 ¹¹,
903 1421 994 1478 animi
1004 1427 1064 1478 tam
1077 1422 1234 1479 difficulter
1248 1422 1455 1479 coalescerent.
1467 1423 1496 1477 Si
1510 1422 1589 1478 enim
1606 1420 1825 1479 benivolentiam

214 1503 312 1574 episco
336 1500 343 1553 i
361 1500 421 1552 limo
438 1513 534 1552 rerum
552 1494 679 1567 procella
695 1511 753 1549 non
768 1493 1082 1564 excepisset,nimirum
1098 1494 1129 1549 in
1144 1493 1238 1550 alieno
1254 1494 1445 1550 fundamento
1460 1493 1584 1550 nimium
1596 1493 1824 1566 occupatuspri·

213 1578 283 1629 vatis
299 1517 397 1643 gloria
414 1567 545 1624 studium
561 1566 720 1630 omisisset,
734 1570 822 1637 atquc
838 1563 1031 1620 Herveldenso
1047 1581 1164 1634 nomen,
1180 1570 1240 1621 toto
1256 1581 1333 1620 nunc
1349 1567 1418 1621 orbe
1433 1564 1648 1632 clarissimum,
1668 1564 1789 1622 abiisset
1800 1565 1824 1621 iii

215 1660 352 1711 vacuum,
369 1657 421 1695 nee
436 1645 518 1694 tanta
532 1638 616 1709 copis
630 1636 884 1692 sanctissimorum
900 1635 1053 1691 hominurn
1069 1653 1101 1692 eo
1115 1635 1169 1691 loci
1185 1637 1421 1692 conversantium
1443 1636 1574 1692 auxisset
1592 1652 1757 1692 numerum
1777 1653 1824 1692 on·

216 1716 334 1772 lestium
351 1711 522 1784 spirituum.
540 1710 632 1780 lgitur
646 1724 713 1764 cuin
729 1708 832 1762 beatus
848 1706 949 1762 Liillus
964 1710 1174 1763 monasterium
1191 1706 1262 1762 illud
1277 1706 1392 1779 opibus,
1409 1707 1551 1772 adificiis,
1567 1706 1695 1763 familiis
1719 1723 1824 1780 qnoque

216 1786 327 1843 affatim
343 1786 520 1848 exornasset,
537 1785 734 1850 cunctumque
750 1779 856 1834 domus
871 1777 986 1833 Domini
1000 1779 1134 1834 decorem
1148 1779 1307 1851 adjungere
1322 1777 1511 1846 elaborasset,
1524 1776 1752 1835 multitudinem
1763 1795 1823 1851 qno·

216 1875 272 1930 que
287 1858 409 1911 fratrum
426 1857 542 1909 centurn
558 1849 692 1906 videlicet
706 1848 1185 1922 quinquagintatemperatissimis
1200 1849 1344 1904 institutis
1356 1848 1701 1917 instruxisset,lfarolnm
1713 1851 1825 1922 impera·

216 1935 320 1995 torem,
332 1926 378 1982 cui
393 1941 427 1980 eir
440 1925 546 1978 virtute
560 1938 666 1977 nomen
682 1920 804 1977 necessit
817 1927 850 1975 ut
864 1917 988 1977 Karalus
1003 1919 1127 1993 Magnus
1144 1921 1300 1991 diceretur,
1317 1936 1351 1976 eo
1365 1921 1487 1990 vocavit,
1498 1925 1527 1977 et
1540 1925 1649 1978 cuncta
1663 1921 1697 1977 in
1714 1921 1824 1977 tutelam

216 2002 281 2083 ejus
297 1994 606 2121 patrocinandilgrptga
617 1992 752 2118 traditdit3
765 1992 900 2062 hancque
914 1991 1100 2117 {mtdlssifflssm
1117 1996 1146 2047 et
1160 1990 1361 2066 patrocinandi
1373 1993 1434 2062 jus,
1451 1991 1565 2049 cunctis
1580 1992 1726 2066 deinceps
1743 1993 1772 2048 in
1786 2009 1825 2049 so·

217 2073 499 2196 11υὲεέθὲἓέξὲξὲῗο
511 2078 1096 2192 {inepfflegasiisrqiopligsq{sestarium,dicta
1111 2130 1229 2188 libellus
1244 2133 1352 2188 devita
1367 2132 1461 2189 sancti
1478 2133 1550 2188 Lulli
1566 2135 1735 2202 (meditus
1749 2134 1825 2190 latins

217 2212 351 2286 explicat,
368 2209 476 2282 siquis
493 2224 527 2264 ea
542 2206 657 2280 plenius
673 2222 761 2261 nosse
774 2205 931 2261 desiderat.
948 2203 1079 2271 Qualiter
1095 2220 1161 2259 vero
1181 2209 1247 2275 post
1266 2204 1326 2259 hae
1345 2204 1426 2260 locus
1437 2202 1485 2260 ille
1499 2221 1551 2276 per
1564 2204 1753 2263 incrementa
1765 2212 1826 2262 tene

218 2301 320 2357 porum
337 2284 372 2338 ad
389 2282 551 2354 profectum
567 2277 794 2350 pervenerit‚aut
809 2275 935 2348 qualiter
949 2275 1135 2347 supradictus
1148 2275 1270 2330 fratrum
1282 2292 1423 2331 numerus
1434 2280 1552 2332 centum
1563 2275 1705 2334 videlicet
1715 2278 1825 2360 atquin-

217 2357 356 2429 quaginta
369 2354 481 2457 integro
497 2351 593 2406 adbuc
608 2365 705 2406 rerum
722 2353 810 2414 statu,
827 2346 1064 2428 imminutussit,
1078 2346 1121 2402 vel
1135 2346 1238 2419 quales
1253 2345 1304 2401 viri
1320 2346 1439 2402 sibimet
1466 2347 1494 2402 in
1517 2363 1548 2403 re
1571 2347 1665 2404 imine
1688 2348 1744 2405 loci
1757 2349 1825 2404 illius

216 2425 411 2485 successerint
426 2425 433 2458 ¹
463 2437 556 2493 usque
571 2422 606 2476 ad
620 2425 752 2491 tempora
766 2418 898 2474 Gozberti
910 2417 1037 2482 abbatis,
1050 2434 1154 2489 parum
1171 2423 1352 2500 compertum
1367 2417 1521 2474 babemus.
1564 2417 1618 2473 ihil
1640 2420 1725 2477 enim
1740 2420 1774 2476 dc
1787 2420 1825 2476 bis

220 2497 325 2553 litteris
344 2494 471 2549 inditum
493 2492 686 2563 repperimus,
703 2490 807 2561 magis,
825 2493 856 2542 ut
871 2504 902 2543 se
915 2504 979 2544 mea
994 2488 1049 2543 fert
1062 2488 1170 2560 opinio,
1195 2495 1371 2560 scriptorum
1394 2489 1508 2545 incuria
1530 2505 1621 2560 quam
1647 2490 1824 2565 ingeniorum

220 2565 352 2641 penuria.
369 2565 498 2628 Quorum
514 2567 611 2617 tomen
626 2561 732 2616 seriem
748 2560 795 2614 hic
809 2575 915 2631 ponere
930 2558 1069 2614 duximus
1084 2561 1217 2632 dignum,
1233 2559 1293 2616 sive
1308 2575 1344 2615 ne
1357 2558 1473 2632 penitus
1485 2564 1630 2617 vetustate
1655 2576 1673 2618 s
1697 2561 1824 2619 memorie

220 2637 402 2702 aboleantur,
417 2636 477 2690 sive
492 2633 569 2705 quod
585 2631 678 2703 aliqui
692 2647 805 2697 eorum,
822 2646 939 2686 summo
953 2631 1045 2685 functi
1060 2630 1222 2686 sacerdotio
1237 2631 1304 2703 (23),
1320 2636 1350 2687 st
1364 2631 1431 2687 usui
1447 2631 1575 2704 profecto
1591 2633 1717 2690 fuerunt
1737 2639 1824 2691 nostro

220 2708 399 2766 monasterio
413 2711 442 2761 et
458 2703 559 2761 bonori
573 2704 640 2770 (24).
658 2702 790 2757 Baltbart
804 2702 905 2770 abbas,
922 2702 1003 2757 Bnno
1018 2701 1119 2769 abbas,
1135 2702 1293 2759 Brunwart
1317 2703 1340 2738 ¹⁴
1363 2703 1465 2770 abbas,
1489 2703 1605 2776 Drnogo
1633 2703 1739 2774 abbas,
1763 2705 1822 2761 llar-

183 2804 186 2811 .
218 2782 314 2848 daret,
330 2779 432 2845 abbas,
447 2776 580 2832 Diethart
593 2775 695 2839 abbas,
710 2773 780 2828 item
796 2772 929 2827 Diethart
943 2772 1034 2828 abbas
1050 2775 1079 2854 et
1093 2773 1258 2844 episcopus,
1276 2773 1430 2881 Burchsrit⁸
1443 2774 1534 2830 abbas
1549 2780 1579 2830 et
1593 2774 1762 2858 episcopus,
1776 2781 1823 2831 lle

218 2843 1113 2989 tttttttttti.ftt‘ttttt.tlttttttttttttsstt
1124 2844 1823 2991 99990ῗέ999999999ῗέἒιὲἕῑὶἳὲ

218 2999 247 3050 et
259 2994 393 3049 decorem
408 2990 471 3045 fieri
486 2989 564 3070 feeit.
580 2987 742 3069 limbonem
758 3002 824 3068 yero
839 2993 950 3069 patenae
966 2984 1120 3042 latitudine
1143 3003 1216 3060 pene
1241 2987 1328 3043 nnius
1353 2987 1457 3060 palme
1481 2992 1577 3045 totum
1602 3005 1656 3061 per
1682 2990 1823 3047 circuitum

218 3065 367 3136 lapidibus
383 3062 609 3133 preciosissimis
622 3063 651 3113 et
665 3059 824 3113 unionibus
839 3061 963 3113 vestivit.

256 3139 362 3191 Verum
379 3150 431 3189 noe
446 3148 555 3203 eaquae
572 3129 658 3203 paulo
674 3133 740 3184 ante
754 3134 885 3185 nostram
900 3131 1014 3184 etatem
1030 3133 1113 3200 gesta
1126 3133 1206 3193 sunt,
1220 3128 1447 3201 breviter,prout
1460 3145 1494 3186 ea
1508 3129 1656 3202 expiscari
1672 3132 1820 3204 potuimus,

218 3207 405 3278 attingentes,
422 3203 560 3286 bneque
572 3201 680 3256 nostris
696 3201 782 3256 modo
796 3199 979 3271 temporibus
993 3198 1341 3272 geriintur‚lamentando
1355 3200 1454 3273 potius
1470 3217 1558 3273 quam
1576 3202 1718 3259 dictando
1728 3204 1821 3260 subne-

218 3285 342 3334 ctamus.
359 3277 392 3332 Et
408 3292 443 3331 ne
459 3290 525 3346 quis
540 3273 625 3329 nobis
642 3271 756 3327 crimini
772 3272 870 3336 ducat,
886 3270 965 3342 quod
979 3274 1111 3341 tempora
1127 3286 1227 3343 regum
1252 3273 1296 3326 vel
1323 3271 1522 3328 Romanorum
1547 3273 1760 3345 imperatorum
1780 3289 1822 3346 per

108 3382 112 3387 ·
218 3348 418 3406 successiones
433 3362 502 3402 suas
517 3345 585 3400 biiio
601 3342 742 3416 opusculo
757 3343 954 3410 subtexeotes,
969 3356 1027 3396 non
1043 3358 1144 3397 eornm
1160 3358 1276 3415 quoqne
1291 3343 1413 3399 feliciter
1427 3343 1471 3400 vel
1490 3360 1577 3400 secus
1597 3351 1684 3417 geste
1708 3345 1820 3402 historia

218 3438 298 3476 more
322 3419 431 3491 pariter
449 3416 626 3480 inseramus,
644 3415 698 3469 boo
713 3414 769 3469 sibi
784 3413 917 3485 responsi
932 3412 1038 3468 hebeat
1050 3413 1229 3484 quicumque
1244 3413 1305 3469 bec
1318 3413 1412 3487 legere
1427 3414 1559 3471 animum
1575 3415 1761 3485 indicatncs
1774 3430 1820 3472 nee

217 3491 356 3548 statuisse
372 3489 472 3545 omnia
483 3488 619 3552 seribere,
636 3503 700 3558 que
716 3485 746 3540 in
763 3501 793 3540 re
809 3483 925 3556 publica
938 3483 982 3539 vel
999 3483 1120 3539 ecclesia
1134 3489 1217 3556 gesta
1231 3490 1301 3541 sunt
1316 3491 1367 3542 aut
1380 3492 1532 3558 geruntur,
1545 3492 1649 3557 utpote
1664 3484 1819 3546 manasterii

217 3579 330 3619 carcere
346 3560 474 3616 inclusos
490 3575 542 3613 nec
557 3557 709 3612 hominum
726 3560 860 3628 expertes
877 3571 928 3610 nec
943 3553 1027 3610 valde
1038 3555 1262 3627 curiososllrgo
1274 3556 1346 3612 mibi
1356 3557 1432 3613 banc
1444 3562 1560 3613 tantum
1571 3574 1695 3629 operam
1709 3559 1818 3632 injunxi,

220 3640 252 3690 ut
267 3639 371 3689 nostre
388 3632 429 3687 rei
445 3630 567 3702 publiea
583 3627 789 3692 consules‚hoc
804 3632 849 3682 est
864 3625 1033 3682 monasterii
1050 3626 1143 3681 nostri
1159 3631 1255 3698 patres
1270 3632 1357 3699 atque
1374 3626 1585 3692 'rectoreeeuni
1601 3630 1819 3693 calamitatibus,

218 3722 282 3777 quae
297 3721 351 3760 nos
365 3701 512 3758 modernis
526 3700 710 3772 temporibus
724 3702 934 3770 oppresserunt
969 3696 1029 3753 stili
1057 3696 1153 3753 officio
1177 3698 1211 3754 ad
1238 3704 1369 3770 posteros
1393 3700 1621 3756 tansmitterem.
1649 3702 1723 3759 Nam
1744 3703 1819 3758 iidem

218 3777 275 3849 ipsi
290 3778 311 3812 ¹¹
327 3774 467 3830 nimirum
481 3773 672 3844 imperatores
685 3785 805 3826 snorum
822 3785 923 3825 secum
935 3741 1048 3849 babent
1060 3785 1206 3839 precones
1222 3770 1405 3838 meritorum,
1421 3771 1610 3843 experientia,
1622 3777 1659 3829 ut
1674 3774 1714 3831 ita
1728 3774 1818 3836 dicem,

216 3847 373 3975 ξενηῖουία
387 3846 429 3902 cis
444 3844 598 3901 scribenda
610 3842 748 3906 dictante,
765 3847 793 3896 et
807 3840 896 3897 falsas
911 3839 1064 3912 opiniones
1078 3840 1198 3896 veritate
1213 3841 1391 3912 astipulante
1401 3841 1518 3916 longius
1529 3843 1819 3916 propellentellcron

238 3935 277 3975 co
316 3922 447 3974 actenus.

251 3990 343 4071 Igitur
356 3988 516 4043 Gosbertus
532 3984 623 4040 abbas
639 3984 696 4056 (cn.
711 3984 786 4054 970),
806 3982 861 4039 etsi
877 3998 936 4037 non
951 3997 1078 4046 morum,
1093 3981 1185 4037 studii
1200 3985 1298 4038 tamen
1323 3983 1370 4038 sui
1393 4000 1409 4040 c
1445 4000 1462 4039 a
1484 3982 1581 4040 locum
1607 3986 1819 4044 Harueldsnseni

217 4065 289 4116 satis
304 4059 423 4114 evidens
439 4057 473 4111 ad
491 4072 544 4110 nos
560 4054 727 4110 transmisit
741 4055 962 4119 documentum,
979 4068 1118 4123 magnam
1136 4051 1248 4108 scilieet
1269 4053 1382 4125 copiam
1406 4054 1426 4110 li
1451 4071 1549 4113 rorum
1575 4073 1631 4113 suo
1656 4058 1773 4115 nomine
1790 4055 1820 4111 ob

217 4130 432 4186 monimentum
447 4127 492 4182 sui
508 4124 735 4182 attitulatorum.
752 4125 881 4180 Plurima
895 4139 1011 4195 qnoque
1025 4127 1198 4179 ornaments
1211 4123 1241 4178 iu
1256 4141 1328 4181 auro
1342 4129 1370 4181 et
1384 4131 1515 4199 argento,
1531 4125 1561 4183 in
1578 4129 1716 4187 vestibus
1731 4127 1819 4191 sacris

215 4201 323 4272 quibus
334 4197 524 4255 uterenturin
536 4195 658 4268 gloriam
673 4196 833 4269 ingressuri
847 4193 1192 4264 sanctuarinm,tabolnm
1204 4196 1432 4268 quoqueallaris
1442 4214 1505 4254 com
1528 4200 1608 4254 osuit
1618 4200 1819 4273 (etc.),dicens:

217 4293 230 4321 «
244 4271 366 4327 Domine
381 4269 468 4324 dilexi
483 4268 618 4323 decorem
633 4266 740 4324 domus
753 4273 810 4322 tois
828 4291 838 4315 ι
856 4267 935 4339 (etc.)
949 4270 1079 4338 tempore
1102 4265 1215 4322 Ottonis
1235 4268 1360 4351 secundi,
1379 4269 1439 4341 (qui
1461 4215 1642 4327 liubrandus
1666 4268 1818 4338 dicebaut.)

215 4345 277 4410 Quo
293 4349 407 4398 mortuo
423 4342 480 4412 (on.
497 4338 578 4464 (mli
589 4340 725 4394 Ottonem
741 4339 835 4394 filium
850 4337 966 4409 reliquit
980 4335 1116 4393 heredem
1128 4336 1282 4419 parvulum
1294 4364 1301 4404 ;
1315 4356 1361 4395 cui
1373 4344 1496 4412 patruus
1506 4339 1665 4400 Heinrieus
1677 4344 1699 4380 ¹¹
1709 4355 1818 4415 rsgunnr

213 4414 371 4486 subripuit.
390 4413 458 4467 inde
471 4411 550 4466 Ludo
576 4427 621 4475 us,
638 4410 726 4465 frater
739 4410 864 4479 Ottonis,
879 4410 957 4464 idem
972 4412 1154 4479 attemptavit
1165 4409 1232 4482 (25).
1247 4411 1302 4466 Sed
1315 4410 1490 4483 optimatum
1506 4413 1602 4484 inaj0r
1616 4414 1662 4471 vis
1678 4415 1818 4485 utriusqus

213 4491 351 4542 conatum
368 4482 516 4554 repressit.
529 4481 628 4537 abbas
641 4481 810 4545 (imbertus,
828 4480 898 4554 quia
913 4478 1035 4536 Ludolfo
1046 4481 1205 4550 juraverat,
1232 4480 1330 4537 Ottoni
1349 4482 1451 4553 Jnrare
1474 4481 1580 4541 noluit.
1596 4486 1728 4559 ldcoqnc
1740 4484 1817 4541 disne

211 4560 294 4626 dens,
310 4556 488 4613 bernharius
503 4569 537 4611 ex
551 4553 684 4625 ejusdem
695 4552 865 4610 monasterii
876 4550 1032 4625 preposito
1043 4551 1133 4607 abbas
1146 4552 1288 4609 successit
1297 4554 1449 4626 superstiti
1463 4554 1597 4627 (anam).
1615 4557 1699 4615 Idem
1711 4555 1815 4615 calicem

795 4667 915 4724 VARlAE
943 4665 1148 4723 Lectiones

157 4767 180 4802 ¹⁰
195 4766 229 4821 itt
243 4781 300 4820 non
316 4763 379 4819 sine
394 4778 447 4818 suo
463 4764 537 4816 nutu
552 4762 679 4831 gestum,
697 4762 802 4814 uttam
818 4756 975 4812 difficulter
988 4754 1184 4812 coalescerent
1198 4756 1288 4813 animi
1305 4757 1494 4816 fuldensium
1506 4759 1635 4818 fratrum
1646 4778 1717 4821 cnm
1731 4761 1819 4820 mimo

117 4834 408 4908 pontificisoddi'tic.
424 4831 657 4902 sedcoidefiisro.
697 4831 717 4865 ¹¹
734 4826 1010 4901 apostolorumodd.
1026 4843 1049 4882 o.
1089 4827 1323 4884 ¹¹factnmcorr.
1341 4830 1464 4887 fratrum
1480 4834 1714 4892 tractarentur
1726 4834 1817 4904 estrcf.

120 4909 246 4963 etiamsi.
264 4924 291 4963 a.
330 4905 352 4941 ¹³
367 4906 573 4960 successerunt
586 4918 610 4957 o.
650 4899 897 4957 ¹‘brunwartbe
936 4895 1187 4972 ¹¹gosberthnse.
1227 4899 1248 4934 ¹¹
1261 4900 1339 4956 idem
1354 4900 1417 4974 ipse
1430 4919 1454 4959 c.
1494 4902 1818 4980 ”dimensam

914 4995 1030 5052 NOTAE.

153 5093 208 5166 (21)
225 5094 292 5160 Quis
306 5092 403 5147 littera
417 5088 536 5170 obliqua
550 5101 688 5157 expressa
706 5088 849 5158 uncisque
872 5088 943 5142 sunt
1032 5082 1087 5157 (2l)
1102 5083 1144 5141 Cf.
1161 5083 1325 5158 catalogum
1341 5087 1481 5144 abbatum
1505 5104 1540 5145 cir
1562 5090 1673 5148 Annel.
1700 5088 1817 5148 flersfsl·

115 5163 243 5228 inclusa,
259 5161 510 5220 Hemerslebensis
539 5157 682 5228 adjecisse
710 5159 833 5214 videtur.
996 5155 1138 5212 densibns
1154 5156 1254 5228 prima
1269 5158 1426 5215 Annalium
1444 5159 1517 5233 parti
1527 5158 1649 5220 illatum
1659 5160 1816 5233 emble.

152 5236 288 5307 (2‘2lllrec
307 5234 396 5291 rerba
419 5228 563 5287 Lamberti
588 5244 653 5284 esse
676 5228 821 5297 videntur,
847 5229 887 5284 ita
911 5233 942 5284 ut
995 5227 1058 5296 875,
1091 5227 1154 5297 892,
1183 5228 1247 5296 901,
1275 5229 1338 5302 927,
1375 5231 1438 5303 928,
1466 5231 1530 5301 933,
1563 5233 1630 5306 956,
1664 5233 1731 5302 lm,
1761 5232 1816 5299 912,

114 5304 181 5359 Vita
194 5308 256 5374 jain
274 5309 337 5376 ejus
352 5311 482 5375 tempore
497 5300 606 5370 scripta
622 5304 708 5354 esset.
722 5305 759 5356 iia
791 5317 828 5356 iia
843 5302 939 5355 eflla-
995 5298 1057 5366 970,
1075 5298 1118 5355 W.

115 5375 204 5429 billon
224 5382 288 5432 acta
302 5378 384 5448 lll‚ii,
395 5395 422 5449 p.
438 5375 500 5428 luo.
518 5370 568 5427 llla
584 5388 646 5442 quin
663 5371 691 5425 iii
707 5373 770 5426 coil.
804 5370 939 5444 clangen-
1030 5370 1085 5440 (25)
1102 5369 1156 5424 lles
1173 5385 1244 5425 sane
1256 5370 1399 5443 inaudita,
1417 5389 1506 5444 quani
1522 5374 1674 5447 quomodo
1688 5377 1815 5432 flamen·

115 5446 139 5501 si
157 5454 249 5502 exstat
263 5465 329 5504 oiim
347 5446 392 5502 liis
409 5463 471 5518 quen
489 5443 660 5501 lambertus
675 5448 774 5498 narrat
788 5443 940 5499 sstiscon·
996 5438 1122 5496 lebcnsis
1138 5443 1281 5512 acceperit
1295 5472 1328 5484 ·-
1345 5460 1412 5498 oiim
1434 5446 1587 5504 lamberto
1612 5463 1673 5504 non
1696 5447 1813 5506 tubum

114 5520 204 5574 venit.
994 5514 1089 5568 ausim
1105 5544 1138 5553 —
1155 5511 1317 5591 intelligere
1333 5531 1454 5591 nequeo.

151 5591 207 5660 (23)
226 5590 251 5643 ¹·l
269 5597 314 5644 ret
327 5589 579 5661 archiepiscopatu
595 5581 776 5657 Moguntino.
