3892 6096
56 244 122 305 329
679 241 794 304 LIBER
818 240 1142 304 PRDVDRBlORUM.
1705 246 1765 307 330

96 375 172 442 Quid
186 375 307 449 prodest
324 374 457 432 studium
473 376 552 449 quod
577 375 703 432 fructum
720 392 778 431 non
796 374 886 431 babet
899 375 928 443 Α
977 374 1121 447 Resurget
1136 375 1165 430 in
1180 374 1276 447 prima
1290 375 1341 448 qui
1364 394 1422 434 non
1445 375 1508 434 vult
1522 376 1658 436 damnari
1674 377 1705 434 in
1721 394 1766 434 ra·

756 462 888 538 [ullumt
942 462 1123 519 surrectione
1138 466 1278 520 secunda.

96 556 231 622 onerare
244 554 317 626 quid
332 555 452 627 prodest
466 571 563 628 gazas,
574 559 603 611 et
617 554 737 628 perdere
751 554 868 624 omium,
977 553 1118 625 Raptores
1133 554 1295 611 alienarum
1317 572 1426 623 rerum,
1441 555 1498 630 ipsi
1520 559 1700 633 quaudoque
1724 574 1768 615 ra·

97 646 191 710 Quam
204 644 299 701 bouus
314 648 360 701 est
383 644 525 701 Dominus
551 644 665 701 cunctis
690 642 888 715 quaerentibus
941 641 1061 714 pientur
1075 641 1112 698 ad
1128 642 1292 700 interitum.

773 731 888 804 [illum.
978 731 1158 803 Repentinus
1174 733 1254 789 iuror
1269 732 1310 789 nil
1325 734 1448 791 rationis
1463 734 1560 792 babet.

97 824 247 890 Quantum
258 820 326 895 plus
335 820 565 893 valeas,tantum
579 822 752 878 submittere
762 820 886 878 Christo.
978 819 1112 877 Rebelles
1126 821 1230 879 divine
1256 822 1356 896 pietati
1370 824 1524 881 tradentur
1538 825 1687 883 diabolice
1711 841 1766 900 po·

96 912 154 977 ent
178 911 233 968 tibi
253 910 456 978 demultum,
481 911 517 967 de
541 916 569 967 te
591 926 708 984 quoque
732 909 836 983 quaerit
858 909 888 964 id
942 909 1051 965 testati.

756 999 886 1071 [ipsum.
979 998 1035 1055 Res
1052 998 1189 1071 quaelibet
1203 1000 1329 1058 obscura
1343 1018 1395 1074 per
1418 1001 1643 1061 similitudinem
1658 1005 1703 1060 est
1717 1017 1766 1059 ex·

96 1092 192 1158 Quem
203 1093 281 1146 Deus
296 1089 425 1156 indurat,
441 1088 520 1146 bunc
535 1088 634 1146 nultus
649 1092 751 1161 postea
765 1093 857 1145 curat.
942 1086 1100 1161 plananda.

366 1177 481 1234 CAPUT
498 1176 585 1233 Xth.
978 1178 1103 1250 Reprobi
1119 1183 1147 1234 et
1166 1179 1196 1235 in
1220 1179 1274 1236 hoo
1299 1181 1405 1239 seculo
1420 1182 1580 1257 fatigantur
1600 1181 1768 1254 desitleriis,

97 1270 233 1343 Regnum
257 1273 353 1339 tuum,
369 1267 503 1337 Domine,
520 1282 642 1340 regnum
654 1265 786 1323 omnium
799 1281 889 1323 eaeou·
943 1269 971 1322 et
985 1267 1015 1322 in
1031 1267 1129 1323 futuro
1142 1268 1306 1327 tormentis.

59 1359 172 1417 lorum.
979 1356 1100 1412 Rustica
1113 1355 1216 1429 lingua
1228 1358 1283 1413 viri
1297 1365 1485 1418 mansuetum
1502 1378 1552 1418 oor
1566 1362 1722 1419 retinentis

96 1452 205 1505 Rectus
219 1448 300 1503 decet
315 1445 454 1503 laudatio.
978 1444 1093 1501 Gratior
1106 1450 1152 1502 est
1163 1446 1287 1504 Domino
1302 1466 1392 1522 quam
1408 1448 1510 1523 lingua
1524 1451 1620 1523 perita
1634 1451 1768 1525 superbi.

97 1537 339 1608 Rectejudicate‚
352 1535 404 1591 filii
420 1534 585 1591 hominurn.
979 1533 1038 1589 Rex
1051 1535 1119 1606 pius
1134 1538 1163 1591 et
1173 1536 1273 1607 justus
1288 1539 1388 1594 studet
1407 1539 1462 1596 boo
1478 1540 1556 1613 quod
1572 1539 1679 1596 dicitur
1693 1555 1768 1597 esso.

97 1627 223 1683 Rectum
238 1630 283 1682 est
296 1625 418 1681 verbum
428 1623 707 1695 Domiui‚etomnia
721 1638 810 1695 opera
824 1622 889 1695 ejus
979 1622 1054 1678 Rara
1078 1623 1151 1679 fides
1178 1624 1291 1681 homini
1314 1626 1471 1686 tribuenda
1495 1633 1549 1699 est,
1565 1628 1639 1701 prob
1664 1627 1765 1686 dolori

62 1717 93 1773 in
109 1716 181 1773 fide.
904 1753 927 1818 B
1659 1716 1765 1784 [omui.

97 1805 234 1862 Redimet
247 1804 390 1860 Dominus
413 1802 527 1859 animas
549 1816 697 1858 servorum
713 1815 846 1871 suorum,
859 1803 888 1856 et
977 1799 1082 1856 Rector
1094 1802 1250 1873 perlectus,
1267 1803 1314 1860 bio
1330 1804 1426 1876 primo
1443 1821 1515 1862 suos
1529 1806 1604 1878 regit
1618 1808 1712 1862 aolus.

62 1912 121 1952 non
134 1892 307 1966 delinquent
321 1908 424 1949 omues
439 1892 490 1963 qui
503 1894 622 1964 sperant
635 1889 666 1946 iu
681 1905 726 1947 eo.
977 1889 1065 1962 Regis
1080 1908 1206 1963 persona
1221 1908 1318 1966 regem
1334 1898 1433 1950 monet
1448 1893 1484 1950 ad
1499 1893 1631 1950 meliora.

98 1983 206 2040 Revela
220 1982 343 2039 Domino
359 1981 435 2037 viam
454 1984 547 2048 tuam,
563 1985 592 2036 et
606 1996 691 2053 spera
711 1979 742 2035 in
765 1995 844 2051 eum,
859 1981 889 2035 et
977 1978 1111 2052 Regnum
1124 1980 1264 2036 coeiorum
1280 1986 1394 2055 raptare
1409 1983 1505 2040 solent
1518 1981 1647 2039 violanti.

62 2075 127 2147 ipse
140 2072 237 2130 iaciat.
977 2068 1074 2124 Rebus
1089 2067 1118 2124 in
1133 2070 1265 2126 adversis
1280 2088 1316 2127 ne
1331 2076 1429 2128 motus
1444 2071 1624 2130 destituaris.

96 2163 234 2236 Regnum
244 2160 384 2218 ccelorum
396 2157 453 2215 vim
464 2158 585 2231 patitur,
597 2162 625 2214 ct
639 2157 757 2215 violenti
770 2155 889 2230 rapiunt
1238 2159 1354 2216 CAPUT
1372 2160 1469 2217 XVlll.

62 2250 150 2310 illud.
977 2247 1086 2303 Sorvite
1101 2247 1224 2305 Domino
1248 2249 1278 2305 iu
1303 2249 1419 2323 timore,
1435 2254 1464 2307 et
1478 2248 1622 2308 exsultate
1647 2249 1673 2307 ei
1698 2266 1766 2308 oum

97 2342 159 2399 Rex
173 2340 225 2414 qui
240 2338 368 2396 sedatio
382 2337 455 2394 solio
468 2337 572 2410 judicii
587 2336 713 2409 dissipat
725 2351 812 2392 omne
825 2351 887 2391 ma·
941 2340 1077 2393 tremore.

64 2430 124 2486 lum
140 2428 251 2487 intuitu
267 2444 331 2484 suo.
977 2424 1158 2482 Sacrificium
1173 2427 1232 2484 Deo
1247 2428 1369 2502 spiritus
1384 2428 1609 2487 contribulatus.

98 2520 187 2577 Risus
201 2516 301 2575 dolore
316 2515 504 2588 miscetur‚ct
514 2518 643 2572 extrema
657 2512 756 2587 gaudii
766 2517 889 2586 occupat
978 2516 1022 2571 Sit
1036 2516 1130 2588 gloria
1144 2516 1261 2572 Domini
1275 2517 1306 2573 in
1323 2517 1463 2574 saeculum
1479 2518 1588 2575 saeculi.

65 2608 171 2665 luctus.
978 2603 1064 2660 Salus
1075 2605 1225 2676 justorum
1240 2624 1257 2663 a
1273 2607 1407 2677 Domino,
1419 2611 1448 2663 et
1462 2611 1609 2680 protector
1622 2621 1723 2664 eorum
1736 2605 1767 2663 in

99 2695 261 2769 Responsio
276 2693 375 2752 mollis
389 2694 499 2767 trangit
512 2695 598 2751 iram.
942 2697 1073 2765 tempore
1088 2693 1299 2753 tribulationis.

99 2787 158 2842 Rex
181 2785 233 2857 qui
255 2784 422 2856 judicatio
445 2784 566 2840 veritate
590 2798 743 2856 pauperes,
763 2780 889 2838 thronus
977 2782 1020 2837 Sit
1035 2770 1276 2840 nomen'Domini
1298 2784 1485 2842 benedictum
1509 2801 1543 2842 ex
1567 2786 1622 2843 boc
1647 2800 1726 2842 nuuc
1740 2789 1770 2842 et

68 2878 128 2948 ejus
141 2875 172 2932 in
186 2880 330 2931 aeternum
346 2874 521 2929 firmabitur.
943 2888 1037 2944 usque
1052 2871 1083 2927 in
1096 2872 1249 2928 saeculum.

98 2963 302 3037 Regnantibus
318 2962 417 3034 impiis
431 2961 518 3018 ruina
531 2961 686 3019 hominum
701 2960 766 3018 erit.
978 2961 1081 3017 Suavis
1096 2962 1236 3019 Dominus
1260 2963 1415 3036 universis,
1431 2969 1460 3021 et
1486 2964 1686 3022 misericordia
1701 2964 1767 3037 ejus

98 3051 362 3125 Rexjustuserigit
371 3056 494 3121 terram3
507 3052 662 3108 viravarus
672 3050 887 3106 destrueteam.
944 3065 1032 3122 super
1046 3051 1145 3107 omnia
1158 3068 1245 3124 opera
1260 3054 1334 3123 ejus.

97 3142 233 3216 Regnum
246 3159 265 3199 a
279 3146 366 3215 gente
384 3141 415 3196 in
440 3144 556 3213 gentem
572 3141 746 3196 transfertur
771 3121 924 3211 propterC
979 3138 1105 3210 Spiritus
1121 3140 1170 3195 ubi
1183 3139 1245 3195 vult
1259 3141 1361 3212 spirat,
1372 3145 1401 3197 et
1413 3159 1511 3198 vocem
1526 3144 1591 3213 ejus
1605 3144 1702 3211 audis,
1716 3144 1767 3200 sed

65 3230 237 3302 injustitias.
946 3245 1003 3283 non
1019 3226 1077 3283 scis
1091 3227 1169 3284 uude
1184 3228 1282 3284 veniat
1296 3232 1324 3284 et
1339 3245 1396 3301 quo
1411 3232 1508 3286 vadat.

98 3317 294 3377 Renovamiui
307 3319 412 3392 spiritu
429 3319 537 3376 mentis
547 3323 659 3385 vestrae,
671 3321 700 3373 et
713 3316 826 3373 induite
841 3332 891 3372 no·
981 3315 1107 3388 Spiritus
1122 3321 1168 3372 est
1183 3323 1268 3385 Deus,
1282 3322 1311 3372 et
1325 3333 1374 3374 eos
1390 3319 1440 3389 qui
1450 3320 1651 3376 adoranteum
1666 3319 1697 3374 in
1712 3318 1771 3392 spi-

64 3425 134 3466 vum
151 3407 311 3477 bominem,
323 3409 375 3481 qui
390 3409 552 3466 secundum
563 3408 657 3464 Deum
673 3409 788 3463 creatus
801 3407 846 3462 est
859 3404 889 3459 in
946 3406 1004 3461 ritu
1019 3409 1047 3461 et
1061 3404 1180 3461 veritate
1196 3409 1309 3477 oportet
1323 3407 1454 3464 adorare.

60 3496 182 3569 iustitia
195 3501 227 3553 et
241 3497 393 3555 sanctitate
404 3496 544 3553 veritatis.
980 3494 1011 3550 Si
1027 3512 1132 3550 manus
1141 3499 1202 3562 tua,
1215 3498 1243 3550 et
1253 3512 1304 3567 pes
1314 3498 1384 3553 tuus
1394 3495 1570 3555 scandalizet
1579 3501 1618 3570 te,
1630 3495 1770 3555 abscinde

99 3586 218 3660 Religio
227 3585 337 3643 munda
344 3589 373 3643 et
383 3584 572 3643 immaculata
580 3585 659 3657 apud
672 3584 765 3640 Deum
776 3582 890 3639 Patrem
945 3601 1023 3655 oum,
1039 3589 1069 3641 et
1083 3584 1192 3656 projiee
1207 3584 1261 3641 abs
1275 3590 1313 3642 te.

63 3677 123 3734 bec
138 3680 203 3732 est:
216 3673 345 3733 visitare
358 3673 486 3748 pupiltos
499 3678 529 3732 et
540 3674 645 3730 viduas
660 3673 691 3729 in
703 3669 891 3729 tribulatione
980 3672 1026 3729 Sic
1039 3673 1118 3729 Deus
1132 3673 1233 3729 ditexit
1244 3675 1399 3744 mundum,
1412 3680 1445 3731 ut
1454 3674 1560 3732 Filium
1572 3693 1660 3733 suum
1671 3675 1772 3750 unige-

62 3781 177 3823 wrum,
946 3761 1772 3839 nitumdaret,utomnisquioreditinipsumnonpereat,

98 3853 192 3909 Radix
207 3853 342 3911 omnium
357 3853 503 3910 malorum
518 3851 675 3925 cupiditas.
946 3853 996 3909 sed
1012 3850 1119 3908 habeat
1133 3851 1222 3908 vitam
1238 3856 1389 3910 aeternam.

98 3943 195 3999 Ruina
207 3942 311 4017 populi
323 3943 489 4000 sacerdotes
504 3941 586 3998 mali.
981 3941 1010 3996 Si
1020 3941 1181 4014 peccaverit
1191 3942 1220 3997 in
1232 3946 1259 3998 te
1270 3943 1359 4001 irater
1368 3947 1449 4012 tuus,
1459 3944 1532 4001 vade
1542 3947 1571 4002 et
1581 3943 1693 4016 corripe
1704 3957 1773 4002 eum

97 4035 233 4105 Regnum
247 4032 299 4090 Dei
313 4036 430 4089 tantum
445 4029 533 4101 valet,
550 4031 696 4102 quantum
710 4028 811 4084 habes.
947 4030 1023 4087 inter
1036 4036 1064 4086 te
1079 4036 1107 4086 et
1122 4031 1220 4103 ipsum
1236 4030 1344 4089 solum.

99 4120 267 4195 Religiosus
293 4121 393 4190 homo,
409 4121 434 4177 si
451 4119 508 4177 cito
532 4119 680 4187 irascitur,
696 4116 779 4175 facile
804 4114 893 4171 etiam
982 4118 1131 4190 Sapientis
1144 4119 1220 4175 oculi
1236 4120 1267 4175 in
1283 4121 1379 4194 capite
1392 4123 1468 4194 ejus.

62 4210 237 4283 corrigitur.
984 4208 1108 4264 Sanctus
1121 4208 1249 4280 Spiritus
1259 4210 1419 4283 disciplinae
1430 4211 1549 4285 effugiet
1560 4211 1673 4284 lictum,
1686 4213 1715 4267 el
1724 4225 1776 4267 au·

101 4298 190 4356 Recte
199 4299 334 4372 judicare
349 4298 445 4356 aliena
459 4298 563 4355 merita
578 4313 636 4352 non
657 4295 743 4363 valet,
759 4294 806 4351 oui
821 4310 893 4350 cou-
948 4296 1004 4352 lert
1019 4312 1050 4352 se
1065 4313 1082 4352 a
1096 4297 1399 4371 cogitationibusque
1414 4304 1485 4356 sunt
1499 4300 1562 4357 sine
1576 4299 1738 4357 intellectu.

63 4387 374 4447 seientiainnooentia
384 4388 508 4463 propriae
520 4386 633 4445 nullam
643 4384 750 4457 judicii
763 4382 894 4457 regulam
985 4383 1096 4441 Sentite
1111 4384 1146 4440 de
1161 4385 1285 4442 Domino
1300 4388 1330 4442 in
1346 4387 1488 4455 bonitate,
1502 4392 1529 4444 et
1543 4388 1574 4443 in
1589 4387 1777 4461 simplicitate

62 4478 190 4553 prebet.
908 4491 933 4557 Ι)
948 4474 1044 4531 cordis
1059 4475 1181 4547 querite
1197 4475 1293 4531 illum.

103 4566 223 4626 Rectim
248 4570 414 4642 sequuntur
440 4583 550 4641 agnum
579 4564 728 4638 conjugati
756 4561 893 4634 humiles,
986 4564 1108 4636 Sapiens
1128 4581 1178 4620 eor
1203 4569 1232 4621 et
1255 4563 1439 4638 intelligibile
1463 4564 1594 4622 abstinet
1618 4581 1649 4621 se
1671 4581 1689 4621 a
1710 4578 1780 4635 poc·

66 4672 158 4729 quam
172 4656 301 4731 virgines
316 4656 530 4731 superbientes.
949 4653 1031 4709 catis.

103 4746 230 4803 Robusti
254 4762 386 4820 corpore,
401 4745 459 4801 nisi
482 4746 540 4802 Deo
561 4761 651 4817 aquo
676 4743 751 4799 vires
775 4742 894 4808 babent,
984 4741 1116 4799 Stultitia
1130 4741 1266 4815 colligata
1284 4747 1330 4799 est
1354 4742 1383 4798 in
1408 4743 1494 4800 corde
1511 4741 1605 4816 pueri,
1621 4743 1672 4799 sed
1699 4740 1783 4813 virga

67 4834 172 4893 devote
188 4835 378 4907 famulentur,
394 4851 446 4908 pro
461 4835 516 4892 hoc
530 4851 632 4908 penas
647 4832 805 4907 patientur.
951 4830 1113 4903 discipline
1129 4832 1242 4903 iugabit
1256 4848 1331 4888 eam.

104 4922 302 4982 &ferendum
317 4928 361 4981 est
385 4923 485 4996 pietati
510 4922 624 4995 divinae,
641 4921 785 4994 quidquid
808 4919 896 4976 homo
989 4919 1103 4977 Stultus
1117 4920 1214 4977 verbis
1228 4936 1286 4977 non
1302 4922 1472 4996 corrigitur.

65 5014 213 5085 jumentis
228 5013 356 5087 amplius
372 5013 472 5071 habet.
987 5009 1165 5082 Simplicitas
1175 5010 1325 5081 justorum
1341 5010 1447 5086 diriget
1461 5030 1521 5084 eos,
1534 5016 1563 5069 et
1577 5007 1784 5084 supplantatio

104 5100 192 5160 Ratio
206 5102 338 5160 bumana
352 5107 424 5175 quot
446 5102 590 5175 perversis
605 5100 833 5175 cogitationibus
848 5115 897 5155 re·
951 5113 1153 5170 perversorum
1166 5098 1294 5155 vastabit
1309 5099 1384 5159 illos.

72 5191 187 5261 nititur,
203 5196 247 5249 tot
259 5208 383 5250 coronas
397 5191 528 5249 coelestes
544 5194 737 5266 promeretur.
988 5187 1102 5243 Statera
1126 5185 1228 5244 dolosa
1255 5189 1434 5247 abominatio
1458 5194 1502 5246 est
1525 5190 1603 5263 apud
1632 5193 1735 5257 Deum,
1752 5187 1784 5242 et

104 5278 248 5355 Regimen
262 5282 431 5338 unimarum
447 5298 496 5339 ara
510 5284 556 5337 est
570 5281 690 5337 artium.
952 5276 1068 5349 pondus
1083 5293 1200 5348 aequum
1214 5276 1352 5335 voluntas
1367 5280 1442 5350 ejus.

105 5368 253 5429 maauaie
268 5375 298 5429 et
310 5370 416 5429 lenitas
429 5371 590 5444 incongrua
600 5384 699 5427 coram
710 5367 768 5424 Deo
783 5369 899 5439 reputa·
988 5365 1112 5438 Sapiens
1126 5369 1159 5421 ut
1174 5365 1217 5422 sol
1236 5371 1399 5439 permanet,
1416 5367 1526 5423 stultus
1553 5371 1651 5424 autem
1666 5367 1700 5422 ut
1713 5363 1785 5422 luna

68 5466 122 5517 tur
132 5476 187 5534 pro
201 5460 376 5519 crudelitate
388 5476 507 5534 magna.
953 5457 1097 5511 mutatur.

103 5551 292 5611 Resurceotio
306 5550 402 5627 prima
414 5553 460 5609 eet
469 5565 620 5625 resurgere
635 5565 653 5605 a
669 5546 748 5604 vitiis
760 5545 815 5604 hac
829 5543 897 5604 vita.
992 5543 1316 5618 Sapientiamomuium
1325 5545 1516 5621 antiquorum
1525 5545 1658 5621 exquirit
1666 5561 1719 5621 sap
1726 5544 1791 5603 iens

232 5682 369 5747 toraca.
395 5678 524 5747 cxbvt.
1587 5676 1622 5737 tt
