3892 6096
117 244 177 305 saa
617 240 789 303 ornnem
812 238 990 301 nonnam
1014 237 1299 302 sennensium
1762 224 1825 301 aee

118 371 941 447 sacularibusnegociiseratimplicatus..tnvencsetiam.
957 370 985 438 Α
1000 370 1125 427 similem
1142 371 1170 427 in
1187 370 1267 427 omni
1283 370 1427 443 probitate
1445 387 1510 426 raro
1526 368 1640 428 viderit.
1655 369 1825 428 Notandum

118 482 194 539 ques
210 467 246 522 ad
261 463 454 522 erudiendum
470 462 611 535 suscepit,
628 479 686 519 non
702 462 798 519 selum
814 460 941 517 liberali·
997 466 1095 517 antem
1120 461 1233 531 merito,
1248 465 1365 533 quanta
1387 460 1573 533 perfectionis
1587 459 1631 515 vir
1646 459 1701 517 iste
1725 460 1823 533 luerit,

119 553 175 612 bus
185 553 335 610 exercebat
344 551 497 619 doctrinis,
509 568 610 608 verum
621 551 709 608 etiam
722 549 882 607 moralibus
897 550 941 605 in·
997 550 1043 604 cni
1060 554 1141 606 tanta
1153 550 1332 622 prosperitas
1342 548 1492 606 saecularis
1507 549 1702 622 promissione
1713 549 1825 625 egregii

119 643 265 701 formabat
278 640 453 714 disciplinis.
465 641 501 697 Ut
511 642 534 675 ³³
546 646 643 697 autern
659 646 774 715 quantes
790 640 943 696 discretio·
997 638 1131 711 praesulis
1153 639 1263 707 arrisit,
1280 639 1466 712 plurimaque
1489 655 1552 711 qua
1577 638 1665 695 scribi
1691 639 1826 695 fastidio·

119 733 167 790 nis
181 734 260 790 essct
273 732 459 805 aliquantum
481 731 685 804 inspiciamus,
701 730 776 787 sicut
790 729 943 801 discipulis
997 745 1063 785 sum
1080 736 1133 796 est,
1151 746 1203 785 nec
1219 734 1317 784 tamen
1342 728 1474 785 adhesit.
1493 729 1588 802 Magni
1614 728 1692 785 enim
1709 733 1827 787 constat

119 823 184 894 ejus
196 821 387 879 narrantibus
398 820 575 892 audivimus,
588 822 659 877 adeo
671 836 702 877 se
712 818 884 892 temperavit
898 818 942 874 in·
999 818 1106 885 meriti,
1119 818 1179 873 broc
1195 818 1294 874 omnia
1309 817 1483 891 relinquero,
1499 835 1589 891 seque
1603 817 1633 873 in
1648 817 1703 874 hee
1718 817 1826 876 saeeule

118 916 164 969 ter
179 911 327 980 alumnos,
343 915 385 979 ut,
402 927 469 967 cum
484 910 661 984 quibusdam
678 908 880 982 capacioribus
895 924 943 963 ar·
999 908 1167 963 mendicum
1184 909 1287 963 lacere.

118 1000 194 1058 tium
208 1002 253 1058 vel
277 1004 431 1058 auctorum
451 998 584 1055 difficilia
603 1015 725 1071 quaeque
749 1001 777 1053 et
800 997 944 1068 protunda
1034 996 1244 1052 laciniosus
1268 1012 1336 1069 crgo
1353 997 1591 1069 archiepiscopus
1615 998 1713 1053 Brune
1730 996 1827 1053 virum

118 1090 267 1160 enodaret,
284 1106 352 1146 mex
374 1090 410 1146 ad
436 1089 542 1145 idiotas
567 1087 820 1160 simplicioresque
835 1104 866 1143 se
880 1103 943 1142 ver·
999 1087 1047 1142 Dei
1063 1087 1194 1143 sentiens
1215 1086 1331 1142 artioris
1346 1085 1410 1142 vitia
1430 1087 1682 1144 conversationem
1706 1087 1829 1161 aggredi

118 1184 194 1252 tens,
205 1183 235 1236 ct
246 1179 369 1236 nutricis
380 1195 460 1235 mere
471 1178 554 1251 quasi
566 1177 692 1233 lacteum
703 1175 832 1232 historice
844 1176 943 1231 cibum
997 1176 1081 1246 velle,
1089 1193 1156 1232 cum
1167 1175 1285 1231 amabili
1297 1175 1333 1231 tri
1338 1176 1427 1248 pudie
1441 1175 1554 1232 dimisit
1566 1193 1633 1233 cum
1640 1178 1729 1249 Juxta
1740 1176 1831 1250 placi·

118 1285 307 1342 praecoquens
337 1267 578 1341 suppeditaretit.
600 1266 742 1321 Praeterea
765 1266 944 1337 quicumque
998 1270 1061 1321 tum
1078 1264 1168 1321 abire.
1184 1265 1254 1319 ht³⁹
1269 1264 1317 1321 ille
1340 1264 1462 1321 demum
1487 1265 1618 1337 veniens,
1634 1266 1670 1322 ab
1686 1266 1829 1323 omnibus

118 1374 262 1432 pauperes
277 1361 305 1413 ct
318 1356 457 1413 humanis
481 1356 613 1411 destituti
630 1355 743 1411 solatiis
758 1355 788 1410 in
804 1356 868 1426 ejus
884 1355 943 1410 dis·
999 1353 1130 1427 cognatis
1140 1358 1168 1410 et
1178 1353 1280 1410 anricis
1291 1353 1456 1411 amabiliter
1465 1359 1510 1411 est
1521 1359 1689 1427 susceptus,
1698 1354 1831 1411 obviam-

119 1446 250 1520 cipulatu
266 1446 467 1514 morabantur,
478 1444 586 1501 carnali
600 1461 658 1500 non
670 1445 770 1500 minus
781 1459 871 1516 quam
888 1443 945 1516 spi·
999 1461 1056 1515 que
1071 1443 1225 1508 habuit‚nt
1235 1444 1275 1499 ita
1285 1444 1522 1514 dicam,S‚qrcnes
1532 1443 1611 1501 velut
1625 1444 1700 1500 alter
1711 1444 1827 1517 Ulyxcs.

119 1535 217 1593 rituali
232 1535 372 1592 alimento
388 1536 423 1591 ab
439 1550 473 1590 ee
488 1533 702 1589 rclovcbantur.
998 1534 1081 1589 Tunc
1091 1533 1187 1588 omnis
1202 1532 1350 1605 parentela
1360 1533 1516 1606 omnisque
1527 1534 1663 1606 cognatio
1674 1532 1829 1591 meliorem

154 1625 181 1682 8.
197 1623 263 1681 llaec
277 1624 368 1698 igitur
382 1629 441 1679 tam
456 1622 594 1680 laudabili
607 1623 824 1679 conversatione
835 1621 943 1694 partlm
997 1621 1829 1697 substantiehereditariaportionempollicentes,plures

119 1714 182 1773 visa
191 1712 624 1788 partimcompcrta,lleinricus
634 1711 871 1783 archiepiscopus
882 1715 943 1766 tam
959 1738 982 1804 B
998 1728 1114 1783 quoquc
1128 1712 1215 1767 amici
1232 1711 1407 1783 flagitante-s,
1424 1726 1459 1767 ne
1475 1728 1506 1767 se
1521 1712 1677 1783 desereret,
1693 1712 1799 1768 dicunt
1816 1730 1824 1768 :

120 1820 172 1878 per
181 1819 213 1861 se
223 1804 418 1876 ipsumquam
430 1819 481 1874 per
491 1817 560 1857 suos
569 1800 728 1857 familiares
736 1799 787 1856 Dei
798 1798 943 1855 famulum
999 1802 1026 1856 ln
1039 1802 1061 1835 ⁵⁰
1076 1805 1104 1857 te·
1117 1802 1207 1856 omisis
1221 1801 1318 1857 dovitae
1332 1799 1472 1856 imtlinuta
1487 1802 1629 1857 recumbit.
1643 1800 1708 1857 Non
1723 1802 1825 1857 delue-

121 1892 300 1966 aggreditur,
312 1908 418 1964 rogans
438 1896 470 1946 ut
494 1894 545 1946 ant
568 1888 702 1946 clericale
718 1889 763 1945 vel
779 1888 945 1945 monachile
998 1894 1067 1946 runt
1081 1891 1167 1945 etiam
1193 1891 1243 1962 qui
1259 1890 1409 1962 adderent,
1426 1890 1496 1963 quia
1518 1891 1669 1963 Scriptura
1694 1890 1829 1963 praecipit

120 1981 287 2038 coenobium
302 1979 421 2053 aliquod
436 1980 596 2053 regendum
612 1978 783 2051 susciperet.
798 1980 880 2034 Tunc
895 1977 944 2033 ille
998 1978 1168 2050 parentibus
1193 1978 1424 2050 obsequendum.
1450 1978 1625 2051 agonitheta
1654 1983 1752 2035 autem
1777 1980 1829 2036 Dei

119 2067 945 2143 perhumilitatisexcusationemsolitamomnisublimi·
999 2071 1208 2139 contempnens
1236 2067 1344 2132 emnia,
1370 2068 1464 2140 ipsius
1487 2067 1603 2124 Domini
1632 2056 1726 2125 'nostri
1756 2072 1829 2126 iesu

120 2165 180 2219 tate
195 2177 226 2217 se
241 2160 372 2216 clamans
387 2158 553 2231 indignum,
570 2158 688 2214 tandem
707 2174 759 2230 per
773 2156 943 2213 obedientiae
998 2155 1102 2211 Christi
1118 2156 1254 2228 opposuit
1268 2155 1355 2211 verba
1379 2154 1503 2212 dicentis
1520 2173 1527 2212 :
1544 2157 1597 2226 Qui
1621 2166 1697 2213 ararat
1718 2162 1830 2231 patrem

118 2249 330 2321 subjectionem
342 2247 523 2321 compulsus,
531 2247 804 2303 censensitutcssct
814 2246 944 2301 decanus
999 2250 1046 2301 aut
1060 2253 1176 2301 erraticus
1187 2246 1252 2316 plus
1262 2262 1345 2316 quoru
1361 2261 1412 2315 mc,
1422 2262 1479 2301 neu
1493 2251 1533 2301 est
1549 2263 1592 2301 rrae
1606 2247 1704 2319 dignus
1719 2248 1828 2319 (italiis.

119 2340 302 2415 clericerum.
325 2338 385 2394 llee
410 2337 537 2409 primatu
566 2336 633 2391 licet
659 2334 943 2401 ini'itusvendicnto,
999 2353 1026 2402 x,
1044 2335 1099 2407 37).
1113 2334 1240 2406 Legebat
1254 2333 1375 2390 l'orsitan
1398 2336 1475 2406 quod
1501 2339 1621 2392 sanctus
1640 2336 1830 2395 llieronimus

119 2426 297 2500 inreligiosis
313 2426 428 2494 terreri,
439 2424 542 2481 ceteris
557 2425 612 2480 l'uit
627 2425 730 2495 amori,
744 2441 818 2496 qnos
834 2423 945 2479 scilicet
1002 2425 1037 2478 all
1059 2423 1206 2495 quendam
1223 2424 1325 2479 scribit
1339 2423 1466 2478 amicum
1477 2424 1556 2495 (57):
1583 2425 1660 2482 Licet
1685 2427 1830 2499 parsulus

119 2533 222 2575 omncs
232 2520 293 2571 tam
305 2514 394 2570 minis
405 2530 494 2585 quam
505 2512 705 2580 suasionibus,
716 2513 793 2584 qued
806 2517 873 2566 :ante
886 2528 944 2567 non
1000 2512 1029 2567 in
1045 2512 1116 2568 celle
1133 2513 1256 2585 pendeat
1268 2528 1368 2585 nepes,
1379 2512 1447 2568 licet
1457 2530 1559 2585 sparso
1571 2514 1649 2571 crine
1665 2515 1831 2588 scissisque

120 2607 342 2676 consueverant,
353 2604 419 2660 lecit
434 2602 523 2659 simul
534 2602 634 2657 cibum
650 2618 752 2673 capere
763 2605 792 2656 ct
806 2600 944 2667 dormire,
1000 2601 1131 2657 vestibus
1148 2602 1237 2657 ubera
1251 2602 1361 2674 quibus
1377 2605 1404 2658 tc
1415 2604 1558 2659 nutrierat
1571 2609 1664 2660 mater
1679 2606 1829 2675 ostendat,

67 2699 72 2705 '
120 2696 149 2752 in
166 2695 295 2752 claustro
319 2692 494 2749 lectionibus
509 2691 668 2755 intendere,
680 2696 708 2746 et
732 2707 768 2746 ne
783 2689 887 2745 intima
902 2689 945 2745 vel
1001 2689 1067 2746 licet
1082 2694 1164 2763 pater
1178 2691 1208 2744 in
1224 2689 1326 2746 limine
1336 2691 1445 2763 jaceat,
1463 2691 1626 2765 percalcato
1641 2698 1725 2767 patre
1741 2694 1830 2751 citius

121 2778 946 2859 spiritualianeglegerentquibuscarnaliasuppeterent,
1002 2779 1831 2853 pergc,siccisecnlisudcrucisvexillumevola.Summa·

123 2872 334 2931 delectabiliter
344 2869 512 2937 admonuit;
527 2869 556 2925 in
567 2869 705 2926 omnibus
716 2868 762 2925 his
773 2885 804 2925 sc
814 2867 948 2940 praebens
1001 2870 1096 2943 pietas
1111 2875 1156 2926 est
1171 2870 1200 2925 in
1216 2870 1270 2926 bac
1286 2887 1316 2927 re
1330 2874 1357 2927 tc
1377 2872 1438 2927 lere
1452 2871 1636 2929 crudelem.»
1655 2874 1831 2933 intuebatur

124 2963 302 3036 exemplum,
318 2962 389 3017 adeo
411 2964 444 3016 ut
463 2960 527 3032 jam
553 2976 571 3014 a
595 2958 707 3014 conclis
730 2958 875 3014 diceretur
889 2974 947 3013 non
1001 2959 1089 3015 ctiam
1110 2959 1274 3015 iohannem
1291 2960 1458 3033 baptistam,
1474 2961 1552 3017 aui⁴¹
1572 2964 1707 3035 quamvis
1726 2969 1831 3022 sancta

125 3069 190 3111 esse
204 3052 327 3109 clericus
342 3051 392 3107 sed
407 3048 581 3106 monachus.
1003 3049 1091 3106 suerit
1106 3053 1239 3105 meteret
1251 3050 1387 3105 sacerdes
1401 3054 1494 3122 pater,
1512 3055 1609 3108 tamen
1624 3056 1767 3127 utrosque
1785 3070 1830 3111 re-

158 3142 186 3198 9.
203 3144 316 3197 Interea
329 3137 485 3213 presulem
506 3136 675 3193 Heinricum
691 3137 813 3211 contigit
826 3108 983 3193 CaesarisC
1002 3138 1151 3213 linquens,
1167 3155 1203 3194 ne
1218 3155 1284 3194 cum
1300 3138 1469 3195 hominibus
1484 3139 1621 3197 babitans
1636 3141 1828 3215 pollueretur,

123 3230 238 3287 Ottenis
247 3229 383 3301 jussione
393 3225 586 3300 expeditionis
595 3242 684 3282 causa
696 3226 816 3282 {tomam
828 3242 946 3298 pergere
1002 3228 1031 3283 in
1048 3244 1178 3284 eremum
1190 3226 1321 3283 secessit.
1336 3228 1509 3299 llujnsmodi
1522 3228 1612 3302 igitur
1625 3231 1771 3305 exemplis
1781 3232 1828 3288 in·

122 3322 181 3393 (au.
200 3320 275 3388 ael),
301 3318 401 3390 ibique
429 3332 496 3372 cum
525 3315 709 3388 aliquantum
738 3320 854 3388 tempus
883 3333 946 3372 mo-
1001 3318 1826 3390 citatus,parentcsseorsumconvecans,dixissefertur:

121 3415 246 3478 raretur,
271 3407 361 3465 nimis
383 3410 533 3480 aegrotare.
550 3406 606 3461 Sed
631 3422 697 3461 cunr
723 3422 754 3461 sc
780 3406 947 3478 desperaret
1004 3405 1667 3481 sRerumsubstantialiumportionem,quam
1679 3409 1827 3468 mibidis·

121 3498 331 3568 convalescere,
342 3496 455 3553 vocavit
469 3495 505 3551 ad
522 3512 553 3550 se
568 3496 757 3561 Casarem,et
771 3495 905 3568 exposuit
920 3496 946 3550 ei
1001 3496 1143 3568 pressistis
1162 3497 1241 3567 dare,
1254 3496 1329 3552 inter
1343 3513 1394 3552 vos
1409 3497 1536 3554 dividite.
1547 3498 1598 3554 Est
1617 3514 1749 3573 namque
1759 3499 1826 3573 qui·

120 3589 199 3645 beati
217 3586 387 3659 Welllrangi
403 3583 583 3657 qualitatem,
597 3584 752 3639 obsecrans
768 3589 800 3638 ut
814 3584 946 3641 Treveris
1001 3588 1068 3641 dam
1088 3591 1249 3658 prepotens
1265 3604 1297 3641 ac
1313 3585 1393 3642 dives
1403 3587 1542 3643 dominus
1553 3588 1603 3661 qui
1614 3588 1727 3661 grande
1736 3590 1828 3663 patri·

119 3675 233 3733 litteras
249 3677 387 3744 mitteret,
398 3689 466 3729 eum
488 3671 606 3745 quibus,
619 3688 655 3727 ne
669 3689 686 3726 a
707 3671 787 3727 nullo
803 3673 879 3727 idem
897 3672 946 3729 ilci
1002 3675 1132 3730 nrenium
1149 3674 1232 3744 mihi,
1245 3674 1268 3731 si
1280 3673 1323 3730 illi
1337 3674 1461 3731 fideliter
1472 3677 1579 3733 servire
1590 3676 1665 3749 velo,
1678 3678 1826 3750 promisit,

120 3764 250 3823 famulus
260 3764 460 3837 injuriaretur,
472 3760 668 3816 interdiceret.
682 3760 730 3815 llis
745 3760 881 3832 precibus
896 3778 945 3834 ge·
1002 3763 1031 3818 in
1042 3780 1100 3834 que
1111 3780 1179 3835 pars
1190 3762 1359 3820 hereditatis
1369 3780 1450 3831 mea,
1463 3769 1492 3820 et
1503 3765 1564 3837 ipse
1574 3768 1619 3821 est
1630 3765 1680 3837 qui
1692 3766 1873 3827 restitue&

120 3854 185 3923 stis,
196 3851 444 3926 persolvitdebita
453 3848 569 3905 mortis.
581 3851 643 3915 Qua
658 3848 736 3904 sarna
746 3849 878 3905 Treveris
894 3867 945 3905 au·
1000 3852 1191 3909 hereditatem
1204 3869 1298 3908 meam
1311 3853 1393 3909 mihi.
1402 3853 1492 3909 Crede
1503 3854 1873 3927 etenim,quiadaturu=

120 3942 192 4009 dita,
204 3938 529 4011 sanetusWelllrangus
545 3937 640 4010 prime
655 3937 780 3994 nimium
792 3939 945 3996 contrista·
1000 3946 1045 3998 cst
1058 3941 1130 3996 mihi
1147 3946 1205 3997 tam
1222 3942 1372 3998 sufficiens
1388 3942 1574 4012 beneticium,
1586 3948 1618 3999 ut
1633 3948 1662 4000 et
1676 3944 1763 4002 robis
1775 3944 1873 4003 ali—

22 4080 28 4091 ,
119 4028 481 4101 ιυτ”,ἀοὶηᾱθοοηεοΙειτί
502 4027 945 4101 coepit,queniamqnaedinde
1000 4031 1076 4103 qnod
1107 4031 1233 4103 praebere
1258 4030 1404 4102 possim⁴¹
1428 4032 1618 4103 adjutorium.
1643 4033 1873 4108 Quapropte-

120 4117 219 4176 saeeuli
235 4121 402 4190 contemptu
419 4117 561 4190 cogitarat
581 4121 651 4171 tunc
669 4133 805 4190 perngero
827 4116 942 4175 licebat.
1000 4137 1080 4192 roge,
1093 4137 1128 4176 nc
1144 4120 1215 4175 tanti
1232 4119 1365 4177 beneficii
1382 4119 1526 4192 premissa
1541 4121 1716 4178 lacrimabili
1734 4124 1873 4181 intet-

119 4208 251 4281 Cumque
261 4208 284 4243 ’ὕ
294 4208 358 4281 jam
374 4206 546 4263 confirmata
562 4210 661 4283 menta
677 4206 834 4279 repatriare
847 4207 943 4275 vellet,
1000 4208 1145 4282 rumpatis
1159 4209 1355 4281 querimonia,
1372 4210 1422 4265 sed
1438 4215 1613 4283 parataque
1628 4216 1700 4267 sunt
1714 4214 1754 4269 ad
1766 4212 1873 4272 ha=

118 4296 358 4371 archiepiscopus
372 4295 553 4353 coloniensis
568 4295 677 4359 Brnne,
693 4295 744 4367 qui
760 4302 789 4351 ct
802 4295 944 4354 ducatum
999 4299 1175 4355 necessaria.
1192 4298 1253 4354 Non
1270 4298 1349 4354 enirn
1364 4298 1467 4370 quaerit
1481 4298 1683 4373 neglegentem
1698 4302 1752 4359 sed
1765 4307 1873 4361 st:

117 4388 213 4445 tenuit
236 4387 462 4460 Lutringensem
474 4386 506 4453 ³⁷,
525 4384 591 4441 lecit
604 4402 670 4440 enm
687 4385 722 4441 ad
738 4402 769 4441 se
791 4387 944 4454 venirene
999 4390 1116 4446 ‹liesum
1130 4389 1300 4445 servitorem
1316 4389 1453 4445 dominus
1469 4388 1570 4446 talis.»
1588 4393 1653 4447 Mox
1668 4390 1873 4450 alacrior-

115 4478 291 4551 promittens
302 4475 345 4532 illi
358 4492 474 4532 ornnem
486 4473 681 4530 humilitatem
695 4478 837 4531 necnen²⁸
851 4478 944 4549 penti·
961 4478 983 4543 D
999 4479 1091 4535 effecti
1111 4483 1256 4551 parentes,
1268 4495 1374 4534 nemen
1389 4482 1418 4534 el
1431 4478 1528 4535 lecum
1543 4496 1602 4553 qno
1616 4479 1705 4537 vellet
1720 4480 1765 4539 irs
1781 4482 1873 4539 ix

115 4566 220 4624 llcatus
233 4566 385 4637 bonorem,
402 4568 524 4621 conatus
540 4568 584 4620 est
604 4580 704 4620 secum
719 4564 860 4621 detincre.
878 4568 941 4624 llice
996 4569 1153 4641 vestigant.
1165 4567 1278 4632 Quibus
1294 4566 1424 4623 illedixit
1437 4586 1443 4623 :
1456 4569 1688 4627 liedoscirenou
1700 4574 1792 4643 petest
1805 4572 1873 4626 τι·

113 4662 234 4713 sanctus
251 4655 436 4727 renuit,quia
451 4657 544 4710 semet
559 4653 587 4708 in
602 4654 694 4709 ardua
710 4653 782 4709 fixit.
799 4656 940 4729 ntiqnan·
994 4668 1087 4730 poema
1103 4674 1164 4713 aere
1178 4658 1281 4713 scietis.
1294 4656 1404 4712 Deinde
1426 4656 1645 4715 sciscitantibus
1665 4658 1722 4733 sis,
1733 4660 1759 4718 si
1773 4678 1805 4717 a.
1820 4656 1873 4713 1·

113 4744 164 4801 diu
180 4749 279 4801 tamen
295 4761 364 4801 cum
379 4743 429 4799 ille
451 4748 639 4800 conversatus
654 4747 709 4800 est.
730 4742 812 4800 Unde
836 4751 863 4801 ct
889 4748 941 4803 irc·
996 4765 1084 4821 quem
1105 4763 1226 4803 errorum
1242 4745 1349 4801 habere
1359 4745 1530 4819 dignaretur
1540 4746 1570 4802 in
1581 4748 1738 4823 comitatu,
1747 4760 1873 4823 pros

113 4838 238 4905 quanter
249 4836 352 4906 postea
361 4831 470 4903 retulit,
478 4832 547 4905 quia
558 4833 653 4889 eidem
663 4833 792 4889 Bruneni
804 4834 941 4911 episcope
996 4855 1047 4894 sus
1058 4835 1241 4893 contradixit.
1252 4835 1356 4891 Paucis
1366 4852 1434 4891 vcro
1454 4835 1559 4893 diebus
1575 4832 1873 4911 transactis,tu1¹‘

795 5006 915 5064 VARIAE
934 5008 1141 5066 Lusitanus,

146 5130 246 5198 ⁸⁸Qua
261 5136 384 5204 utraque
399 5131 441 5188 sic
456 5131 628 5203 temperavit
642 5136 751 5187 ntcnm
765 5134 978 5190 eelerieomissis
991 5135 1018 5190 2.
1056 5135 1079 5169 ³⁴
1089 5149 1138 5189 ees
1152 5132 1259 5205 pariter
1269 5138 1412 5190 recrearet
1425 5136 1452 5190 2.
1490 5135 1720 5196 ³¹‘contristatus
1741 5139 1754 5195 l
1777 5132 1873 5201 ed).

111 5202 206 5276 “cap
223 5205 411 5277 reincipere.
448 5202 743 5277 ³¹litiringenscm2.
781 5204 909 5260 ³⁸nec2.
947 5206 1007 5260 ”a
1026 5206 1058 5259 10
1079 5207 1177 5276 incipit
1191 5207 1218 5261 7.
1256 5206 1409 5263 ⁴⁰d.Cum
1437 5207 1478 5264 sis
1503 5212 1708 5266 cunctorums
1730 5226 1811 5272 csse·
1835 5239 1871 5259 e

111 5273 267 5348 lumenque
286 5282 404 5333 tuorum
418 5280 506 5348 atquc
522 5275 627 5331 demus
644 5278 741 5330 nostre
755 5274 799 5331 vis
815 5277 911 5333 omnis
926 5276 1116 5334 adhaerentia
1132 5281 1170 5344 te,
1187 5294 1223 5334 ne
1238 5276 1339 5350 procul
1363 5278 1431 5334 binc
1454 5280 1553 5351 vadas,
1568 5296 1606 5338 ne
1621 5297 1686 5355 nos,
1707 5226 1802 5347 dilecte
1847 5306 1873 5351 ς

111 5344 271 5419 relinquas.
287 5349 417 5405 Euerunt
431 5348 520 5404 etiam
536 5346 586 5420 qui
601 5348 628 5402 2.
666 5347 688 5381 ⁸¹
705 5346 790 5417 cujus
802 5349 829 5404 2.
868 5350 890 5383 ⁴¹
906 5349 1055 5421 possimus
1069 5349 1107 5405 lt
1121 5348 1162 5405 cd.
1804 5332 1810 5361 '

905 5498 1019 5561 NOTAE.

143 5596 201 5622 ΙΕἯ
215 5594 297 5622 ss-M.
324 5596 336 5622 1
