3892 6096
122 242 182 305 ssa
618 234 791 299 οιιιιοιιι
812 232 993 299 uersam
1015 232 1049 295 s.
1070 228 1316 297 eruendum
1634 182 1643 195 ’
1769 226 1833 291 aaa

158 373 296 434 otiositas
309 369 487 429 inimieaast
500 367 616 429 anima.
962 373 990 441 g
1038 362 1185 439 Princeps
1214 362 1266 439 qul
1298 360 1424 419 libenter
1450 358 1534 421 audit
1563 357 1653 421 verbe
1673 357 1831 430 mendacii,

157 463 259 522 Omnis
274 462 337 518 dies
351 458 430 516 velut
444 457 568 517 ultimus
581 458 753 515 tractandus
767 461 822 515 est.
1004 469 1106 510 omnes
1122 452 1273 511 ministros
1286 451 1376 511 hebet
1386 448 1504 522 impios.

158 553 335 611 ornamenta
349 547 491 605 eoelorum
503 546 628 605 virtutes
643 543 944 619 suntpradieantium
1034 541 1166 600 Perversi
1180 540 1299 599 difficile
1316 539 1514 615 corriguntur.

158 639 276 699 Otiosus
286 640 330 695 est
344 653 440 694 sermo
456 634 594 705 doctoris,
610 634 670 693 nisi
683 633 809 709 Spiritus
824 636 944 697 senatus
1032 631 1150 689 Pondus
1166 634 1195 688 et
1213 630 1492 704 pondus‚mensure,
1507 629 1537 683 et
1553 631 1831 701 mensurmutrum-

122 729 201 789 cordi
218 726 296 785 adsit
308 725 467 785 audientis.
1004 736 1062 792 que
1078 718 1276 779 abominabile
1290 722 1337 777 est
1350 722 1418 777 ante
1431 716 1535 775 Deum.

162 818 297 876 Otiosum
311 814 434 873 verbum
458 817 502 872 eet
517 814 594 886 quod
610 816 662 870 aut
677 811 788 870 ratione
793 812 882 887 iustu
896 825 945 869 ne·
1032 809 1086 866 Per
1100 826 1163 882 que
1179 808 1246 881 quis
1261 811 1371 881 peccat,
1383 823 1435 880 per
1449 806 1510 863 buc
1520 808 1549 863 et
1562 808 1726 879 torquetur.

119 906 267 965 oessitutis
282 909 333 963 aut
347 903 508 961 intentione
522 903 577 975 pie
591 901 727 959 utilitatis
742 905 830 958 caret.
1032 898 1158 957 Probata
1170 898 1265 955 virtus
1275 895 1397 971 corripit
1408 894 1592 971 insipientes.
1784 958 1789 969 ¹

155 995 291 1054 Oratione
305 992 443 1051 condona
458 991 728 1066 superanturvitia.
937 1056 940 1061 ,
1034 987 1168 1045 Potentes
1179 991 1312 1060 potenter
1325 989 1472 1043 tormenta
1486 983 1652 1057 patiuntur.
1733 1046 1736 1057 Ι

150 1086 226 1161 Opes
240 1089 371 1143 terrenas
380 1081 512 1140 sitientes
522 1080 687 1154 spiritualia
697 1081 773 1138 dona
789 1093 942 1155 nunquam
1031 1076 1153 1150 Propter
1180 1079 1299 1151 peccam
1325 1074 1426 1151 pupuli
1454 1089 1578 1149 regnare
1592 1072 1663 1133 iacit
1678 1073 1826 1135 Dominus

117 1177 268 1233 merentur
281 1172 421 1246 accipere.
995 1166 1179 1241 hypocritam

154 1261 256 1321 Omnis
270 1260 364 1335 gloria
378 1263 407 1316 et
419 1259 513 1317 virtus
527 1258 559 1317 iu
574 1257 792 1334 comparatione
821 1254 942 1329 majoris
1030 1255 1167 1313 Peccator
1180 1253 1224 1312 vel
1240 1269 1313 1328 puer
1325 1256 1444 1315 eentum
1470 1266 1617 1311 annorum
1640 1250 1829 1313 maledictus

121 1353 219 1411 minus
234 1349 334 1409 claret.
483 1384 487 1388 -
998 1343 1065 1403 erit.

157 1440 261 1498 Omnis
288 1438 387 1496 divina
414 1436 573 1511 percussio,
616 1439 667 1494 aut
706 1434 841 1511 purgatio
878 1433 942 1491 vitas
1031 1432 1175 1507 Pugnabit
1188 1432 1268 1490 orbis
1282 1436 1426 1489 terrarum
1442 1434 1546 1493 contro
1556 1430 1736 1493 menaeus.

120 1528 273 1604 presentia
283 1531 338 1597 est,
355 1530 406 1585 aut
419 1527 538 1585 initium
552 1542 642 1602 pane
664 1524 824 1598 sequentis.
1033 1524 1105 1595 Post
1119 1519 1372 1595 concupiscentius
1386 1523 1455 1581 tuas
1464 1537 1524 1581 nou
1537 1537 1598 1583 ees.

156 1617 261 1675 Omino
276 1620 363 1686 errat,
379 1615 428 1690 qui
444 1632 496 1691 per
511 1632 612 1689 pacem
626 1619 655 1672 ct
669 1614 763 1673 otium
777 1630 809 1671 se
823 1611 942 1687 assequi
1031 1610 1185 1671 Plenitudo
1198 1609 1329 1686 legisset
1342 1608 1473 1669 dilectio.

119 1706 306 1781 triumphum
319 1709 413 1783 putat.
956 1747 981 1814 B
1031 1698 1191 1759 Prudentia
1204 1700 1301 1759 earnis
1313 1715 1394 1760 mors
1407 1702 1462 1770 est,
1476 1697 1636 1774 prudentia
1647 1701 1751 1763 utem
1764 1696 1827 1772 spl-

153 1795 304 1853 Oratorem
319 1799 348 1852 te
363 1797 443 1867 puta,
460 1793 485 1850 si
500 1792 673 1868 tibimetipsi
688 1790 870 1869 persuaseris
889 1808 942 1865 ge·
995 1789 1073 1846 ritus
1087 1790 1149 1847 vita
1160 1793 1189 1847 et
1205 1805 1270 1861 pax.

120 1885 222 1942 mode.
1032 1877 1154 1936 Probata
1168 1878 1300 1955 spiritus,
1315 1878 1341 1937 si
1355 1894 1391 1937 ex
1403 1878 1462 1936 Deo
1476 1875 1547 1935 sint.
1561 1907 1563 1911 <

155 1971 272 2044 Optime
300 1987 341 2037 re,
356 1970 386 2027 id
401 1973 444 2028 eet
454 1969 608 2029 clementia
622 1969 684 2043 Dei,
699 1970 827 2046 pessime
844 1971 942 2028 abuti-
1030 1966 1132 2025 Petitis
1145 1971 1175 2025 et
1185 1984 1245 2025 nou
1260 1966 1401 2043 accipitis,
1417 1983 1450 2024 eo
1465 1966 1543 2039 quod
1558 1964 1635 2039 melu
1650 1965 1777 2041 petetis..

120 2078 198 2132 mur‚
214 2076 281 2118 oum
296 2076 348 2134 per
362 2061 426 2133 ejus
440 2056 613 2135 patientiam
622 2076 737 2118 omnem
746 2059 943 2135 praeuminus
1033 2054 1735 2130 Peccatumcumconsummetumluerit‚generut
1743 2071 1825 2125 mur·

121 2148 295 2225 nequitiam.
997 2149 1068 2203 tem.
1393 2212 1397 2219 .
1644 2212 1647 2217 Ι

154 2238 292 2296 Oblivisci
306 2236 468 2296 maximum
483 2242 531 2296 est
551 2238 686 2298 accidens
715 2238 942 2314 negligentibus.
1032 2236 1085 2293 Per
1099 2234 1209 2295 multas
1223 2234 1429 2295 tribulationes
1452 2237 1566 2310 oportet
1580 2251 1635 2295 nos
1657 2234 1772 2295 intrare
1792 2232 1823 2291 'm

154 2328 326 2386 Occasiones
356 2328 457 2385 deesse
474 2344 532 2384 non
548 2332 676 2402 possunt
689 2328 839 2402 perituris.
998 2340 1122 2398 regnum
1134 2325 1196 2391 Dei.

154 2416 336 2489 Obsequium
351 2414 472 2486 amieos,
486 2414 593 2472 veritas
608 2415 710 2472 odium
725 2414 812 2489 parit,
1032 2418 1189 2473 Peucestes
1199 2430 1299 2473 coram
1315 2415 1457 2475 omnibus
1469 2418 1641 2490 arguentur,
1665 2418 1700 2473 ut
1727 2412 1823 2483 umbri

155 2503 237 2562 Oculi
265 2502 430 2577 petulantes
459 2503 555 2560 cordis
584 2502 727 2562 luxuriosi
753 2507 824 2562 suut
847 2502 944 2578 prodi·
997 2506 1109 2560 metum
1124 2503 1262 2560 habeant.

120 2597 209 2652 tores.
327 2614 330 2618 ·
1031 2590 1824 2668 PleriqueOeumvocibussequunturmeribuseutem

157 2679 281 2738 Occultos
296 2680 444 2753 etjugitcr
458 2683 631 2753 perpetratu
646 2680 738 2754 culpo
753 2687 903 2739 merentur
997 2680 1123 2754 lugiunt

120 2774 154 2829 ιιι
167 2786 251 2845 reges
264 2774 453 2843 pastoresque
467 2769 594 2843 perversi
609 2770 836 2828 constituantur.
1032 2769 1139 2827 Plenus
1153 2774 1254 2829 venter
1267 2770 1351 2829 lacile
1365 2772 1499 2844 disputat
1513 2771 1549 2829 de
1559 2769 1692 2843 jejuniis.

155 2859 261 2918 Omnia
272 2858 340 2917 fidei
350 2863 523 2937 argumente
532 2858 682 2918 maximea
690 2858 844 2935 preteritis
856 2857 943 2916 rebus
1031 2858 1167 2918 Probatic
1181 2859 1352 2918 dilectionis·
1362 2859 1504 2919 exhibitio
1514 2863 1558 2919 est
1572 2859 1680 2933 operis.

121 2955 191 3008 sunt
205 2949 394 3006 assumenda.
995 2948 1158 3007 Perfectum
1173 2948 1276 3007 edium
1290 2951 1436 3024 estquod
1464 2966 1518 3009 nea
1543 2947 1666 3022 iustitia
1692 2962 1749 3007 nee
1778 2963 1827 3005 re·

156 3038 249 3113 Opere
264 3036 369 3094 melius
383 3052 475 3113 quem
487 3035 584 3093 verbis
598 3034 676 3094 Deus
686 3034 825 3094 laudatur
834 3039 864 3094 et
873 3051 944 3111 prs·
996 3035 1075 3095 tione
1090 3041 1180 3095 curet.

121 3127 246 3185 dicetur.
954 3118 977 3187 G
1030 3125 1121 3183 Posili
1135 3126 1166 3182 in
1181 3126 1293 3184 deliciis
1308 3128 1458 3187 attendere
1481 3129 1632 3200 nequeunt
1658 3124 1828 3200 quante-sit

163 3216 281 3289 Optima
293 3231 363 3273 voce
375 3213 562 3287 quidem‚aed
574 3217 690 3290 pectore
704 3214 835 3288 pessima
847 3212 942 3283 nisus,
996 3232 1083 3289 poena
1096 3215 1245 3291 perennis.

156 3302 208 3361 llle
223 3308 267 3362 est
281 3303 424 3360 dicendus
437 3302 541 3374 bostis,
558 3319 616 3359 non
630 3300 708 3359 fidus
723 3302 846 3360 amicus.
1031 3304 1173 3361 PeciOcus
1192 3305 1281 3363 homo
1296 3306 1376 3365 filius
1391 3306 1441 3365 Oei
1456 3309 1584 3373 moretm
1597 3304 1706 3367 suomi.

155 3392 249 3450 Omne
260 3392 338 3466 quod
354 3396 399 3449 est
409 3392 527 3463 J'ustum
542 3392 646 3449 merito
661 3391 718 3449 dici
737 3390 814 3451 valet
836 3407 940 3449 unum.
994 3395 1054 3453 Pax
1066 3411 1135 3451 vera
1148 3398 1193 3452 est
1204 3394 1328 3455 dicenda
1341 3413 1410 3457 cam
1429 3396 1551 3470 spiritus
1573 3400 1603 3455 et
1629 3411 1698 3461 aare
1715 3409 1824 3457 uuum·

153 3481 304 3539 Orandum
318 3497 444 3554 semper,
462 3497 499 3537 ne
514 3480 693 3537 seducamur
704 3480 741 3536 ab
756 3480 851 3539 hoste.
995 3483 1081 3541 uiant
1095 3483 1265 3542 omnimodo
1740 3546 1745 3553 ,

154 3570 240 3631 Omni
252 3573 371 3645 prelato
382 3569 532 3642 subjectus
547 3568 588 3625 sis
602 3569 688 3643 quasi
702 3568 816 3626 christo
1031 3571 1084 3629 Pro
1100 3572 1241 3647 qualitate
1255 3572 1438 3643 audientium
1460 3573 1583 3634 formari
1610 3573 1697 3633 debet
1725 3588 1824 3637 sermo

155 3659 261 3716 Omnia
275 3674 339 3731 qus
354 3656 447 3714 voluit
462 3659 548 3727 Oeus,
563 3658 600 3713 ad
612 3673 642 3713 se
658 3657 780 3731 mystico
794 3658 891 3715 traxit.
995 3659 1158 3718 doctorum.
1720 3725 1724 3731 ,

154 3746 302 3822 Oppositis
318 3746 416 3815 rebus,
432 3761 496 3819 quas
512 3744 571 3800 sint
586 3742 707 3801 meliora
718 3745 863 3803 videmus.
1029 3749 1082 3805 Per
1095 3749 1225 3824 quinque
1238 3751 1369 3826 corporis
1383 3769 1500 3819 sensus,
1509 3751 1595 3826 quasi
1608 3767 1660 3826 per
1672 3751 1821 3824 quasdam

155 3834 177 3894 0
193 3835 311 3910 quantis
325 3834 404 3892 curis
419 3848 501 3890 mens
516 3831 628 3907 indiget
641 3833 779 3892 omnibus
807 3834 903 3891 boris!
999 3838 1156 3910 fenestras,
1173 3840 1254 3899 intus
1270 3842 1401 3900 daturad
1417 3828 1713 3905 animam'introitus.

156 3924 195 3982 Os
208 3925 285 3997 quod
299 3922 450 3992 mentitur,
466 3921 594 3979 animam
606 3921 743 3997 jugulare
757 3923 890 3982 refertur.
1030 3926 1150 3986 Peccata
1165 3931 1299 4002 quaedam
1310 3930 1439 3990 unimam
1449 3929 1818 4005 polluuntquadamvero

1059 4034 1067 4071 1
1191 4058 1198 4074 ι

457 4062 573 4122 CAPUT
586 4064 645 4120 XV·
993 4019 1212 4165 erqqqqqqqn
1225 4109 1343 4165 tentum
1355 4105 1495 4182 diligendi
1510 4110 1580 4165 suut
1593 4110 1623 4165 ct
1642 4104 1820 4178 bonomndi,

156 4189 246 4263 Prope
257 4186 601 4247 estOominusomnibus
615 4189 818 4250 invocantibus
834 4193 939 4252 eumin
993 4199 1139 4274 quantum
1150 4193 1192 4253 illi
1207 4195 1333 4269 subiecti
1353 4201 1423 4256 sunt
1438 4212 1558 4255 summo.
1571 4194 1660 4261 Patri.

119 4278 250 4337 veritate.
1027 4283 1128 4347 Pravis
1143 4283 1275 4343 moribus
1290 4301 1407 4360 semper
1420 4285 1517 4360 grevia
1531 4284 1647 4345 estuita
1657 4283 1818 4345 bonorum

150 4366 280 4426 Pretiosa
291 4367 322 4424 in
336 4371 493 4443 conspectu
512 4368 628 4426 Domini
652 4384 732 4427 mors
769 4376 939 4431 sanatorum
1027 4373 1125 4435 Pallor
1137 4377 1167 4431 st
1181 4374 1282 4431 sordes
1295 4375 1380 4446 quasi
1395 4391 1517 4450 gemma
1530 4372 1620 4432 videri
1635 4372 1743 4431 debent
1759 4386 1821 4430 mo·

116 4458 190 4531 ejus.
951 4482 976 4548 D
991 4464 1094 4525 nacbis
1108 4467 1137 4519 et
1150 4461 1323 4536 virginibus.

137 4546 262 4604 Prohibe
275 4544 409 4623 linguam
423 4549 505 4603 tuam
520 4562 538 4602 s
552 4544 639 4619 malo,
653 4549 682 4604 et
695 4546 774 4607 labia
787 4552 838 4607 tua
851 4566 888 4607 ne
897 4548 937 4609 lo·
1026 4552 1158 4612 arelatis
1184 4566 1217 4611 ac
1243 4552 1410 4611 senioribus
1429 4553 1492 4613 suis
1503 4551 1678 4619 inobediens
1690 4552 1823 4623 meretur

113 4640 243 4711 quantur
258 4636 369 4694 dolum·
990 4648 1033 4712 ut,
1049 4643 1074 4701 si
1089 4643 1152 4717 ipse
1164 4639 1300 4715 prelatus
1315 4642 1403 4701 luerit
1418 4642 1577 4717 aliquibus,
1593 4642 1631 4701 ab
1647 4640 1693 4707 cis
1706 4632 1826 4707 similia

140 4726 283 4785 Patientia
297 4741 460 4800 pauperum
477 4740 535 4782 non
548 4723 654 4801 peribit
668 4724 699 4781 in
714 4725 814 4794 tinem,
990 4732 1129 4808 patiatur.

140 4813 231 4871 Petite
259 4817 288 4871 et
314 4815 433 4872 debitur
459 4816 551 4885 robis,
581 4814 701 4889 quarite
724 4819 757 4872 ut
770 4815 934 4891 invenietis,
1024 4822 1176 4879 Proiectus
1190 4819 1376 4893 quidsmest,
1393 4821 1424 4879 in
1438 4820 1598 4896 puniebat
1611 4819 1713 4895 ipsum
1726 4833 1822 4895 agae·

115 4901 231 4975 pulsate
242 4905 272 4959 θῑ
286 4900 434 4973 aperieiur
447 4902 538 4961 Oltis·
989 4927 1070 4969 scere
1088 4926 1141 4968 cur
1155 4908 1299 4967 merueris
1313 4927 1439 4983 paenam.
1703 4957 1710 4971 .

95 5006 98 5011 ·
148 4989 297 5046 Perfectus
312 4989 409 5046 omnis
424 4988 489 5057 erit,
507 4991 545 5046 eit
560 4991 599 5048 sit
609 4990 686 5048 sicot
695 4992 833 5067 Magister
847 4996 935 5071 nujus.
1024 5000 1140 5057 Pudice
1156 4999 1264 5056 mentis
1277 5015 1373 5059 sermo
1388 5000 1476 5060 debet
1487 4999 1698 5077 essepudiaoe

135 5079 253 5223 bPotens
282 5082 327 5136 est
354 5077 432 5135 Deus
462 5078 498 5135 de
527 5077 675 5154 lapidibus
703 5082 846 5143 suscitare
859 5083 936 5143 illios
1026 5089 1098 5147 Pars
1114 5086 1260 5161 sacrilegii
1270 5092 1315 5145 est
1324 5105 1372 5149 ree
1383 5106 1545 5164 pouverum
1556 5089 1822 5163 conductitium*

112 5167 244 5224 Arsshffi·
992 5178 1087 5235 ribus.

147 5260 273 5314 Parente
288 5255 383 5315 illium
396 5259 482 5312 tuum
496 5255 587 5331 virga,
603 5259 632 5313 et
654 5254 793 5317 liberabis
806 5261 936 5323 animam
1028 5268 1083 5323 Par
1092 5264 1422 5340 suppliciumsubibunt
1432 5267 1483 5341 qui
1493 5267 1821 5341 periermeniarum.

113 5345 179 5416 ejus
194 5362 212 5401 a
227 5350 320 5403 morte
1027 5354 1148 5413 Publica
1162 5353 1249 5429 culpa
1263 5355 1380 5428 publiea
1395 5356 1485 5419 etiam
1499 5356 1612 5430 indiget
1630 5353 1818 5430 paenitentis.

148 5431 220 5491 Plus
245 5435 361 5508 profluit
388 5434 530 5510 correptio
554 5434 632 5509 apud
648 5435 832 5511 prudentem,
848 5454 936 5519 quam
1026 5443 1199 5503 Paenitentia
1213 5448 1349 5519 esseest,
1364 5442 1821 5529 etperpettatemelaplsngrss

111 5525 230 5585 “ntum
244 5523 336 5600 1³¹⁸ssll
349 5527 427 5603 itud
442 5526 578 5587 mltum·
990 5537 1020 5595 et
1034 5534 1200 5612 plangenda
1213 5531 1337 5595 ulterius
1350 5551 1408 5596 non
1422 5520 1600 5615 perpetiere.
