3892 6096
122 193 181 253 'itt
648 192 681 253 S.
704 189 869 255 colurus
891 185 1117 251 abacorum
1138 188 1307 253 wasers
1769 194 1839 259 'm

124 322 249 380 hortatio
259 321 443 396 privilegium
463 338 552 379 sacre
563 338 660 380 eremo
671 321 882 381 concesserit.»
897 321 954 376 lta·
969 321 997 387 Α
1010 320 1186 393 templative
1205 322 1269 379 vita
1297 322 1356 379 Deo
1384 323 1572 380 serventium.
1600 324 1836 401 Constructequa

126 427 183 483 que
193 410 692 480 tantummodocontendo,admissa
702 411 952 470 sententiaeorum
1008 408 1081 463 inibi
1093 410 1214 467 basilica
1223 412 1316 468 sancti
1327 412 1835 485 Salvatoris,quinquecellulaeeum

127 500 177 575 qui
193 500 221 555 S.
236 499 360 556 loannis
371 498 521 556 Gualberti
538 500 704 573 ingressum
720 501 750 557 in
760 516 892 557 cremam
903 499 954 555 Ca·
1008 498 1070 554 suis
1080 499 1277 556 tabernaculis
1288 500 1397 556 ibidem
1408 501 1551 572 distinxit,
1564 506 1651 575 atque
1661 504 1700 559 ab
1712 503 1835 563 invicem

127 587 329 644 madulensem
342 588 536 645 ultraannum
548 591 617 644 1027
629 588 953 662 differuntprobabilis-
1007 588 1161 658 separavit.
1171 590 1227 645 Sed
1237 592 1266 644 et
1278 589 1404 663 singulis
1414 589 1528 647 cellulis
1538 590 1671 664 singulos
1683 593 1834 665 deputavit

128 674 202 734 sime
213 676 297 748 sequi
313 678 392 749 quod
407 678 436 733 S.
447 678 631 736 liomualdus
643 681 679 736 ab
690 697 724 737 eo
736 684 799 735 tum
811 677 953 752 temporis
1007 676 1111 732 iratres
1128 677 1275 747 eremitas,
1288 679 1338 750 qui
1352 678 1542 736 saecularibus
1553 681 1632 737 curis
1647 685 1677 737 et
1691 681 1832 740 sollicito-

127 765 168 821 ihi
183 781 242 822 non
256 766 386 838 potuerit
399 767 481 824 vivus
496 768 630 825 inveniri.
1007 765 1075 821 dine
1090 767 1205 831 remoti,
1222 767 1277 823 soli
1293 767 1397 824 divine
1424 769 1663 841 contemplationi
1685 770 1833 829 insistent

163 854 952 930 122.Huiceonscquentiamanibuspedibusqueobni-
1008 854 1119 919 Quibus
1135 857 1225 911 etiam
1240 857 1358 913 Petrum
1374 856 1569 914 venerabilem
1585 860 1755 928 eremitam,
1771 866 1832 919 tan·

127 945 201 1000 titur
215 960 291 1016 sape
302 945 365 1016 jam
381 944 518 1002 laudatus
532 947 625 1003 Guido
640 947 787 1018 Grandes,
804 947 953 1018 vitamque
1007 960 1096 1014 quam
1106 944 1223 1000 fidelem
1236 946 1403 1002 ministrum
1418 950 1446 1002 et
1459 953 1669 1019 praeceptorem
1682 949 1775 1007 dedit.
1784 951 1831 1007 oui

128 1035 158 1091 S.
174 1033 268 1089 Patris
282 1033 329 1089 sui
355 1034 510 1091 Romualdi
539 1037 688 1109 usquead
718 1052 828 1091 annum
844 1033 953 1090 Christi
1008 1050 1276 1107 nosquoquecum
1293 1037 1401 1092 nostris
1417 1037 1542 1108 posteris
1557 1038 1831 1105 successoribusve

130 1121 952 1198 1037protrahit;inAppendiceautempostdisserta·
1008 1122 1397 1181 cumdenominatosoncto
1426 1125 1497 1191 viro,
1533 1126 1830 1195 liomueldoscilicct,

127 1212 237 1268 tionem
252 1213 412 1268 secundam
429 1215 503 1270 duas
522 1214 723 1270 Romoaldinoe
749 1213 823 1269 Vitae
836 1213 953 1269 exhibet
1008 1211 1165 1281 partemin
1182 1217 1289 1268 aterna
1303 1215 1362 1269 vita
1378 1214 1551 1286 habeamus,
1567 1215 1729 1288 donamus,
1746 1216 1831 1291 largi-

127 1300 244 1358 tabulas
258 1298 488 1376 chronologicas,
502 1305 671 1377 inquorum
685 1304 780 1375 prima
791 1305 826 1360 ed
842 1319 953 1360 annum
1009 1314 1076 1353 mur
1090 1306 1281 1371 praetaxatum
1299 1302 1394 1358 locum
1411 1304 1574 1359 secundom
1585 1305 1723 1377 praefixos
1734 1308 1830 1364 termi-

128 1389 326 1463 Christiloiss,
338 1398 419 1451 notat
430 1393 601 1465 sequentia:
617 1392 844 1449 «Cemaldulum
859 1393 887 1448 S.
902 1396 954 1448 Pa·
1008 1404 1062 1444 nos
1078 1390 1114 1445 ad
1131 1406 1219 1446 usum
1234 1395 1263 1446 et
1273 1396 1426 1463 sumptum
1437 1390 1560 1448 fratrum
1572 1394 1776 1469 eremitarum,
1784 1414 1832 1470 pro

127 1485 296 1542 terredians
306 1482 953 1555 loannemGualbertumadsoconlugientem
1007 1481 1138 1549 tempore
1149 1478 1259 1535 ibidem
1275 1480 1333 1536 Deo
1349 1480 1570 1549 tamulantium,
1581 1487 1671 1555 atque
1685 1500 1740 1557 per
1754 1486 1832 1559 pagi·

129 1589 181 1647 par
194 1589 245 1631 sex
259 1589 376 1631 meuses
391 1572 481 1644 (unde
496 1570 725 1627 determinatum
740 1570 820 1627 istud
836 1574 953 1643 tempus
1008 1584 1076 1622 uam
1088 1566 1177 1638 huJ‘us
1194 1569 1284 1625 nostri
1300 1568 1443 1641 privilegii
1458 1586 1526 1627 eum
1541 1571 1721 1630 investimus
1735 1574 1771 1631 de
1784 1575 1828 1631 hie

129 1662 271 1732 hauserit,
288 1663 363 1719 scire
378 1662 458 1731 aveo)
473 1659 627 1716 eremiticae
651 1659 715 1715 vitae
739 1660 892 1731 praeceptis
908 1659 952 1714 in·
1007 1656 1155 1726 omnibus,
1173 1674 1236 1729 qua
1250 1657 1325 1713 infra
1339 1658 1509 1731 designatos
1522 1661 1667 1718 terminos
1683 1662 1834 1722 noshodio

133 1752 232 1817 struit,
244 1767 312 1807 mox
322 1747 586 1806 suabenedictionc
596 1753 626 1803 et
639 1747 776 1803 vaticinio
788 1747 906 1803 Ordinis
916 1748 952 1804 ab
1007 1745 1044 1800 ad
1060 1762 1180 1801 manuni
1198 1751 1331 1803 nostram
1345 1747 1543 1805 domnicatam
1559 1750 1599 1821 (id
1616 1751 1705 1808 estin
1715 1753 1832 1811 Domino

134 1839 184 1896 illo
200 1838 373 1896 instituendi
389 1838 426 1893 ad
442 1835 551 1892 Vallem
566 1836 741 1892 Umbrosam
767 1836 826 1892 sivo
840 1837 954 1908 Aquam
1008 1837 1119 1903 nostre)
1133 1835 1277 1892 habemus
1293 1841 1322 1892 et
1336 1834 1548 1894 detinemus...
1574 1840 1649 1905 Quin
1673 1856 1744 1915 ergo
1759 1843 1832 1916 quod

136 1927 246 1985 Bellam
261 1926 419 1983 dimittit.»
435 1924 494 1981 lloo
508 1930 637 1998 systema
651 1942 750 1997 suum,
775 1925 854 1997 quod
867 1925 952 1981 innu-
1008 1940 1062 1980 nes
1075 1940 1127 1996 pro
1143 1924 1237 1980 saluto
1252 1930 1281 1981 et
1305 1926 1433 1982 remedio
1449 1927 1553 1983 anima
1582 1933 1703 1999 nostras,
1720 1938 1832 1989 nostro·

129 2018 220 2074 meris
231 2015 454 2072 difficultatibus
465 2014 631 2085 subjectum
643 2018 697 2085 est,
709 2014 797 2070 variis
808 2015 953 2086 conjectu·
1008 2030 1132 2085 rumque
1143 2031 1347 2071 successorum
1358 2016 1561 2089 episcoporum
1572 2018 1631 2075 lieo
1641 2020 1832 2089 contulimus,

129 2107 170 2162 ris
185 2109 213 2162 et
227 2104 367 2162 contortis
394 2103 650 2177 explicationibus,
679 2103 835 2159 artificiose
855 2108 953 2159 tamen
1008 2119 1059 2175 per
1073 2106 1180 2159 eterno
1190 2102 1365 2159 seculorum
1380 2104 1475 2176 spatia
1489 2109 1598 2177 ratum,
1615 2108 1831 2183 firmumatqua

129 2195 260 2267 undique
275 2193 411 2261 corrasis,
435 2192 566 2249 stabilire
590 2196 721 2248 conatur.
747 2191 870 2265 Singula
888 2194 954 2263 ejus
1008 2191 1212 2249 inconvulsum
1224 2194 1310 2249 debet
1321 2199 1595 2264 permaneaaoeo
1606 2196 1692 2253 Patre
1702 2199 1857 2272 omnipo—

130 2281 953 2359 argumenteenoutersetrefutarehienonvaeat.ltam
1008 2282 1267 2337 tenteetDcmino
1296 2287 1396 2339 nostro
1424 2284 1495 2340 Jesu
1524 2284 1653 2354 Christo,
1675 2294 1857 2363 sanctoque

129 2376 186 2432 hoo
197 2375 278 2445 justo
292 2371 379 2428 melis
393 2370 503 2426 librum
518 2370 654 2443 exigeret.
672 2371 753 2435 Quod
765 2370 789 2425 si
801 2370 866 2442 quis
877 2370 955 2427 circo
1007 2370 1116 2442 Spiritu
1131 2370 1346 2440 interdicimus,
1358 2374 1492 2429 etmedis
1503 2374 1643 2432 omnibus
1653 2376 1829 2435 inhibemus
1839 2430 1857 2455 ‚

131 2464 209 2520 hane
222 2477 283 2518 rem
299 2461 385 2533 plura
411 2460 565 2526 desideret,
586 2457 738 2515 consulere
762 2461 868 2531 poterit
883 2459 953 2516 ecri-
1008 2465 1041 2516 ut
1056 2459 1155 2516 nultus
1171 2464 1270 2517 noster
1285 2477 1447 2531 successor,
1463 2463 1620 2536 episeopus
1632 2466 1764 2525 Aretina
1777 2468 1852 2525 lla-

137 2546 546 2625 ptoresVenetos,quoslibris
555 2547 642 2603 editis
653 2551 756 2603 eontra
767 2548 861 2621 ipsius
872 2549 953 2606 chro-
1008 2549 1113 2617 alesia,
1123 2550 1295 2622 pradictum
1305 2550 1425 2608 tratrem
1438 2552 1554 2609 Petrum
1566 2554 1734 2629 eremitam,
1749 2572 1844 2617 auos.

133 2638 278 2713 nologiam
294 2636 489 2694 insurrexisse
510 2635 860 2708 intellige.Nos,omissis
888 2638 954 2695 aliis
1008 2655 1064 2711 que
1079 2643 1211 2710 posteros
1226 2655 1411 2698 successores
1426 2642 1563 2699 eremitas
1579 2644 1615 2699 de
1631 2643 1690 2713 his,
1720 2662 1784 2719 qua
1796 2646 1827 2709 S.

131 2746 190 2786 non
204 2728 318 2787 levibus
333 2725 525 2800 argumentis,
537 2724 657 2781 unicum
674 2727 823 2798 systemati
836 2728 900 2798 ejus
910 2729 953 2784 di·
1007 2727 1397 2786 Salvatoriooncessimusad
1411 2747 1499 2787 usum
1510 2736 1699 2805 etsumptum
1708 2734 1823 2797 fratrum

130 2817 229 2892 ploma
243 2832 437 2890 opponemus,
453 2819 481 2871 et
495 2831 613 2871 omnem
628 2814 743 2887 effugiis
758 2815 870 2871 aditum
881 2834 953 2890 pre·
1006 2818 1204 2889 eremitarum,
1221 2823 1273 2874 aut
1286 2819 1343 2891 ipsi
1359 2837 1376 2876 a
1391 2821 1485 2889 nobis,
1502 2822 1563 2878 sive
1578 2824 1613 2880 ah
1631 2825 1815 2883 aliishominl·

130 2906 247 2964 cludere
262 2905 445 2963 conabimur.
1006 2907 1062 2963 bus
1073 2907 1291 2979 acquisiverint,
1306 2910 1457 2978 devestire,
1470 2904 1638 2985 molestare,
1654 2914 1810 2989 inquietare,

167 2996 228 3052 123.
246 2993 379 3068 Diploma
393 2993 465 3049 illud
482 2996 526 3050 est
539 2992 696 3049 'theobaldi
712 2992 823 3049 Aretini
838 2995 950 3067 episco-
1008 3001 1059 3052 aut
1071 2995 1161 3052 ullam
1177 2997 1547 3056 diminorationeminserre
1557 3008 1760 3073 praesumat...
1772 3004 1809 3060 lta·

130 3087 172 3161 pi,
188 3086 266 3159 quod
281 3084 429 3156 integrum
443 3083 534 3139 videri
550 3086 646 3154 potest
661 3084 738 3154 apud
754 3085 951 3157 augustinum
967 3063 988 3131 G
1008 3090 1072 3142 tum
1086 3102 1162 3142 anno
1174 3088 1333 3153 1027,anno
1346 3088 1533 3161 pontificatus
1544 3092 1663 3148 Domini
1671 3090 1805 3151 Theodaltl

131 3174 304 3233 Fortuniom
332 3171 383 3228 lib.
411 3189 420 3227 1
447 3171 641 3228 ilistoriarum
670 3172 952 3247 Camaldulensium,
1007 3175 1042 3243 V,
1059 3191 1159 3231 mense
1173 3181 1316 3249 Augusto,
1334 3177 1493 3235 indictione
1506 3196 1534 3235 x.
1553 3204 1565 3233 ι

130 3281 195 3339 cap.
210 3264 254 3320 10.
268 3263 380 3335 Quippe
395 3276 462 3317 cum
478 3259 623 3333 prolixum
639 3261 687 3332 sit,
717 3262 869 3336 multaque
885 3282 965 3345 con·¹
1045 3266 1105 3321 125.
1121 3265 1466 3338 liujusdiplematisvim
1478 3272 1507 3324 et
1521 3270 1803 3343 auctoritatemque

129 3353 221 3410 tineat
235 3352 270 3408 ad
301 3349 527 3407 controversiam
548 3354 677 3406 nostram
703 3368 762 3407 non
778 3355 951 3424 spectantia.
1008 3353 1198 3426 scitipsemet
1212 3354 1357 3423 Grandes,
1374 3356 1459 3428 anus
1474 3358 1561 3414 verbo
1589 3358 1640 3417 hio
1654 3359 1735 3419 lubet
1745 3364 1803 3415 tren·

131 3442 216 3500 nobie
231 3441 279 3496 hio
293 3439 429 3510 sufficiet,
445 3442 616 3495 accuratum
637 3438 717 3495 illius
742 3441 858 3499 dedisse
872 3460 951 3501 com·
1007 3441 1218 3514 saribaravuia
1229 3441 1258 3496 in
1270 3458 1319 3498 Ore
1330 3444 1488 3500 adversarii
1499 3446 1597 3517 majus
1608 3446 1801 3520 ponduasoltll

131 3530 282 3605 pendium,
312 3545 347 3584 ex
365 3526 492 3600 propriis
508 3526 669 3583 Theoboldi
683 3529 779 3586 verbis
794 3530 849 3587 hoc
865 3533 952 3589 modo
1007 3531 1122 3586 habere.
1135 3530 1200 3587 Hae
1215 3531 1429 3603 itaquesatetur
1444 3533 1565 3591 Dissert.
1583 3553 1617 3603 n,
1635 3554 1700 3610 cap.
1713 3538 1739 3607 8,
1750 3534 1801 3603 u,t

134 3623 306 3694 exceptum:
321 3640 336 3668 «
348 3622 380 3672 1n
390 3615 509 3673 nomino
520 3621 628 3671 sauctae
643 3620 672 3671 et
685 3616 841 3676 individuae
856 3621 951 3677 Trini·
1006 3642 1021 3669 a
1037 3619 1078 3673 Ex
1092 3619 1151 3675 alia
1164 3636 1230 3675 vero
1259 3623 1342 3692 perte
1368 3621 1559 3679 difficultates
1587 3624 1659 3683 huie
1677 3620 1800 3700 systemati

128 3709 215 3769 tesia.
226 3705 411 3765 Theoboldus
427 3703 519 3761 sancti
527 3705 631 3761 Donati
640 3705 795 3773 vicarius,-
811 3731 821 3757 ι
833 3708 873 3764 ita
882 3727 951 3782 pas·
1005 3709 1155 3781 oppositae,
1169 3726 1225 3765 non
1237 3709 1294 3766 nisi
1305 3710 1494 3782 probabiliter
1504 3713 1711 3785 expediuntur,
1722 3712 1800 3771 dom

128 3799 186 3856 sim
197 3793 950 3867 Aretiniepiscopisesevocant,utnotatltabillenius
1004 3798 1799 3877 praesertimcxprivilegioTheodaldipetitaquameivt
1855 3848 1857 3853 .

128 3904 234 3945 saevi
245 3884 431 3942 Benedictino
442 3886 523 3955 parte
533 3900 553 3955 1,
569 3884 703 3955 pagam
714 3905 724 3932 α
734 3884 949 3944 Omniumfide-
1005 3887 1076 3943 mihi
1091 3903 1207 3960 semper
1221 3888 1371 3961 negotium
1387 3888 1531 3947 lacessere
1547 3908 1606 3963 praa
1631 3889 1800 3967 reliquierit

126 3974 200 4032 lium
217 3972 450 4029 Christianorum
467 3971 520 4027 hoc
534 3970 651 4027 dileetio
662 3972 784 4041 noverit,
801 3974 878 4045 quod
894 3992 948 4033 nos
1002 3977 1487 4050 est,acminusexaotem,quam
1517 3985 1621 4037 ceteras
1651 3981 1798 4041 solebam

125 4061 376 4134 obamorempiae
392 4060 945 4132 memoriaspiritalisPatrisnostriD.
1002 4066 1165 4133 admittere,
1180 4066 1252 4122 adeo
1267 4068 1412 4140 utverba,
1428 4085 1464 4124 ex
1490 4068 1541 4125 illo
1569 4066 1799 4147 privilegiantis
1853 4090 1857 4111 -·

125 4150 291 4220 Romualdi,
309 4148 463 4207 clarissimi
478 4149 614 4216 eremita,
626 4151 774 4206 communi
786 4152 948 4212 consilioot
1001 4154 1150 4227 opposita,
1167 4156 1315 4226 quondam
1332 4156 1469 4213 addititia
1488 4158 1675 4231 crediderim,
1687 4154 1800 4234 quasill-

124 4256 269 4298 consensu
285 4240 409 4296 fratrum
425 4237 597 4297 clericorum
613 4243 779 4295 nostrorum
794 4240 945 4316 episeopo·
1000 4241 1099 4314 ploma
1112 4242 1197 4311 illud,
1214 4243 1256 4299 vel
1272 4244 1308 4299 ab
1323 4243 1641 4317 aliquointerpolatum
1658 4244 1798 4311 inveniunt

123 4347 189 4387 rum
205 4331 360 4400 donamus,
376 4332 405 4385 et
419 4328 608 4385 concedimus
623 4344 674 4399 pro
695 4331 823 4387 remedio
838 4332 944 4389 anima
999 4331 1043 4387 vel
1057 4332 1179 4404 ipsemet
1195 4332 1280 4389 nobis
1295 4333 1504 4406 interpolatum
1520 4334 1707 4395 exhibuisset
1722 4336 1800 4393 Fada-

121 4424 227 4477 nostroe
243 4419 435 4491 omniumque
450 4433 653 4474 suceessorum
679 4423 845 4476 nostrorum
867 4422 943 4495 epis·
960 4435 984 4501 Ι)
999 4420 1077 4488 nius,
1095 4438 1157 4493 quie
1171 4424 1270 4477 tamen
1287 4419 1415 4495 suspicio
1430 4440 1508 4480 nunc
1524 4430 1644 4496 cessat,
1669 4430 1800 4501 postque!

120 4524 261 4583 caporum
275 4512 308 4563 1).
325 4505 581 4564 Petrovenerabili
610 4507 736 4563 eremitae
761 4509 797 4563 ad
814 4515 946 4568 usumet
999 4510 1800 4589 autographum,ipsiusTheodnleimanusubseriptvm

119 4602 272 4672 sumptum
282 4597 473 4663 confratrum,
485 4595 669 4652 eremeticam
678 4596 768 4652 vitam
780 4599 878 4655 subeo
891 4601 944 4656 du·
997 4604 1026 4655 ct
1036 4598 1133 4671 sigillo
1144 4600 1292 4655 munitum
1304 4600 1332 4655 in
1344 4601 1560 4657 Camaldulcnei
1570 4604 1800 4674 Archiviomm·

118 4685 618 4758 centium,suisquesuccessoribus
629 4684 769 4755 eremitis,
781 4689 942 4759 quamdam
998 4691 1040 4744 rio
1058 4690 1084 4759 l,
1100 4705 1183 4752 nuni,
1200 4690 1244 4760 311,
1260 4688 1484 4762 diligentissime
1508 4690 1712 4763 lustravimus,
1724 4700 1799 4763 nequ

117 4775 270 4832 ecclesiam
282 4776 311 4831 in
321 4774 776 4848 mediisAlpibusyuraepiseopii
789 4779 942 4836 sanctiDe-
997 4778 1209 4850 suppositionis
1218 4778 1263 4833 vel
1273 4778 1508 4850 interpolationis
1521 4786 1625 4839 nomm
1638 4780 1798 4841 ullamolln·

117 4864 282 4937 uati,quam
293 4880 347 4920 nos
359 4868 463 4936 rogatu
474 4863 584 4935 prelati
595 4864 628 4918 o.
645 4864 799 4921 ltomualdi
813 4868 940 4924 eremite
996 4868 1104 4934 dimus,
1117 4869 1166 4923 sed
1183 4868 1341 4940 integrum,
1356 4874 1386 4924 et
1401 4870 1599 4943 undequaque
1613 4874 1751 4931 sincerum
1761 4868 1795 4925 aa

116 4953 353 5011 consecravimus
363 4953 418 5008 suh
429 4952 537 5008 honore
548 4956 576 5007 ot
587 4954 704 5010 nomine
715 4955 830 5010 Domini
849 4958 940 5014 nostri
995 4956 1216 5029 prehendimus,
1226 4962 1258 5012 ut
1267 4964 1421 5030 propterea
1432 4976 1488 5015 non
1505 4959 1563 5015 nisi
1575 4960 1718 5033 probabili
1726 4958 1793 5015 inlu·

113 5042 182 5101 lasa
194 5042 302 5100 Christi
314 5040 794 5109 sanetisalvatoris,eonsistenteni
812 5045 840 5099 in
853 5048 939 5101 terri·
995 5050 1175 5116 pretamento
1205 5047 1342 5119 sirperins
1370 5050 1507 5119 adducto,
1538 5051 1789 5124 exemplisquaon

113 5132 188 5188 torio
198 5132 318 5189 Aretino
329 5131 365 5187 ad
375 5129 487 5186 radices
498 5128 625 5200 Alpium,
638 5131 830 5188 dividentium
842 5135 938 5191 Thus·
994 5136 1115 5207 praeced.
1133 5151 1215 5190 niam.
1234 5137 1264 5190 11
1281 5136 1378 5194 allatis
1393 5138 1578 5205 confirmato,
1597 5140 1789 5211 eludieJ'um·

113 5219 189 5277 ciam
205 5227 234 5278 et
249 5221 435 5289 Rementem,
451 5219 480 5274 in
496 5219 558 5274 loco
567 5218 617 5289 qui
628 5218 736 5276 dicitur
746 5220 854 5295 Campo
863 5224 938 5280 ltlal·
993 5224 1112 5279 cteritas
1127 5224 1230 5296 possit.
1244 5248 1258 5273 a
1268 5226 1305 5280 nt
1319 5226 1469 5298 probabile
1484 5226 1559 5285 illud
1577 5228 1787 5303 interpatent

113 5307 174 5365 duli
190 5325 243 5382 per
258 5328 312 5367 sue
326 5311 390 5368 loca
404 5309 588 5382 designata...
991 5317 1055 5367 tum
1072 5313 1238 5369 audiamus.

122 5470 125 5477 Ι
149 5398 210 5457 121.
222 5421 236 5449 «
249 5400 332 5456 llune
344 5400 435 5474 igitur
445 5399 541 5455 locum
557 5401 587 5451 1).
601 5396 782 5455 llomuatdus
796 5401 862 5474 pius
875 5419 935 5461 ere·
1028 5403 1088 5457 190.
1107 5402 1305 5476 Perempteria
1319 5406 1488 5477 systematis
1505 5407 1553 5463 sui
1566 5408 1656 5465 verba
1671 5408 1698 5466 in
1719 5398 1784 5474 diple

110 5485 250 5547 mitorum
262 5490 348 5546 Pater
360 5489 478 5563 detegit,
495 5485 656 5561 etprovidit
667 5488 853 5561 aptissimum
866 5509 934 5549 con·
991 5497 1069 5549 mato
1084 5493 1180 5565 posita
1192 5492 1235 5550 sie
1250 5493 1434 5567 interpretari
1449 5495 1554 5573 incipit
1568 5498 1690 5559 Dissert.
1704 5498 1782 5567 aaut
