3892 6096
49 263 108 325 {93
624 258 700 320 atu.
723 259 775 320 DE
796 258 926 323 CURSU
948 257 1183 324 substruunt.

1699 269 1757 331 tut

44 408 155 469 pressa,
179 390 305 465 judicate
327 376 443 463 pupillo,
459 388 727 462 defenditeaiduam,
744 395 770 448 et
785 393 877 448 uenite
892 400 920 467 Α
929 393 1022 465 justus
1035 410 1052 448 a
1062 394 1174 465 justitia
1188 410 1248 459 sua,
1264 402 1290 452 et
1303 394 1400 467 fecerit
1412 397 1594 469 iniquitatem
1604 401 1756 457 recursuum

46 483 194 556 aaronita
207 497 263 547 me,
276 480 345 537 dicit
359 480 492 535 Dominus
507 481 583 548 (lsai.
601 498 620 548 1,
634 481 734 553 16-18).
754 485 812 550 Vre,
827 483 877 552 qui
929 482 1157 549 abominationes,
1172 500 1239 556 quas
1252 487 1364 556 operari
1382 488 1449 543 solet
1477 489 1588 560 impius,
1623 492 1757 564 nunculm

44 576 184 646 sopientes
192 571 259 628 esta
269 571 300 627 ia
314 568 402 626 oeulis
412 570 520 641 uestris,
537 572 661 626 e'teoram
677 572 876 642 nobismetipsis
930 572 1021 627 nivet?
1050 572 1146 628 Omnes
1174 575 1287 641 iustitiae
1305 574 1374 646 ejus,
1387 592 1456 646 artas
1468 578 1581 647 temnat,
1596 595 1653 634 non
1665 597 1757 637 recor·

44 662 218 739 prudentes!
232 659 308 731 (lsai.
323 675 351 725 v,
365 658 423 731 21.)
443 659 548 731 Vae,pui
560 659 878 732 coaduntlepesinipuus
932 660 1075 716 dabuntur
1089 662 1196 731 (Duerb.
1213 664 1269 732 et).
1283 663 1485 720 convertimini
1499 676 1526 721 et
1540 670 1616 736 cpite
1624 671 1758 740 preniten-

46 761 75 811 ιι
87 751 238 808 scribentes
264 749 435 821 injustitiam
447 750 627 819 scripserunt,
643 754 673 804 ut
694 751 879 822 opprimerent
932 750 1002 804 tium
1016 750 1050 804 ab
1064 752 1316 822 omnibusporeatis
1328 755 1433 821 uestris,
1450 758 1541 810 elnon
1557 758 1610 812 erit
1624 759 1700 814 nobis
1727 761 1757 814 in

49 860 81 899 ιιι
92 840 203 915 judicio
229 842 382 912 pauperes!
397 836 473 909 Quid
492 838 598 908 facietu
612 839 642 894 in
656 838 700 894 die
712 840 879 895 visitationis
934 841 1048 894 ruinam
1059 841 1202 910 iniquitas.
1220 842 1379 911 Projiciteu
1393 842 1466 897 robis
1477 859 1569 899 ornnes
1595 850 1759 916 pravarica-

48 939 76 988 ιι
103 928 275 987 mmeritis
292 925 325 983 de
353 925 433 998 torrae
460 925 617 983 amicalis?
645 927 720 1000 (lsai.
744 945 772 994 x,
804 925 879 997 1,3,)
935 929 1022 984 tiones
1051 930 1163 996 oestrus,
1189 931 1220 983 in
1248 930 1347 1000 artibus
1366 933 1758 1007 prasioruotiestaetracue

53 1021 123 1077 Ecce
145 1017 205 1075 dies
227 1015 337 1073 Domini
351 1015 556 1072 ueniterudelis
569 1024 595 1071 et
608 1016 809 1088 indicnationis
822 1016 880 1087 ple·
936 1016 1013 1072 noba
1039 1033 1086 1073 cor
1112 1033 1213 1073 mirum
1227 1026 1253 1074 et
1275 1020 1404 1088 spiritum
1419 1035 1520 1075 nouum
1537 1021 1628 1091 (tiit,
1645 1040 1709 1093 xxx,
1720 1024 1761 1094 5).

49 1108 150 1167 amad
160 1106 319 1181 ponnidtm
334 1108 437 1161 terram
457 1106 488 1160 ia
502 1104 684 1161 solitudinem
694 1109 720 1161 et
728 1113 881 1176 pematores
936 1103 1018 1160 'lulis
1028 1106 1118 1178 igitur
1131 1107 1228 1175 verbu,
1244 1123 1308 1178 qum
1322 1108 1458 1163 detribus
1469 1110 1688 1180 prenominatis
1699 1128 1763 1182 pro·

48 1194 542 1273 ejuseonlcrendosdcea(lsaix1n,
555 1195 595 1267 9).
610 1195 654 1252 l'ae
681 1195 729 1268 qui
751 1193 883 1267 profundi
937 1192 1563 1266 phatisjamprotuli,oxmultisdilsscilibus
1575 1214 1626 1270 pro
1646 1205 1763 1256 cuncto·

48 1290 120 1347 atis
135 1285 233 1355 corde;
244 1293 276 1341 ut
289 1301 306 1341 c
321 1283 435 1341 Domina
449 1283 623 1340 abscondatis
641 1285 796 1351 comitium,
817 1299 882 1356 quo·
937 1299 1003 1337 rum
1020 1283 1218 1339 admonitione
1230 1283 1360 1339 bdelium
1370 1286 1524 1357 decerpere
1540 1287 1650 1356 studui,
1663 1288 1763 1344 existi-

48 1394 120 1435 ,ψη
134 1378 198 1432 sunt
211 1373 371 1431 intenebris
384 1370 490 1445 opera!
504 1373 578 1444 (lsai.
595 1388 672 1440 xxrx,
689 1373 745 1445 15‚)
763 1377 822 1440 Vae,
837 1373 885 1445 qui
938 1387 1024 1426 mans
1035 1371 1136 1444 paucis
1147 1372 1297 1444 prodesse,
1311 1373 1334 1428 si
1351 1390 1410 1445 qua
1425 1366 1762 1433 difliciliacxeisstuda-

47 1466 190 1542 padani
201 1470 212 1519 t
232 1477 323 1521 nonne
349 1466 375 1519 et
387 1463 445 1534 ipse
455 1461 650 1533 praedaberis?
663 1470 688 1517 ct
702 1464 752 1534 qui
766 1464 883 1533 spernis,
940 1476 1001 1517 rom
1017 1462 1155 1533 prolerre.

48 1571 147 1614 mne
173 1555 235 1627 ipse
260 1551 521 1625 spennristusoi.
542 1567 642 1620 xsxnr,
661 1554 699 1619 1.)
730 1550 885 1622 confortate
975 1549 1031 1606 Sed
1060 1554 1089 1605 at
1116 1565 1168 1622 per
1195 1549 1360 1621 historiam,
1391 1567 1454 1623 que
1485 1552 1513 1608 in
1540 1553 1614 1610 libro
1636 1556 1763 1612 Danielis

49 1660 154 1702 monus
177 1642 324 1699 dissolutas
352 1644 380 1696 et
406 1656 498 1712 pertua
525 1639 629 1696 debitio
645 1639 784 1695 roborate.
799 1640 886 1695 Dicite
940 1638 1087 1713 propheta
1114 1639 1223 1712 scripta
1260 1644 1314 1708 est,
1340 1657 1442 1698 omnes
1486 1642 1587 1700 fidelos
1611 1645 1764 1701 admoneri

49 1732 265 1809 pusillonsimis:
282 1728 491 1800 Consortamini,
505 1727 591 1784 notite
605 1728 721 1787 timere:
735 1726 805 1782 Deus
826 1726 886 1795 ipse
940 1732 1073 1800 possunt,
1090 1728 1114 1783 si
1130 1729 1278 1784 attersderc
1293 1729 1431 1785 studeant
1446 1731 1514 1803 quia
1525 1733 1601 1788 siout
1615 1732 1681 1791 illos
1705 1743 1764 1793 tres

51 1819 312 1903 amictelsoluabit
326 1834 371 1874 vos
386 1818 462 1891 (lsai.
486 1833 569 1885 xxxv,
588 1818 616 1884 5,
633 1816 670 1885 b).
688 1814 885 1871 conoertimim
940 1833 1056 1890 pueros,
1082 1815 1148 1873 licet
1173 1817 1202 1872 in
1232 1818 1398 1890 captivitato
1424 1825 1452 1873 et
1480 1820 1510 1875 in
1533 1823 1765 1894 peregrinatione

53 1912 95 1970 ad
120 1926 174 1983 me,
198 1909 267 1967 dicit
293 1908 436 1978 Dominus,
464 1909 490 1963 et
518 1905 692 1976 subsimilis,
707 1920 799 1961 omnes
817 1905 886 1975 fiaes
938 1911 1045 1975 essent,
1075 1905 1246 1962 nullatenus
1274 1911 1372 1962 tannen
1399 1908 1442 1964 vel
1472 1925 1523 1981 per
1544 1912 1698 1967 minasve}
1714 1929 1766 1986 par

53 2011 138 2060 terrra
149 2001 229 2073 (troi.
246 2015 309 2069 xcx,
324 1996 381 2069 22).
393 1996 489 2052 Audite
503 1993 624 2051 nudare
634 1994 726 2063 corde,
739 1996 788 2068 qui
806 1993 885 2065 lonpe
939 1995 1083 2068 supplicia
1098 2012 1147 2051 rex
1159 1995 1430 2052 Nabuchodonosor
1452 2013 1585 2055 amovere
1606 2002 1720 2071 poterat
1747 2020 1764 2059 a

53 2094 121 2149 estis
146 2087 293 2162 ajusiitio
312 2087 387 2159 (lsai.
414 2102 490 2141 xcvi.
521 2085 575 2148 12).
606 2084 725 2153 Quaerite
740 2083 886 2139 Dominum
939 2083 1020 2140 cultu
1036 2083 1107 2152 Dai;
1124 2085 1164 2140 ita
1180 2085 1268 2140 etiam
1284 2085 1339 2157 ipsi
1365 2085 1471 2141 debant
1498 2086 1580 2143 nulla
1607 2106 1762 2160 pravorum

53 2180 124 2237 dum
147 2177 270 2235 inueniri
291 2179 389 2249 polest,
404 2176 529 2231 invocate
556 2189 620 2229 eum
636 2172 702 2228 dum
728 2187 814 2245 prope
835 2173 883 2227 est.
938 2173 1596 2245 hominumsuasionaalegedivinaamoveri.
1611 2178 1761 2235 Nonenim

54 2269 234 2341 Dereiiaqnot
249 2266 351 2339 impius
362 2265 435 2320 uiam
447 2279 537 2335 mam,
553 2266 578 2318 ct
593 2264 636 2317 uir
650 2264 763 2333 iniquus
781 2261 884 2330 copita-
939 2261 1002 2318 sine
1015 2278 1104 2318 causa
1120 2262 1261 2319 Dominus
1277 2261 1345 2318 olim
1363 2264 1423 2319 lieri
1439 2265 1573 2337 permisit
1584 2265 1716 2335 talia,sed
1732 2274 1764 2324 ut

53 2360 145 2417 ιιίιιιει
158 2373 234 2427 suos,
248 2360 273 2412 el
285 2357 445 2412 reumtatur
458 2352 494 2409 od
508 2352 666 2420 Dominum,
675 2357 703 2407 et
711 2350 886 2407 miserebitur
940 2351 1091 2424 prasentia
1106 2351 1246 2424 temporis
1262 2351 1396 2407 homines
1411 2352 1440 2406 in
1455 2354 1563 2424 quibas
1578 2356 1668 2423 fraus,
1686 2356 1765 2413 lalla-

54 2450 127 2522 ep'us,
157 2445 242 2502 etad
270 2445 357 2500 Dwm
385 2451 508 2499 nostrum
536 2443 666 2516 quonium
681 2439 885 2497 muttuscstad
939 2440 984 2497 cia
1011 2445 1040 2494 et
1067 2444 1252 2513 conlemptus
1281 2440 1344 2506 Dei,
1369 2443 1765 2516 necnonomnisiniquitas

57 2534 253 2608 ianmcerndum
266 2533 342 2606 (lsai.
358 2533 386 2605 6,
398 2532 437 2605 7).
453 2536 519 2588 Huc
534 2530 725 2604 itaquolsaia
737 2529 885 2602 prophetas
939 2534 1042 2601 regnat
1072 2529 1138 2602 plus
1168 2546 1256 2601 quam
1286 2531 1315 2585 in
1345 2534 1511 2602 temporum
1537 2534 1766 2605 praestantium

56 2628 154 2692 uerba,
170 2622 307 2696 nunquid
321 2620 486 2695 specialiter
499 2620 578 2676 dicta
591 2623 662 2676 sunt
689 2618 732 2675 vel
757 2619 791 2674 ad
810 2617 884 2673 tilios
939 2618 1120 2684 hominibus,
1132 2620 1217 2690 juxta
1230 2618 1402 2692 Apostolum
1418 2619 1563 2676 dicentem
1579 2639 1584 2677 :
1598 2623 1628 2678 ln
1653 2627 1768 2681 nouissi-

58 2713 157 2783 lsrael,
171 2715 217 2771 vol
230 2713 266 2770 sd
282 2711 355 2769 alios
365 2709 512 2784 quoslibet
520 2707 642 2783 populos
651 2708 665 2764 l
675 2708 776 2764 Nonne
790 2706 885 2780 magis

938 2710 993 2763 mis
1006 2708 1102 2764 diebus
1115 2716 1197 2764 erunt
1209 2709 1362 2780 periculoso
1377 2716 1509 2780 tempora,
1521 2719 1547 2767 et
1554 2714 1766 2771 eruntbomiaes

61 2805 221 2861 dictasunt
235 2799 546 2868 adomnesildeles,ut
560 2797 885 2855 exindeadmoaitielii·
937 2799 1094 2869 senietipsas
1121 2803 1245 2854 ornantes
1269 2799 1380 2870 (lliim.
1402 2815 1445 2854 ιιι.
1471 2799 1507 2870 lt,
1549 2801 1717 2859 admoneret
1737 2810 1769 2860 ut

62 2895 177 2951 ciuntur
191 2889 353 2949 meliores?

95 2981 238 3041 ieremias
252 2994 370 3054 quoque
384 2976 524 3051 propheta
538 2977 678 3033 admonet
693 2993 745 3033 uos
765 2977 884 3033 dicens:

942 2887 1133 2958 fldem,quam
1149 2886 1241 2942 saucii
1254 2893 1396 2959 martyres
1412 2892 1471 2943 tam
1482 2889 1511 2944 iu
1530 2889 1622 2946 Veteri
1635 2908 1722 2964 quani
1736 2894 1764 2948 in

940 2976 1017 3031 Novo
1044 2976 1231 3031 Testamenta
1259 2976 1344 3048 posili
1366 2976 1443 3033 inter
1458 2977 1601 3050 supplicia
1621 2980 1767 3038 horrenda

64 3076 121 3131 lice
134 3072 200 3130 dieii
211 3072 366 3138 Dominus,·
382 3069 440 3125 Non
453 3068 589 3138 adorietur
602 3069 711 3139 sopiens
725 3068 756 3122 in
775 3067 886 3139 sapien·
941 3069 1109 3121 constanter
1137 3065 1311 3132 retinebant,
1342 3065 1398 3137 ipsi
1422 3067 1467 3121 vel
1490 3067 1518 3122 in
1548 3085 1617 3140 pare
1660 3079 1767 3128 sancta

64 3166 101 3220 ,ια
114 3179 176 3232 m,
191 3165 218 3219 et
240 3177 297 3217 non
318 3160 452 3232 ptarietur
469 3159 552 3230 portis
565 3157 595 3212 in
612 3155 773 3228 fortitudine
787 3172 847 3223 suo,
863 3140 926 3212 etl}
944 3152 1078 3210 Ecclesia
1088 3154 1226 3210 studeant
1240 3154 1374 3210 retinere.
1389 3155 1456 3218 Quae
1473 3157 1584 3213 scilicet
1608 3160 1768 3217 admonitio

64 3269 117 3310 non
129 3252 266 3323 aarum
278 3250 353 3307 diues
362 3251 393 3305 in
406 3248 511 3305 diuitiis
525 3248 584 3303 suis
595 3265 605 3313 ,·
615 3245 662 3303 sed
677 3247 708 3301 ia
725 3247 773 3301 boe
786 3245 889 3318 plorie·

64 3344 181 3415 tar,qui
193 3341 331 3413 ptoriatur
343 3339 414 3395 seire
426 3345 452 3394 et
462 3352 541 3394 nosse
556 3351 606 3404 nte,
624 3335 690 3408 quia
701 3350 749 3403 epo
762 3350 824 3389 sum
833 3332 886 3388 Do·

65 3435 166 3502 uinus,
182 3431 234 3503 qui
247 3430 316 3500 [acio
327 3426 544 3485 miscricordiam
556 3433 583 3482 et
597 3424 741 3496 iudicium,
757 3431 784 3480 et
800 3423 889 3494 justi·

67 3526 130 3580 tiam
143 3522 178 3577 in
192 3523 281 3588 terra
296 3517 352 3575 bac
362 3516 439 3575 enim
449 3517 564 3589 placent
583 3514 667 3581 mibi,
696 3517 737 3569 ait
758 3514 889 3569 Dominus

70 3612 127 3681 (ier.
143 3626 185 3682 rx,
203 3607 317 3677 ml).
331 3607 489 3663 Maledictus
503 3607 557 3677 vir,
573 3605 622 3676 qui
643 3602 756 3674 confidit
781 3604 811 3657 in
840 3601 888 3657 bo·

71 3701 144 3770 mine,
160 3706 189 3757 et
196 3698 279 3772 poait
292 3712 404 3754 earnem
417 3695 559 3752 bruchium
573 3709 665 3761 snum,
685 3701 711 3749 et
733 3709 750 3749 a
773 3692 889 3748 Domino

12 3828 19 3839 .
72 3778 223 3847 rentu'cor
237 3787 307 3860 mus.
321 3786 484 3844 Benedictus
498 3787 553 3850 uir,
568 3784 617 3856 qni
636 3781 751 3852 confidit
778 3782 809 3836 in
837 3782 889 3836 Do-

73 3879 147 3949 tainu,
157 3878 251 3935 eterit
265 3877 398 3934 commus
409 3874 511 3946 fiducia
525 3874 585 3946 ejus
603 3874 670 3942 (der.
695 3888 764 3955 xva,
793 3872 821 3940 5,
848 3871 888 3942 7).

74 3968 205 4025 llmdieit
219 3967 373 4023 Dominus:
391 3965 510 4034 Repente
528 3965 630 4034 loquar
653 3960 798 4016 aduncum
824 3974 890 4031 pea-

73 4062 155 4113 temet
177 4055 308 4112 Moestus
336 4069 470 4126 repnum:
484 4060 514 4108 ut
540 4051 681 4108 destruam
693 4057 721 4105 et
734 4048 892 4121 disperdam

73 4146 154 4202 illud.
183 4146 216 4201 Si
238 4143 431 4217 penitentium
451 4143 538 4213 eperit
560 4156 625 4212 pens
648 4139 703 4195 illu
715 4156 733 4195 o
745 4139 818 4194 molo
831 4154 891 4209 suo,

73 4233 143 4305 quod
152 4235 255 4291 lacutm
268 4250 332 4290 sum
344 4231 474 4289 aduncus
484 4247 555 4299 eom,
570 4246 651 4302 epam
675 4232 700 4285 et
729 4244 776 4299 epo
800 4230 893 4300 poeni·

941 3259 999 3299 non
1014 3241 1110 3298 solum
1139 3243 1169 3297 in
1189 3241 1262 3298 libra
1277 3241 1415 3310 Danielis,
1432 3243 1482 3298 sad
1498 3245 1586 3299 etiam
1603 3247 1632 3301 in
1655 3249 1768 3302 cunctis

942 3335 1109 3388 sanctorum
1123 3334 1284 3401 martyrum
1300 3330 1488 3400 passionibus
1508 3331 1632 3387 inveniri
1660 3339 1765 3405 potest.

979 3425 1017 3476 De
1045 3418 1110 3475 aliis
1139 3434 1255 3491 quoque
1279 3417 1487 3490 prophetarum
1507 3419 1590 3475 libris
1606 3422 1766 3478 sententias

942 3509 1058 3581 aliquas
1072 3507 1154 3563 vobis
1168 3507 1338 3579 proferrem,
1356 3507 1411 3562 nisi
1430 3509 1510 3577 quod
1527 3508 1555 3563 ni
1561 3509 1616 3565 mis
1631 3510 1767 3567 difficiles

943 3603 1014 3655 sunt
1027 3602 1086 3653 tam
1103 3598 1138 3652 ad
1149 3595 1370 3668 intelligendum
1388 3598 1520 3669 quamad
1547 3599 1768 3671 proferendum:

943 3687 1021 3761 quad
1051 3685 1129 3741 enim
1159 3701 1257 3741 coram
1286 3684 1773 3745 multisreterturdobetesseaut

943 3776 1064 3849 planum
1080 3778 1131 3830 aut
1146 3773 1221 3830 lucili
1235 3773 1346 3830 ratione
1367 3774 1593 3846 explanandum.
1619 3776 1773 3834 Verumta-

944 3883 1011 3922 men
1027 3881 1121 3938 pauca
1135 3863 1222 3919 verba
1236 3863 1382 3934 pruleram
1400 3864 1436 3920 de
1451 3864 1593 3937 propheta
1613 3865 1771 3938 Sophonia,

945 3971 1009 4028 quse
1025 3954 1132 4010 etesiis
1143 3951 1231 4024 plana
1241 3956 1451 4008 atcunatorum
1461 3953 1570 4010 notitia
1586 3959 1656 4010 sunt
1670 3971 1772 4012 nenes-

946 4043 1033 4100 saria.
1047 4042 1120 4098 Nam
1132 4040 1245 4098 cunctis
1256 4045 1300 4096 est
1315 4043 1512 4098 necessarium
1530 4047 1562 4097 ut
1580 4044 1698 4099 credant
1714 4049 1774 4100 tre·

947 4133 1086 4189 mendum
1100 4129 1348 4203 ultimumquoDci
1357 4131 1514 4202 judicium,
1524 4135 1552 4188 et
1568 4139 1600 4187 ut
1610 4150 1641 4189 sc
1662 4150 1773 4206 prepa-

947 4220 1638 4293 rentadipsum.l)equodjudicioSophoniasita
1655 4221 1771 4292 scribit3

70 4324 185 4380 ienuam
211 4338 292 4397 cuper
318 4305 391 4379 malo
406 4320 477 4393 quod
492 4320 620 4389 capitati,
636 4325 666 4374 ut
679 4319 796 4390 facerem
809 4319 845 4373 ei.
862 4317 896 4372 ttt
950 4312 1004 4367 ton
1018 4311 1077 4365 diei
1091 4311 1200 4365 Domini
1215 4325 1323 4379 amara,
1336 4309 1518 4365 tribulabitur
1531 4310 1572 4365 ibi
1592 4311 1686 4378 sartis.
1711 4313 1775 4367 Dies

69 4412 549 4486 mdomwdepenteetrepno,
565 4407 739 4480 utoedifitem
759 4416 786 4462 ct
811 4406 894 4478 plan·
948 4398 1240 4469 inarticulatae
1267 4397 1460 4453 tribulationis
1489 4403 1515 4453 et
1543 4402 1689 4470 aupustim,
1718 4400 1775 4454 dies

69 4502 217 4559 temillud.
234 4502 265 4559 Si
277 4500 494 4575 [emitmalum
508 4501 538 4555 in
552 4498 640 4556 oculis
667 4498 758 4565 meis,·
784 4500 816 4551 ut
840 4489 1118 4579 aonDculomitatis
1146 4495 1171 4542 et
1194 4488 1313 4542 raineria
1340 4487 1432 4558 (Sopb.
1460 4504 1479 4556 1,
1510 4488 1552 4542 li.
1585 4489 1640 4558 15).
1666 4488 1776 4559 Etpust

70 4591 165 4649 mdiu
178 4607 270 4649 uocem
284 4607 384 4660 meam,
399 4589 591 4664 penitentiam
605 4604 685 4659 apum
705 4600 787 4657 snper
815 4587 893 4652 bono,
950 4593 1042 4649 pauca
1057 4575 1220 4648 subjungit,
1233 4575 1352 4631 dicens:
1370 4574 1526 4645 Antequam
1539 4576 1776 4646 trenirntpnu‘rilo

69 4682 259 4753 cncdweulus
273 4697 346 4751 sum,
360 4689 390 4737 ut
412 4683 531 4753 facerem
555 4678 583 4734 ei
611 4678 677 4747 (ter.
702 4675 813 4742 suntab
839 4674 894 4747 10).
950 4668 1107 4734 Dominum,
1123 4681 1213 4720 omnes
1228 4665 1363 4719 marrsueti
1379 4671 1471 4731 terrie,
1487 4665 1536 4735 qni
1549 4663 1691 4734 jrrdreiurn
1718 4664 1775 4735 ejus

69 4770 138 4837 Quia
152 4787 224 4845 rogo
239 4786 291 4845 per
304 4770 367 4827 hac
380 4769 468 4827 verba
484 4768 535 4825 Dei
560 4783 618 4823 non
632 4764 818 4822 deterretur?
829 4764 896 4837 quis
954 4758 1020 4813 estis
1034 4757 1150 4827 operati.
1166 4755 1288 4823 Quaerite
1310 4753 1419 4823 justum
1442 4753 1467 4806 si
1481 4752 1613 4823 utromodo
1628 4752 1776 4809 absconda-

67 4859 156 4917 etiam
184 4876 244 4916 uon
271 4858 451 4926 consolatur,
481 4856 506 4914 si
522 4861 620 4913 tamen
637 4854 729 4910 credit
744 4853 779 4909 ad
794 4867 897 4909 omnes
951 4847 1022 4902 mini
1050 4847 1078 4900 ia
1106 4843 1151 4899 die
1164 4843 1268 4913 suroris
1285 4842 1398 4896 Domini
1411 4840 1503 4913 (Sapb.
1517 4858 1548 4912 u,
1561 4844 1588 4912 2,
1604 4842 1642 4914 5).
1660 4842 1725 4898 Hac
1740 4843 1775 4898 da

68 4946 170 5006 fideles
185 4964 252 5006 asse
266 4947 368 5005 dicta?
952 4934 1102 5011 prophetis
1117 4931 1242 4989 breviter
1256 4930 1493 5000 commemoravi,
1510 4945 1546 4986 na
1560 4935 1646 4987 tanta
1667 4931 1776 4988 sancti·

105 5037 214 5096 Audita
229 5036 423 5111 quoquoquid
431 5031 666 5108 perDzechiclcm
679 5031 851 5106 prophetam
860 5030 897 5086 ad
953 5024 1021 5081 tatis
1036 5023 1128 5078 libros
1142 5020 1172 5076 ia
1189 5020 1344 5092 Scriptura
1359 5037 1447 5075 sacra
1469 5036 1557 5076 cursu
1571 5021 1688 5092 penitus
1704 5036 1776 5093 pra·

72 5142 127 5184 uos
153 5127 233 5185 dicat
250 5125 411 5184 Dominus:
445 5124 558 5194 Anima,
588 5138 646 5193 arte
661 5121 822 5193 peccaverit,
838 5119 898 5190 ipsa
952 5112 1178 5171 terissevidear.

71 5215 217 5271 maur.
245 5215 359 5272 lustitia
369 5213 440 5286 justi
466 5227 549 5284 super
572 5225 635 5265 eum
649 5210 712 5277 erit,
735 5209 899 5280 elimpietos
1285 5216 1400 5274 CAPUT
1414 5217 1485 5274 XVI·

71 5303 154 5376 ‘W
166 5319 249 5377 ΜΨ
261 5319 325 5360 “lm
334 5303 396 5360 0²²3·
413 5300 444 5357 δι’
455 5307 548 5357 uuum
563 5298 664 5370 '‘mli''“S
678 5297 899 5370 ldmllloem'm·
954 5313 1118 5369 Documenta
1133 5309 1264 5374 nrroralio,
1279 5307 1397 5363 adnecte
1425 5306 1596 5362 currendum
1623 5306 1776 5363 neccessario

70 5392 145 5448 triani
159 5393 193 5449 ab
222 5392 351 5450 ornnibus
379 5390 495 5464 paeone
508 5389 576 5460 suis,
600 5405 660 5460 pute
674 5394 801 5459 operatus
815 5388 900 5454 estet
989 5399 1024 5439 ex
1051 5383 1131 5438 dictis
1157 5389 1182 5437 et
1208 5381 1289 5451 pestis
1317 5379 1422 5436 cbristi
1446 5380 1474 5433 in
1490 5388 1608 5450 quatuor
1623 5379 1778 5450 annpeliis

70 5482 235 5540 cunditrit
261 5484 392 5539 uniuersa
414 5482 554 5553 precepta
580 5476 901 5549 meo‚uitooivetetaaa
991 5456 1097 5519 ’'³me
1113 5460 1240 5525 miliia
1255 5459 1280 5507 il
1294 5452 1443 5523 edilwald·

72 5568 553 5655 moridurldaecb.xr111,20,2l).
582 5566 612 5626 st
626 5568 720 5626 numm
734 5565 902 5626 enarrarre
990 5561 1074 5620 Nunc
1098 5559 1188 5633 igitur
1213 5557 1281 5616 licat
1308 5573 1411 5635 gressu
1441 5558 1622 5619 claudicante
1638 5558 1673 5616 ad
1688 5556 1779 5619 totius
