3892 6096
113 295 177 363 see
802 300 917 365 trouu
937 302 1141 375 visionum.
1760 304 1822 370 Md

116 428 333 493 murmurantis
347 448 447 492 rocem
462 432 492 493 in
508 433 592 494 altari
613 435 780 493 audiebam.
797 436 877 493 Hanc
892 452 940 493 ro·
954 435 982 503 Α
996 436 1299 512 tebeterdere,ipsum
1315 438 1407 515 digito
1417 441 1586 499 monstrans
1597 435 1656 495 dixi
1670 436 1707 495 ad
1718 436 1820 496 Domi·

117 540 181 583 cem
197 528 355 598 postquam
372 524 479 599 audiri,
491 524 595 583 timere
610 525 700 584 nimio
716 525 888 600 perterritus
899 541 943 582 re·
996 543 1069 584 num
1085 543 1092 583 :
1108 527 1191 596 Quia,
1207 529 1331 587 Domine
1345 530 1426 600 Jssu,
1439 529 1480 587 nil
1495 529 1575 587 aliud
1588 527 1636 585 hic
1649 527 1820 585 verberandi

114 618 245 674 trorsum
262 631 329 671 cum
345 614 496 672 thuribulo
511 615 580 672 abii.
996 616 1092 673 officio
1107 621 1208 690 aptum
1219 619 1312 686 adest,
1322 618 1366 676 vel
1381 636 1448 675 cum
1461 620 1516 676 hoc
1531 618 1610 692 ligne
1623 618 1703 692 gravi
1712 634 1820 691 corpus

150 705 239 761 Stans
251 708 351 761 autem
363 704 468 767 deinde
479 704 651 779 aliquandiu
667 705 861 778 etdiligenter
873 721 943 761 aas·
996 721 1167 779 percussum
1194 706 1282 764 alicui
1306 708 1389 765 trade
1411 707 1585 776 infirmitati,
1607 710 1641 763 ut
1662 706 1820 764 verborum

113 791 231 850 caltans
241 793 267 848 si
276 792 350 850 forte
358 792 476 866 aliquod
489 793 567 850 illius
580 795 784 851 murmuriosae
795 793 872 851 roris
883 810 944 850 ver·
995 797 1114 852 tucrum
1132 796 1235 852 saltem
1252 797 1294 854 sic
1318 796 1477 870 compellar
1491 795 1646 852 recordari.
1663 797 1700 852 Ar
1713 795 1761 852 ille
1775 811 1820 852 re·

112 882 187 939 bum
202 883 306 939 audire
325 886 353 939 et
367 882 531 955 intelligere
546 900 674 956 possam,
691 884 741 940 sed
757 882 838 939 nullo
854 884 941 940 modo
997 886 1145 958 spondens
1168 886 1209 943 ait
1235 903 1241 941 :
1267 887 1330 942 Non
1354 903 1428 959 opus
1452 890 1498 942 cst
1518 885 1594 953 istis,
1610 900 1663 940 nec
1689 883 1819 956 eritjam

112 970 228 1038 ualens,
244 972 303 1029 imo
317 971 404 1028 etiarn
421 972 548 1029 inaniter
562 990 609 1029 me
623 974 792 1030 exterritum
808 974 941 1040 credens,
996 976 1261 1048 tempusagcndis3
1278 976 1307 1031 in
1319 974 1375 1032 hoc
1387 975 1465 1032 eninr
1480 990 1665 1047 nequaquam
1676 973 1748 1029 libet
1757 972 1820 1030 diu·

117 1060 226 1117 iterum
238 1077 338 1132 eoquo
353 1061 436 1133 prius
451 1062 940 1121 studioadaltareaccederevolui.
995 1061 1055 1117 tius
1070 1065 1230 1122 consistere
1256 1065 1329 1134 loco,
1346 1066 1395 1121 sed
1412 1064 1505 1121 redire
1520 1064 1550 1119 in
1577 1062 1707 1134 requiem
1724 1078 1820 1119 meam

114 1148 845 1211 Etaccedensrursumsicutetuuteaaudiviuocem
857 1152 942 1224 quasi
996 1152 1172 1224 quantocius
1186 1152 1261 1210 volo.
1274 1157 1456 1228 Quapropter
1470 1170 1559 1226 super
1573 1152 1618 1208 his
1632 1168 1695 1225 qun
1711 1150 1820 1222 rogasti

115 1240 370 1295 murmurantisel
381 1256 478 1297 meum
489 1240 941 1311 accessumexcluderevolentis,
996 1241 1069 1299 scito
1083 1241 1153 1314 quia
1176 1260 1244 1299 cum
1269 1242 1341 1298 mihi
1358 1243 1418 1299 sint
1431 1243 1531 1299 omnia
1557 1245 1635 1310 nota,
1651 1241 1781 1314 gemitus
1793 1244 1823 1298 et

112 1344 295 1401 rursumque
303 1327 736 1403 nimisperterritnsretrcrsum
746 1331 942 1387 abiiconcitus
994 1329 1192 1404 lacrymarum
1209 1337 1328 1388 tuarum
1339 1332 1511 1389 allusionem
1526 1329 1822 1401 emendationemque

112 1415 225 1490 ibique,
237 1422 270 1473 ut
281 1417 606 1492 prius,diligentissime
617 1419 787 1489 auscultavi,
800 1419 825 1476 si
836 1418 879 1476 rel
891 1419 941 1476 illa
996 1437 1112 1477 merum
1130 1438 1181 1494 pro
1196 1421 1378 1479 contessicnc
1392 1439 1410 1478 a
1424 1426 1453 1478 te
1467 1420 1607 1495 suscipio.

111 1506 176 1563 vice
188 1507 312 1564 verbum
327 1506 445 1582 aliquod
461 1509 561 1565 audire
574 1526 690 1581 possem
705 1526 740 1566 ox
755 1508 849 1566 alteri.
867 1509 940 1566 tium
1032 1509 1175 1567 Posthac
1191 1527 1259 1583 ergo
1274 1510 1347 1567 mihi
1362 1510 1537 1580 valedicens,
1552 1525 1705 1583 regressus
1724 1510 1769 1565 est
1785 1506 1821 1563 ad

112 1597 214 1652 autem
230 1595 316 1653 solito
332 1596 448 1670 longius
463 1598 551 1655 etiam
569 1604 640 1655 tunc
655 1598 825 1670 praestolans
840 1615 940 1656 vocem
993 1597 1078 1654 illum
1095 1598 1191 1656 locum
1212 1600 1243 1655 in
1259 1616 1316 1672 quo
1340 1600 1422 1672 prius
1438 1599 1519 1655 stetit
1541 1598 1711 1655 concionem
1726 1595 1821 1653 incre·

110 1683 227 1741 nullam
241 1683 502 1753 ultraaadirem‚et
513 1687 583 1745 utin
595 1687 690 1761 prima
700 1688 867 1745 etsecunda
878 1685 940 1743 vice
994 1703 1070 1760 pans
1084 1688 1257 1745 clericorum
1271 1708 1277 1759 ;
1295 1693 1324 1744 et
1339 1688 1449 1745 ibidem
1460 1685 1769 1762 quequeprospicisns
1783 1685 1821 1741 ad

110 1774 216 1830 eodem
244 1774 331 1831 modo
347 1792 463 1848 quoque
486 1776 572 1831 tertio
586 1777 727 1833 accedens
751 1794 858 1834 manns
872 1792 940 1833 cum
996 1776 1137 1851 populum
1162 1777 1212 1850 qui
1226 1781 1294 1850 post
1318 1778 1452 1848 chorum,
1468 1777 1547 1835 sicut
1561 1776 1662 1849 utique
1684 1792 1749 1832 mos
1764 1777 1824 1831 este

110 1861 268 1920 thuribulo
292 1865 446 1921 extendere
469 1882 559 1938 super
581 1865 673 1922 altare
694 1865 809 1935 vellem,
832 1866 943 1923 interca
998 1867 1139 1936 constitit,
1156 1867 1327 1939 hujusmodi
1342 1884 1508 1924 sermonem
1518 1867 1554 1923 ad
1569 1864 1824 1938 ecsprotulit:Fa·

116 1952 217 2010 subito
234 1952 312 2010 intra
326 1954 403 2011 idem
420 1953 513 2012 altare
532 1959 561 2011 et
575 1960 707 2029 apertam
719 1972 818 2012 vocem
834 1954 943 2027 audiui,
999 1956 1054 2014 cite
1074 1956 1174 2029 igitur,
1190 1973 1206 2012 c
1222 1956 1300 2029 laici,
1315 1956 1392 2015 sicut
1415 1956 1485 2013 boni
1500 1955 1596 2014 solent
1609 1954 1673 2024 viri,
1689 1957 1719 2012 et
1733 1951 1823 2010 nolite

116 2046 146 2099 et
160 2042 262 2100 statim
279 2045 604 2116 postemissaverbaex
618 2045 740 2103 australi
751 2045 851 2102 altaris
863 2049 945 2117 parte
999 2046 1149 2103 attendere
1172 2046 1209 2101 ad
1233 2062 1321 2117 opera
1342 2063 1442 2119 prava,
1459 2063 1522 2119 quae
1536 2044 1644 2103 videtis
1666 2048 1695 2101 et
1714 2042 1823 2100 auditis

116 2131 712 2207 quemdamsenem,ipsumridelicetqni
728 2134 904 2208 loquebatur
914 2133 944 2189 in
999 2133 1268 2209 frequentissimae
1289 2134 1468 2207 pastoribus,
1483 2135 1589 2191 vestris
1611 2132 1747 2191 videlicet
1763 2130 1822 2188 cle·

115 2220 214 2293 specie
228 2222 441 2296 presbyteriad
459 2223 582 2279 missam
605 2223 808 2279 celebrandam
825 2221 945 2280 omnino
999 2223 1067 2280 ricis
1093 2223 1178 2289 lacta,
1203 2224 1252 2280 sed
1282 2224 1381 2296 potius
1403 2225 1489 2296 Juxta
1512 2222 1640 2280 scientie
1662 2220 1745 2278 vobis
1772 2236 1823 2292 per

116 2309 490 2383 preparatl,egredienicm
500 2311 944 2377 vidtouemvidensrerrorsum
999 2312 1124 2386 gratiam
1149 2312 1280 2369 divinam
1306 2312 1415 2369 collate
1443 2313 1530 2379 done,
1560 2328 1681 2386 operum
1704 2324 1822 2383 quoque

116 2398 176 2455 abii
191 2399 337 2470 concitus,
354 2400 439 2473 quasi
456 2401 571 2474 lugiens
587 2417 654 2457 cum
665 2400 816 2456 thuribula
830 2400 860 2456 in
876 2417 946 2472 quo·
999 2408 1164 2459 vestrorum
1188 2402 1305 2476 dirigite
1330 2403 1437 2473 studia,
1460 2401 1585 2459 scientes
1607 2399 1709 2474 procul
1733 2398 1823 2457 dubio

117 2487 185 2543 dam
213 2486 363 2544 secretiori
386 2486 449 2545 loco
474 2489 594 2545 substiti
619 2489 760 2562 trepidus.
777 2492 845 2545 Erat
867 2504 944 2558 vero,
1000 2491 1068 2562 quia
1083 2495 1165 2547 tauto
1181 2492 1275 2564 meq'or
1290 2507 1402 2547 merces
1416 2491 1504 2547 uestri
1520 2490 1575 2547 erit
1589 2489 1766 2561 quandoque
1779 2487 1823 2545 le·

118 2574 196 2633 sicut
211 2575 285 2632 mihi
300 2576 463 2648 videbatur,
479 2578 568 2634 rubra
586 2577 709 2635 indutus
723 2576 843 2645 casula;
859 2578 946 2633 verba
1000 2579 1092 2648 boris,
1107 2584 1217 2653 quanto
1233 2579 1331 2637 minus
1356 2596 1435 2636 nuuc
1450 2578 1511 2635 ulle
1524 2583 1676 2651 pasterum
1691 2575 1824 2650 exempla

119 2681 248 2739 quoque,
276 2683 339 2738 quas
362 2665 442 2723 intra
464 2667 556 2722 altere
581 2666 659 2723 dicia
681 2671 752 2724 sunt
778 2668 814 2722 ab
829 2683 874 2736 ee,
891 2665 945 2723 hu·
1000 2670 1037 2726 ad
1052 2667 1128 2725 uiam
1143 2686 1194 2726 vos
1214 2669 1339 2725 incitent
1352 2670 1435 2726 bona
1450 2667 1584 2726 actionis.
1601 2666 1692 2724 Multa
1706 2680 1824 2738 quoque

115 2753 261 2827 jusmodi,
274 2766 306 2810 ut
320 2754 426 2822 recolo,
439 2756 631 2813 continebant
645 2773 777 2813 sensum.
788 2760 945 2823 Hactenus,
1000 2758 1048 2816 hie
1058 2757 1167 2815 similia
1181 2758 1391 2816 admonitionis
1401 2758 1566 2815 verbatunc
1575 2756 1712 2814 adlaiccs
1721 2754 1823 2822 edidit,

119 2841 225 2916 inquit,
242 2845 362 2901 assidue
375 2845 508 2917 peralios
521 2845 655 2901 nuntiavi
664 2849 692 2901 et
706 2845 829 2919 precepi
841 2844 947 2901 utlau-
1001 2864 1065 2920 qua
1081 2847 1220 2920 quoniam
1236 2864 1253 2904 a
1267 2848 1409 2905 memoria
1425 2864 1489 2904 mea
1502 2847 1589 2920 longe
1603 2850 1673 2905 eunt
1687 2846 1773 2913 iacta,
1789 2843 1824 2900 li·

122 2932 167 2989 dis
182 2936 272 3006 etque
296 2933 445 2989 servitulis
470 2951 544 2991 mea
559 2934 656 2991 cilicia
678 2939 834 3007 agerentur
849 2933 947 2991 studio
1001 2937 1051 2993 bet
1066 2936 1126 2993 hec
1141 2936 1214 3006 sela,
1231 2954 1356 3010 querum
1368 2939 1432 3010 jam
1447 2936 1579 3009 memini,
1590 2951 1714 3009 quasque
1726 2934 1756 2990 iu
1767 2950 1826 2992 ser-

123 3022 238 3095 majori.
248 3022 304 3079 Sed
317 3022 386 3097 quia
400 3022 461 3079 haee
471 3029 615 3097 praeccpta
622 3024 685 3095 jam
701 3022 795 3097 magis
809 3040 843 3079 ac
853 3022 947 3096 magis
1002 3026 1097 3081 monis
1113 3026 1158 3082 eui
1169 3026 1227 3083 line
1239 3027 1377 3084 omnibus
1391 3027 1451 3083 illic
1461 3026 1711 3084 commorantibus
1727 3022 1825 3080 Demi·

122 3110 221 3183 sperni
236 3111 442 3185 annullarique
451 3112 546 3179 video,
558 3112 621 3186 ipse
633 3113 718 3169 mede
734 3110 888 3170 hominum
902 3128 948 3167 ne·
1002 3131 1059 3170 nus
1073 3114 1184 3172 dixisse
1202 3115 1363 3180 videbatur,
1380 3116 1428 3171 hic
1452 3132 1559 3189 ponere
1571 3116 1669 3172 verba.
1684 3110 1825 3171 Admoni-

120 3198 292 3275 gligeutium
316 3206 579 3274 contemptumque
593 3201 650 3257 mei
677 3201 822 3258 sustinere
836 3183 984 3257 diutiusG
1003 3203 1101 3270 tionis,
1117 3203 1224 3275 iuquit,
1242 3221 1313 3261 meae
1324 3206 1387 3277 jam
1405 3220 1548 3260 memores
1561 3207 1662 3272 estote,
1679 3207 1707 3258 et
1722 3216 1825 3258 omnes

121 3289 240 3357 nolens,
253 3287 336 3345 uenio
352 3295 385 3346 ut
401 3306 418 3345 a
433 3290 606 3363 memetipso
626 3290 788 3363 corrigatur
803 3290 946 3362 quidquid
1000 3290 1105 3348 valete.
1126 3292 1178 3347 His
1202 3291 1288 3348 dictis
1304 3309 1371 3349 mox
1400 3292 1502 3348 eadem
1517 3292 1564 3348 via
1585 3290 1709 3364 ipsaque
1722 3288 1825 3346 altaris

120 3394 174 3450 per
189 3375 311 3435 nuntios
323 3395 401 3436 meos
416 3379 518 3435 tandiu
533 3379 735 3452 spernebatur.
1001 3380 1161 3456 plagaque
1185 3397 1322 3454 egressus
1347 3385 1393 3438 est
1415 3380 1528 3454 regredi
1548 3378 1644 3452 coepit,
1660 3383 1689 3435 et
1712 3377 1824 3434 intrans

153 3466 205 3522 Sic
219 3464 378 3540 itaqueillo
394 3468 506 3525 ratione
516 3468 613 3525 locuto
628 3466 835 3540 potentissima
849 3466 947 3525 clerici
1002 3469 1092 3527 altare
1104 3468 1182 3526 ultra
1195 3486 1254 3526 non
1269 3468 1414 3544 apparuit.

121 3573 284 3631 omnesque
298 3561 427 3615 astantes
445 3557 576 3632 percussi
587 3561 657 3614 suut
671 3557 888 3630 perturbatione
904 3557 947 3613 ni·
1036 3559 1183 3633 Evigilans
1197 3563 1294 3616 autem
1310 3575 1363 3633 ego
1378 3562 1407 3616 et
1431 3574 1521 3632 genas
1540 3557 1737 3632 lacrymarum
1751 3553 1824 3612 eiiu-

120 3648 178 3703 mia
192 3645 509 3714 adeo,utcautantium
522 3649 584 3720 jam
599 3647 701 3703 leudes
712 3647 891 3720 vespertinas
901 3646 946 3703 in·
1001 3647 1084 3706 sione
1098 3648 1195 3705 adhuc
1220 3648 1353 3705 madidas
1372 3648 1512 3717 sentiens,
1529 3651 1648 3720 stupore
1673 3643 1826 3703 detinebar

120 3740 356 3809 terrumperetur
380 3736 516 3794 melodia.
533 3737 643 3792 Deinde
662 3753 729 3792 cum
757 3737 793 3792 ab
809 3736 946 3793 omnibus
1000 3739 1103 3811 nimio,
1119 3738 1251 3811 cogitans
1260 3737 1356 3811 qualis
1367 3736 1428 3794 hcc
1440 3739 1518 3794 esset
1526 3736 1655 3806 visie,an
1670 3734 1781 3792 scilicet
1790 3750 1826 3790 ex

120 3824 273 3883 silentium
290 3829 320 3881 et
343 3826 503 3882 reverentia
524 3825 580 3899 ipsi
595 3824 658 3882 seni
682 3827 871 3899 praeberetur,
887 3830 915 3882 et
930 3843 947 3881 a
1000 3832 1058 3883 Deo
1073 3843 1125 3899 per
1136 3827 1345 3898 somniasicut
1359 3825 1645 3899 etquondam,prius
1660 3841 1707 3881 me
1722 3824 1824 3881 admo-

119 3912 201 3971 nullo
217 3914 290 3986 quin
307 3915 454 3987 ipselteus
462 3914 647 3987 omnipotens
658 3918 736 3972 esset
750 3914 946 3983 dubitaretur,
1001 3920 1098 3982 nente,
1116 3933 1153 3972 aa
1168 3920 1247 3972 esset
1270 3933 1305 3972 ex
1318 3915 1435 3973 diabolo
1450 3915 1630 3990 imaginibus
1644 3913 1825 3988 plantasma-

119 4002 262 4061 accedcns
284 4003 426 4075 paulatim
451 4004 532 4062 stetit
551 4020 640 4077 super
662 4003 871 4061 eminentiores
896 4004 946 4076 qui
1000 4003 1038 4060 tis
1053 4004 1205 4061 illudente.
1222 4004 1296 4061 Nam
1311 4005 1336 4061 si
1352 4022 1386 4061 ex
1400 4005 1469 4077 Deo,
1482 4004 1628 4076 quemodo
1643 4001 1777 4060 convenit
1791 4005 1826 4057 ut

120 4096 203 4149 mant
218 4109 319 4149 coram
339 4092 422 4150 alteri
438 4094 558 4166 gradus,
573 4093 622 4149 uhi
640 4093 750 4150 scilicet
773 4093 946 4150 clericorum
1001 4109 1067 4149 cam
1087 4092 1148 4161 illo,
1164 4094 1213 4166 qui
1230 4095 1371 4168 optimus,
1388 4093 1448 4150 imo
1474 4093 1524 4166 qui
1551 4093 1633 4151 solus
1657 4095 1702 4150 est
1715 4090 1825 4161 bonus,

119 4185 183 4239 erat
197 4180 391 4255 psallentium
402 4182 521 4251 chorus,
530 4187 559 4237 et
573 4182 609 4239 ed
623 4182 740 4239 cosdem
757 4185 947 4256 congregatos
1001 4186 1030 4238 et
1044 4184 1128 4253 quus
1154 4187 1305 4256 aspectum
1321 4182 1416 4257 angeli
1430 4182 1623 4256 hominesque
1646 4179 1825 4239 sanctissimi

120 4269 243 4328 clericos
259 4270 431 4343 hujusmodi
441 4272 530 4329 vcrba
543 4270 659 4327 locutus
675 4272 836 4338 eetzouere
850 4272 879 4326 in
896 4270 945 4328 tali
1001 4276 1152 4344 nequeunt
1162 4272 1318 4343 sustinere,
1329 4272 1416 4330 horne
1428 4272 1628 4345 nequissimus
1642 4271 1823 4344 colloquium

119 4360 301 4435 negligentia
314 4360 461 4417 servitutis
473 4377 544 4417 meae
553 4359 640 4434 agitis
649 4359 767 4417 officiat
776 4359 835 4416 Cur
845 4360 887 4417 ita
896 4375 946 4416 ne·
1001 4359 1082 4416 visus
1095 4360 1135 4416 sit
1148 4360 1277 4417 haberet
1291 4360 1320 4416 si
1335 4378 1401 4418 vero
1418 4377 1453 4418 ea
1467 4359 1594 4430 diabolo,
1610 4360 1756 4433 quomodo
1772 4375 1823 4431 po-

120 4448 266 4525 gligenter
278 4448 366 4507 ctiam
377 4449 431 4507 has
445 4448 790 4523 nuperinceptaslaadce
801 4448 947 4506 cecinistis
1000 4451 1059 4505 test
1073 4465 1233 4522 congruere
1249 4454 1281 4505 ut
1295 4450 1320 4506 is
1336 4449 1386 4522 qui
1409 4453 1511 4506 auctor
1525 4452 1570 4505 est
1582 4448 1673 4505 totius
1687 4446 1824 4520 nequitia

118 4538 328 4613 vespertinae?
343 4538 480 4613 Nunquid
495 4539 606 4612 putetis
616 4556 663 4595 me
676 4539 821 4596 labiorum
837 4538 947 4596 solum·
961 4555 986 4622 D
1002 4537 1165 4610 quemlibet
1185 4555 1238 4611 per
1260 4539 1376 4595 somnia
1390 4539 1426 4594 ed
1448 4536 1683 4595 emendationem
1708 4550 1824 4591 morum

119 4629 210 4686 modo
225 4634 308 4685 motu
323 4628 473 4700 delectari,
490 4634 589 4685 einen
605 4629 714 4702 pariter
727 4628 948 4685 reverentiade·
1003 4628 1121 4684 studeat
1143 4626 1333 4685 convertere?
1354 4627 1419 4683 Hoec
1443 4631 1472 4682 et
1493 4624 1540 4682 his
1564 4624 1673 4681 similia
1695 4626 1825 4681 tractans

120 4716 183 4775 bita
196 4717 355 4791 psallendi,
368 4735 423 4775 nec
433 4735 491 4775 nou
506 4719 603 4776 studio
615 4717 764 4792 religionis
778 4722 878 4775 vestre
889 4734 949 4775 om·
1003 4733 1130 4786 mecam,
1146 4722 1176 4773 et
1199 4716 1280 4772 nulla
1294 4715 1546 4789 argumentatione
1569 4713 1712 4785 conjicere
1726 4711 1826 4769 valens

121 4806 177 4864 nii
191 4807 252 4864 Cur
266 4823 313 4864 me
327 4812 415 4865 toties
439 4825 456 4864 a
470 4807 570 4881 requie
585 4825 650 4865 mea
673 4807 816 4878 excitatis,
831 4813 861 4865 et
875 4807 948 4865 nihil
1003 4805 1111 4863 somnii
1126 4804 1408 4877 interpretationem,
1425 4804 1538 4862 surrexi
1564 4807 1592 4860 et
1606 4802 1706 4860 omnia
1720 4802 1825 4875 hujus-

119 4894 230 4953 horam
254 4913 320 4969 quse
343 4896 503 4954 commisse
526 4901 597 4954 eunt
615 4897 698 4954 vobis
723 4914 824 4954 curam
840 4896 950 4970 agitis?
1003 4892 1826 4966 modisecretalleocommendavi,simulqueextempore

120 4983 207 5045 Sicut
219 4984 300 5042 enirn
320 5003 399 5042 nunc
413 4986 602 5043 cantantibus
625 4986 708 5042 vobis
722 4990 751 5042 et
765 4986 949 5044 moventibus
1004 4983 1055 5042 illo
1068 4984 1185 5042 timoris
1200 4988 1287 5057 atque
1301 4983 1410 5040 amoris
1425 4982 1515 5040 divini
1531 4981 1745 5056 aliquantulum
1760 4978 1828 5053 plus

117 5072 202 5133 lubia
216 5074 382 5133 forinsecus
391 5080 488 5134 vestra
500 5076 684 5149 vagabantur
694 5078 792 5143 cerda,
804 5076 845 5134 ita
859 5076 950 5133 etiam
1004 5073 1090 5132 solito
1118 5072 1295 5147 concipiens,
1311 5077 1341 5129 et
1354 5072 1477 5130 crationi
1491 5088 1525 5129 ac
1540 5088 1629 5129 sacrae
1643 5069 1761 5128 lectioni
1776 5084 1829 5125 nec

118 5162 153 5221 in
168 5162 236 5221 aliis
250 5166 434 5239 temporibus
446 5171 476 5222 et
490 5165 563 5223 locis
578 5166 636 5222 huc
646 5183 741 5239 usque
754 5166 826 5223 mihi
843 5166 951 5223 servire
1005 5180 1063 5221 non
1079 5166 1107 5219 et
1121 5161 1307 5221 continentiae
1318 5162 1422 5236 mejeri
1437 5166 1569 5230 studens,
1585 5160 1621 5216 ab
1636 5158 1830 5231 intemperata

117 5252 274 5327 solebatis,
290 5255 465 5313 simulantes
479 5257 578 5328 potius
593 5272 681 5328 qaam
703 5261 858 5329 sequentes
872 5255 950 5312 viam
1003 5252 1124 5311 lascivia
1149 5258 1257 5311 memet
1280 5252 1429 5309 interdum
1453 5250 1580 5307 cohibui.
1602 5248 1728 5304 Mirabar
1750 5247 1829 5304 enim

119 5342 267 5403 evitatis.
283 5344 349 5403 Hac
363 5347 393 5402 et
406 5344 453 5403 his
469 5343 579 5402 similia
598 5344 698 5403 dicens
712 5346 748 5402 ad
764 5345 885 5403 clericos
900 5360 949 5419 ge·
1005 5343 1089 5399 vaide
1104 5342 1182 5415 quod
1199 5340 1302 5415 prioris
1318 5341 1396 5397 illius
1407 5341 1485 5412 qued
1496 5336 1689 5411 supraretuli,
1703 5335 1830 5394 etistius

121 5432 264 5493 neraliter
277 5432 383 5497 deinde
398 5435 550 5492 universos
554 5475 608 5492 .....
626 5434 692 5506 (35).
1006 5431 1194 5490 somniivisio
1205 5433 1317 5488 tantem
1324 5429 1398 5487 mibi
1409 5423 1831 5486 admonitioncmedministra·

157 5520 232 5582 Nisi·
243 5522 320 5583 illud
333 5540 421 5601 grave
443 5524 474 5581 in
490 5539 547 5599 qno
562 5540 661 5583 coram
686 5523 776 5583 altare
790 5522 890 5581 lumen
905 5541 951 5582 se-
1006 5526 1061 5592 ret,
1077 5522 1214 5597 quodque
1238 5516 1728 5594 tantalutriusque:convenientia
1741 5516 1828 5589 esset,

153 5631 220 5709 (35)
233 5635 320 5701 Μ
333 5630 441 5699 taran
454 5631 602 5706 integrum
615 5630 720 5693 tcb'um
733 5630 766 5693 ia
779 5631 845 5690 ced.
