3892 6096
67 287 70 291 ·
117 251 195 314 titt
701 248 905 312 nulsione
926 249 976 310 ΕΤ
998 247 1238 311 bretolium.
1739 253 1818 315 {tle

110 387 141 440 st
156 379 374 455 antiquioribus
388 379 484 454 gentis
498 381 599 437 vestra
616 395 648 437 se
662 379 800 437 didicisse
815 379 941 437 confessi
954 381 982 446 Α
997 379 1172 435 charissima
1194 379 1292 437 Sancti
1317 380 1393 436 Patri
1421 379 1492 453 illia,
1508 380 1692 454 imperatrice
1706 384 1818 456 Agnete

111 474 190 540 sunt,
206 469 359 527 ecclesiam
374 474 501 526 vestram
517 486 534 524 a
551 471 666 525 vetusta
681 468 888 525 constitutione
907 468 936 523 in
993 485 1110 540 semper
1122 471 1260 542 Augusta,
1275 470 1422 525 indicante
1434 469 1519 525 nobis
1529 474 1568 535 te,
1579 469 1610 525 in
1625 471 1766 528 suburbio
1780 472 1818 529 ci·

114 561 215 617 ordine
229 564 259 616 et
272 560 368 615 cilicio
378 567 464 632 atque
474 558 554 614 cultu
573 559 782 614 monachorum
794 557 939 614 exstitisse
992 558 1090 613 vitatis
1104 562 1170 625 trra,
1178 558 1263 629 juxta
1274 563 1391 630 portum
1406 558 1536 631 praedicti
1549 558 1680 616 [luminis
1690 560 1817 628 Oeni,ad

114 650 199 706 nobis
214 649 425 706 indicaverunt.
442 648 516 704 Sunt
531 647 619 704 etiarn
635 645 769 704 nonnulli
787 647 837 719 qui
860 663 940 703 asse·
993 661 1180 703 communem
1199 651 1228 703 et
1248 648 1413 720 regularem
1429 648 1636 704 canonicorum
1652 649 1752 717 vitam,
1768 666 1817 707 ec·

111 742 191 808 runt,
207 738 267 794 tere
281 753 383 793 omnes
399 737 526 808 majores
542 735 682 793 ecclesias
696 736 761 807 ejus
776 739 858 793 terra
873 751 940 791 con·
994 735 1112 792 alesiam
1128 736 1337 804 construxisse,
1348 741 1385 808 et,
1400 741 1432 792 ut
1446 754 1522 808 eam,
1534 738 1620 809 juxta
1635 738 1817 811 propositum

112 827 300 885 suetudinem
316 824 472 882 monastici
488 824 601 881 ordinis
615 842 650 881 ex
663 841 696 881 eo
712 824 825 895 cepisse
845 828 874 880 et
897 827 939 879 te·
994 830 1050 881 tum
1063 825 1226 882 devotionis
1238 829 1267 881 et
1281 825 1510 896 constitutionis,
1522 825 1689 898 apostolicis
1700 825 1817 898 privile·

112 916 224 984 nuissa,
232 916 309 988 quod
321 916 349 971 S.
357 913 551 988 Augustinus,
562 911 676 987 legatus
686 912 846 970 beatissimi
858 928 940 986 pape
993 913 1050 987 giis
1058 915 1325 985 firmaremus,tum
1337 915 1402 987 ipsa
1411 919 1509 986 partes
1517 919 1583 971 tuas
1593 915 1817 983 relerente,tum

113 1004 245 1078 Gregorii
257 1008 286 1060 et
296 1004 361 1075 ejus
370 1007 454 1060 terre
470 1003 654 1076 predicator,
668 1018 742 1076 quos
758 1006 894 1075 percepta
909 1001 940 1056 fi·
994 1003 1057 1076 ipso
1072 1020 1124 1076 pro
1139 1008 1167 1060 te
1181 1004 1369 1060 sanctissimo
1384 1003 1530 1061 desiderio
1545 1004 1721 1076 postulante,
1735 1008 1817 1062 tanto

113 1093 150 1151 de
165 1093 202 1150 ud
217 1092 393 1165 obsequium
407 1091 499 1148 divini
516 1090 672 1147 ministerii
688 1095 716 1148 et
727 1089 940 1148 ecclesiasticos
993 1092 1159 1165 promptius
1172 1094 1325 1166 utriusque
1337 1093 1482 1149 voluntati
1492 1093 1683 1150 annuendum
1694 1109 1759 1150 esse
1769 1093 1817 1165 ju-

113 1182 232 1239 ordines
247 1182 406 1255 perducere
420 1181 516 1254 potnit
529 1179 560 1236 in
577 1180 633 1237 hnc
644 1180 738 1236 iorma
753 1178 902 1252 religionis
913 1182 942 1235 et
995 1181 1157 1237 dicavimus
1167 1186 1277 1253 quanto
1291 1187 1320 1237 et
1334 1186 1386 1237 tua
1400 1186 1467 1238 vota
1479 1182 1562 1251 ,iusta
1571 1197 1635 1238 essa
1650 1181 1759 1238 certius
1773 1181 1818 1236 in-

116 1269 198 1328 cultu
214 1271 359 1344 precipue
372 1269 526 1326 constituit
539 1273 568 1325 et
581 1269 737 1326 ordinavit.
748 1269 861 1335 Quibus
872 1283 942 1341 quo·
994 1268 1167 1344 telligimus‚
1178 1275 1207 1327 et
1219 1269 1299 1327 illius
1311 1270 1456 1327 desideria
1465 1271 1563 1327 divino
1575 1287 1699 1328 accensa
1708 1269 1819 1343 Spiritu
1835 1336 1839 1345 1

115 1360 195 1417 niam
210 1359 296 1433 longe
310 1376 364 1416 nos
378 1359 507 1432 impares
522 1373 587 1416 esse
601 1358 815 1432 cognoscimur,
832 1359 941 1413 statuta
995 1357 1104 1430 ubique
1115 1359 1278 1432 prosperari
1290 1358 1437 1431 cupimus.
1452 1359 1649 1415 Concedentea
1662 1358 1753 1431 igitur
1764 1357 1819 1414 tibi

116 1453 232 1505 mutare
243 1447 287 1505 vel
298 1447 456 1521 intringere
469 1446 625 1519 indignum
637 1463 702 1504 esse
712 1447 860 1512 ducimus,
871 1462 943 1519 pra·
995 1450 1024 1503 et
1039 1447 1163 1520 prelatas
1177 1446 1305 1504 ecclesia
1320 1447 1410 1518 hujus
1425 1447 1519 1504 nostri
1537 1445 1689 1520 apostolici
1709 1445 1819 1503 decreti

115 1537 217 1594 sertim
233 1552 300 1593 cum
315 1553 349 1593 ea
364 1535 513 1593 catholicas
525 1536 594 1592 fidei
609 1535 825 1593 eruditionibus
839 1536 942 1592 obesse
995 1535 1196 1609 privilegium,
1222 1535 1373 1593 sancimus
1400 1541 1429 1593 et
1456 1535 1618 1610 apostolica
1644 1534 1820 1592 auctoritate

115 1642 174 1682 non
189 1626 366 1682 invenimus.
382 1624 464 1682 Unde
480 1640 531 1697 par
544 1625 699 1698 prasentia
713 1624 823 1697 scripta
838 1622 941 1679 statui·
996 1624 1155 1682 statuimus
1170 1629 1203 1681 ut
1213 1624 1311 1682 clerici
1322 1625 1373 1697 qui
1387 1624 1432 1682 vel
1447 1625 1569 1681 nuncin
1584 1625 1687 1682 eadem
1698 1623 1821 1681 ecclesia

115 1729 183 1770 mus
206 1719 236 1771 et
249 1715 460 1771 confirmamus
475 1717 509 1768 ut
523 1712 646 1769 ecclesia
658 1716 755 1770 vestra
768 1712 799 1768 in
814 1727 847 1768 eo
862 1714 940 1767 statu
995 1718 1065 1770 sunt
1080 1713 1205 1770 ordinati
1230 1715 1286 1770 sub
1306 1715 1456 1770 communi
1471 1730 1587 1786 semper
1605 1714 1665 1770 vita
1685 1718 1715 1770 et
1738 1711 1820 1770 clau·

113 1802 269 1857 monastici
283 1800 406 1867 ordinis,
422 1817 480 1872 quo
504 1800 646 1856 hactenus
668 1799 786 1867 mansit,
804 1800 940 1870 deinceps
995 1801 1078 1858 strali
1089 1801 1309 1858 conversatione
1320 1803 1492 1859 consistant.
1502 1803 1542 1857 td
1555 1818 1681 1874 quorum
1692 1817 1822 1859 commu·

112 1891 177 1948 sine
190 1890 271 1947 omni
285 1888 404 1945 lesione
428 1893 456 1945 et
480 1889 699 1961 perturbatione
713 1888 866 1945 consistat.
882 1887 941 1943 Vos
995 1889 1822 1947 numusumconfirmamusetincommutabilitartenenda

116 1984 216 2038 autem
231 1984 265 2036 ut
279 1976 469 2035 charissimos
484 1976 561 2034 filios
576 1978 782 2046 admonemus,
795 1981 941 2049 quatenus
996 1978 1182 2035 decernimus
1197 1979 1390 2034 determinato
1405 1978 1525 2051 quidem
1540 1981 1569 2035 at
1580 1995 1615 2035 ea
1629 1995 1693 2051 qua
1708 1993 1821 2051 praeno·

114 2065 942 2143 propositumvestraprofessioniseasinceritatectstu·
998 2069 1109 2125 minata
1120 2067 1431 2140 imperatrixbugusta
1443 2084 1495 2140 pro
1506 2068 1636 2125 remedio
1647 2067 1822 2125 animasum

115 2158 163 2215 dic
187 2158 224 2213 de
245 2157 292 2213 dia
313 2156 344 2212 in
365 2157 454 2223 diem,
469 2156 626 2228 adJuvante
640 2155 774 2224 Domino,
790 2155 820 2210 in
836 2154 942 2211 melius
998 2155 1127 2214 donarit.

115 2246 294 2321 proficiendo
305 2245 452 2319 peragatis
466 2250 499 2301 ut
513 2261 548 2302 ex
561 2244 691 2301 interiori
704 2243 883 2302 conscientia
897 2258 943 2300 vs·
1033 2247 1197 2318 (Eocmcrot
1216 2247 1407 2317 possessiones,
1423 2253 1481 2300 tum
1503 2246 1538 2300 ab
1562 2245 1746 2317 imperatrice,
1764 2247 1824 2299 tant

118 2340 181 2392 stra
195 2332 320 2391 servitus
344 2338 374 2390 at
394 2334 507 2390 devotio
528 2334 625 2389 divino
645 2333 815 2406 conspectui
831 2331 943 2404 placeat
997 2335 1168 2407 abepiscopo
1183 2335 1380 2391 buicccctcsiae
1400 2335 1536 2402 deuotus.)
1779 2386 1792 2409 ,

116 2429 146 2482 at
160 2422 310 2480 exterioris
325 2421 419 2479 iormn
433 2422 663 2479 conversationis
687 2421 760 2478 nulli
785 2421 942 2494 reprehen-
1033 2423 1109 2491 ileo,
1126 2422 1259 2496 inquam,
1275 2422 1375 2479 omnia
1395 2427 1424 2479 et
1438 2438 1621 2495 quaecunque
1635 2423 1723 2479 etiam
1739 2422 1823 2477 inno·

116 2513 205 2570 dendi
220 2528 271 2568 vos
286 2512 470 2568 occasionem
485 2512 605 2582 tribnat,
622 2511 673 2567 sed
692 2509 831 2566 omnibus
845 2525 943 2566 exem·
998 2512 1110 2568 minata
1124 2512 1201 2568 bone
1215 2513 1309 2568 eidem
1325 2509 1454 2568 ecclesias
1469 2510 1512 2568 vel
1528 2528 1607 2569 nune
1621 2513 1703 2584 juste
1718 2508 1825 2567 collata

114 2602 198 2678 plum
214 2600 387 2667 sanctitatis,
398 2604 428 2656 et
436 2617 505 2674 erga
516 2599 696 2673 diligentiam
709 2603 811 2656 vestre
826 2596 943 2671 religio·
997 2605 1078 2669 sunt,
1093 2599 1137 2656 vel
1153 2600 1182 2655 in
1199 2603 1350 2671 posterum
1365 2599 1424 2656 Deo
1439 2600 1614 2672 disponente
1634 2599 1823 2669 conserenda,

115 2690 164 2748 nis
179 2706 309 2748 amorem
324 2694 353 2746 et
364 2689 541 2747 desiderium
558 2689 765 2746 conflrmande
778 2686 944 2744 dilectionis
998 2694 1145 2747 antenore
1165 2693 1195 2745 ot
1215 2687 1388 2746 auctoritate
1408 2690 1444 2745 ad
1460 2704 1647 2745 communem
1663 2703 1751 2744 usum
1766 2687 1824 2742 ira·

119 2779 257 2853 prebeat.
274 2778 416 2834 Ceterum
440 2777 466 2833 si
490 2777 558 2848 quis
581 2777 685 2833 audaci
709 2776 883 2846 temeritate,
897 2774 944 2831 vel
998 2782 1078 2835 trum
1094 2777 1205 2833 ibidem
1219 2777 1278 2833 Deo
1293 2775 1501 2833 famulantium
1516 2777 1702 2834 decernimus
1716 2780 1745 2832 et
1760 2791 1824 2831 cor·

117 2883 207 2941 pravo
222 2866 329 2937 studio,
345 2866 425 2922 bunc
440 2868 551 2922 statum
567 2869 596 2921 et
609 2864 740 2922 ordinem
755 2864 882 2921 ecclesie
895 2881 944 2921 ve·
999 2868 1184 2934 roboramus,
1194 2870 1228 2922 ut
1243 2882 1429 2921 communem
1446 2870 1474 2921 et
1484 2866 1650 2938 regularem
1664 2866 1755 2922 vitam
1771 2864 1825 2919 du-

87 3016 92 3023 ,
119 2963 186 3015 strar
213 2959 328 3012 mutare
355 2954 398 3011 vel
423 2954 601 3011 confundere
625 2953 816 3021 attentaverit,
842 2950 947 3026 procul
999 2960 1108 3024 centes,
1125 2953 1198 3011 nihil
1214 2955 1249 3011 de
1264 2954 1350 3013 bonis
1364 2954 1491 3023 ecclesia
1506 2955 1660 3027 preposito
1678 2958 1707 3010 et
1721 2953 1827 3027 singu·

118 3045 208 3102 dnbio
223 3045 298 3101 seint
321 3061 352 3100 se
373 3043 555 3100 iracundiam
572 3042 737 3115 apostolica
752 3042 830 3098 sedis
846 3042 943 3097 incur·
999 3045 1054 3102 lari
1065 3044 1132 3101 usui
1146 3043 1303 3099 vindicent.
1311 3043 1348 3099 Ut
1358 3043 1418 3099 hac
1429 3043 1519 3117 igitur
1531 3047 1631 3101 nostra
1640 3043 1768 3115 decreta,
1779 3042 1829 3100 ad·

118 3149 194 3201 rere,
218 3138 257 3201 el,
282 3132 338 3189 nisi
363 3137 465 3200 cesset,
482 3131 678 3188 anathematis
699 3132 729 3187 in
749 3148 780 3187 se
796 3130 943 3203 judicium
959 3116 980 3183 G
997 3135 1119 3206 juvante
1131 3131 1264 3199 Domino,
1279 3131 1409 3204 undique
1423 3133 1510 3189 firma
1524 3131 1696 3204 illibataque
1711 3148 1827 3204 perma-

119 3239 287 3297 provocnrc.
1000 3225 1098 3291 noant,
1110 3219 1270 3293 apostolica
1278 3219 1451 3277 auctoritate
1461 3220 1670 3277 constituimus
1684 3225 1718 3276 ut
1727 3219 1827 3276 nullus

483 3327 587 3385 cxgv,
998 3328 1057 3379 rex,
1073 3310 1241 3383 imperator,
1263 3309 1331 3379 dux,
1352 3325 1461 3380 comes,
1476 3309 1642 3381 episcopus,
1657 3307 1703 3364 vel
1727 3306 1828 3364 archi·

114 3419 272 3479 Alexandri
295 3419 325 3475 ll
342 3417 521 3491 privithium
541 3432 590 3490 pro
610 3417 723 3474 melesio
737 3416 772 3473 ab
786 3416 944 3482 ditmanno,
998 3400 1164 3474 episcopus,
1180 3414 1233 3454 seu
1247 3395 1346 3471 aliqua
1359 3413 1483 3469 persona
1502 3397 1651 3455 secularis
1667 3400 1718 3453 aut
1732 3395 1824 3454 eccle·

153 3492 317 3549 renuens·
344 3492 477 3562 episcopo,
501 3488 538 3545 od
566 3490 724 3560 reputarem
750 3490 945 3545 canonicorum
999 3489 1127 3557 sinsiica,
1142 3487 1292 3561 prefatam
1308 3486 1461 3543 ecclesiam
1477 3487 1513 3543 ab
1528 3502 1562 3543 eo
1576 3489 1654 3543 statu
1669 3490 1697 3543 et
1712 3485 1826 3553 ordine,

155 3567 240 3621 vitam
262 3562 409 3633 didimia·
1000 3596 1089 3652 quem
1103 3577 1240 3650 superius
1254 3575 1505 3645 confirmavimus,
1517 3575 1654 3633 divellere
1665 3579 1716 3632 aut
1727 3574 1827 3647 aliqua

433 3649 527 3722 (Anno
543 3649 634 3717 ¹⁰73)
1000 3665 1218 3741 perturbatione
1229 3664 1373 3738 impedire
1384 3668 1551 3739 presumat,
1563 3663 1607 3721 vel
1618 3663 1780 3736 quidquam
1791 3662 1829 3719 de

121 3758 242 3834 [idunan
262 3757 366 3814 deecit.
387 3754 459 3823 XIX,
474 3756 538 3826 976,
554 3771 586 3811 ex
606 3753 757 3826 Metropoli
772 3753 945 3828 salisburg..
1000 3758 1089 3814 rebus
1103 3760 1132 3813 et
1146 3754 1232 3811 bonis
1242 3754 1370 3811 ecclesie
1382 3754 1518 3811 invaders
1532 3758 1583 3811 aut
1598 3753 1772 3820 diminuere,
1783 3749 1828 3808 val

467 3831 538 3882 2⁰³¹·
556 3826 603 3898 H·]
1000 3847 1037 3903 ab
1053 3863 1109 3902 usu
1120 3845 1270 3901 fructuum
1285 3842 1458 3900 subtrahere
1472 3843 1587 3900 audeat.
1599 3841 1629 3899 Si
1645 3841 1712 3915 quis
1728 3845 1828 3898 nutem

159 3938 331 3993 Acarnanas
345 3935 511 4008 episcopus,
525 3949 627 3990 servus
641 3949 791 3990 servorum
803 3932 864 4001 Dei,
875 3932 946 3989 dile·
1001 3938 1102 3992 contra
1116 3934 1205 4005 hujus
1221 3936 1329 3989 nostre
1346 3931 1508 3989 sanctionis
1532 3931 1649 3989 decreta
1672 3929 1830 3988 temerario

122 4029 170 4083 cto
186 4025 269 4081 iratri
294 4025 324 4080 in
344 4023 458 4080 Christo
472 4025 628 4079 Anrnmvuo
644 4023 741 4079 Patav.
758 4023 903 4096 episcopo,
920 4025 949 4078 et
1002 4041 1076 4082 ausu
1088 4022 1186 4080 venire
1196 4021 1464 4094 tentaverit,usque
1474 4022 1511 4078 ad
1521 4021 1642 4094 dignam
1654 4019 1829 4077 satisfactio·

121 4131 175 4190 per
189 4131 257 4171 euru
272 4113 401 4170 ecclesiae
417 4129 507 4186 quam
523 4112 552 4167 in
568 4111 714 4168 territorio
730 4111 861 4182 ejusdem
877 4110 948 4166 civi·
1002 4130 1069 4171 nem
1085 4109 1280 4169 anathematis
1297 4108 1402 4182 laqueo
1422 4127 1453 4167 sc
1475 4110 1621 4166 irretitum
1636 4108 1758 4166 noverit.
1775 4107 1831 4174 Qui

120 4201 194 4259 tatis
206 4201 236 4258 in
251 4206 335 4274 portu
347 4200 418 4257 Ocni
432 4198 564 4257 [luminis
576 4199 749 4269 construxit,
760 4204 789 4256 et
799 4199 828 4255 in
840 4199 949 4256 honore
1001 4219 1068 4259 vern
1096 4201 1157 4257 bec
1185 4201 1287 4257 eadem
1312 4198 1390 4256 ddeli
1419 4200 1571 4257 devotione
1594 4200 1749 4257 observare
1776 4214 1830 4254 cu·

121 4297 231 4350 sancta
246 4290 407 4359 Trinitatis,
424 4295 454 4347 et
472 4288 618 4362 passionis
635 4287 748 4343 Domini
770 4288 862 4344 nostri
878 4288 948 4344 Jesu
1002 4291 1121 4362 raverit,
1137 4289 1241 4345 divine
1256 4287 1501 4345 remunerationis
1515 4287 1639 4362 gratiam
1661 4291 1690 4345 et
1711 4289 1831 4360 aposto·

122 4377 284 4445 Christi,et
298 4383 467 4436 sanctorum
479 4377 600 4433 Andres
615 4374 749 4448 apostoli,
765 4374 949 4432 Pantaleonis
1004 4378 1067 4434 licae
1090 4376 1302 4433 benedictionis
1326 4375 1374 4432 hic
1398 4381 1426 4431 et
1453 4376 1483 4432 in
1509 4376 1608 4432 loturo
1632 4378 1831 4447 consequatur

124 4467 275 4540 martyris,
290 4472 319 4523 et
334 4467 428 4524 sancti
443 4464 551 4522 Nicolai
569 4463 745 4521 confessoris
760 4464 949 4531 consecravit,
966 4480 989 4548 Ι)
1005 4464 1227 4523 abundantiam.

125 4554 157 4610 in
179 4561 364 4629 perpetuum.
1042 4555 1148 4611 Datum
1163 4552 1305 4619 Romanu
1328 4550 1403 4607 Non.
1419 4550 1526 4618 Martii,
1543 4567 1595 4622 per
1618 4567 1724 4608 manus
1745 4548 1832 4623 Patri,

164 4644 302 4701 Convenit
318 4645 476 4719 apostolico
492 4642 685 4700 moderamini
709 4641 852 4715 religiosis
877 4642 953 4700 desi·
1008 4646 1116 4700 sancta
1132 4641 1268 4697 Romane
1280 4638 1414 4696 Ecclesia
1429 4639 1555 4713 presbyt.
1572 4638 1730 4697 cardinalis
1745 4655 1777 4695 ao
1792 4638 1836 4695 bi·

124 4734 254 4791 dariiset
263 4734 453 4808 petitionibus
462 4750 496 4789 ea
507 4731 845 4804 benignitateetpistatis
856 4732 954 4788 studio
1009 4729 1201 4799 bliothecarii,
1218 4744 1294 4785 anno
1317 4745 1357 4783 xu
1378 4727 1569 4800 pontificatus
1583 4729 1695 4786 domini
1710 4728 1833 4785 Alexan·
1897 4766 1904 4773 -

124 4822 361 4880 condescendere
377 4824 571 4894 effectumque
585 4821 712 4894 praebere
727 4825 770 4886 ut,
781 4820 852 4875 dum
868 4821 954 4891 spiri·
1009 4821 1054 4878 dri
1069 4821 1093 4877 ll
1109 4835 1201 4893 pape,
1215 4816 1375 4874 indictione
1389 4834 1429 4872 x1.

124 4910 217 4967 tnalis
232 4912 392 4968 auctoritas
406 4911 497 4967 cilicii
520 4909 566 4966 sni
591 4907 722 4965 debitum
743 4910 867 4981 peragit,
883 4911 954 4966 dum
1364 4939 1471 4999 CXLVI

127 4999 178 5074 pia
193 5000 325 5057 ildelium
342 5005 452 5057 statuta
467 4998 631 5055 roborando
653 4997 869 5055 venerabilibus
884 4999 955 5056 locis
1009 5031 1163 5090 Alexandn-
1205 5044 1265 5101 [φιτ
1287 5031 1317 5087 Η
1336 4985 1518 5103 prim-3395&
1529 5047 1581 5104 pro
1602 5031 1715 5088 mm
1729 5031 1835 5089 sam

125 5086 956 5162 praesidiumdeiensionisimpendit,hincaliectussuper·
1190 5103 1262 5160 (περ)
1279 5101 1444 5172 Magdatmae
1461 5104 1677 5160 remptionem,

130 5194 176 5233 ne
192 5178 394 5234 retributionis
409 5177 540 5234 lucretur
554 5174 672 5230 initium
688 5176 765 5246 quod
781 5175 811 5230 in
826 5177 956 5248 parando
1323 5192 1416 5263 (Anno
1433 5191 1524 5263 1073)

130 5265 274 5322 beneflcio
298 5282 356 5321 non
380 5265 477 5320 minor
496 5263 551 5318 luit
569 5261 697 5317 charitas
712 5279 800 5334 quarn
816 5269 955 5336 potestas.
1011 5281 1162 5353 [mmoim
1177 5282 1202 5336 et
1217 5278 1376 5336 document,
1391 5279 1490 5337 incdit,
1505 5280 1538 5336 (ιθ
1552 5281 1581 5338 14
1594 5281 1717 5339 pram,
1731 5283 1832 5344 goma„

130 5353 192 5411 Hoc
206 5354 284 5411 enirn
301 5359 330 5411 et
344 5356 487 5411 bonorum
498 5351 615 5418 studiis,
628 5367 678 5422 spe
694 5351 875 5423 proficiendi,
886 5370 957 5427 aug·
1357 5352 1392 5422 ll,
1412 5352 1488 5421 ele]

130 5447 266 5501 mentum
277 5443 381 5501 tribuit
391 5447 421 5500 et
432 5457 508 5514 opus
518 5438 679 5512 proprium,
691 5438 787 5495 iructu
803 5441 958 5512 proiectio-
1047 5445 1231 5507 demuntur,
1246 5442 1338 5496 ete...

129 5531 191 5608 nis,
205 5531 265 5592 ileo
280 5530 458 5607 acceptabile
472 5528 580 5588 reddit.
594 5526 706 5601 ltaque,
728 5526 833 5589 dilecte
858 5530 956 5607 irater,
1049 5529 1157 5588 Notum
1168 5526 1582 5609 essevolumusomnibusqui
1592 5531 1744 5593 lntlhristo
1754 5536 1835 5607 sunt,

293 5659 423 5725 Parnon.
448 5656 577 5721 cruvt.
1639 5662 1677 5733 tt
