3892 6096
113 273 192 339 ttta
683 275 883 340 nauteam
912 274 1243 342 substantionale.
1739 268 1811 333 tttt

113 409 230 481 pondus
245 408 435 480 obJ'ectornm‚
452 424 516 480 que
532 425 589 465 non
602 413 714 482 poterat
729 427 863 485 purgare,
880 411 937 467 cal·
950 411 978 477 Α
991 410 1136 467 vindicem
1152 414 1324 484 experturus
1347 406 1421 465 toret
1443 405 1492 480 qui
1523 404 1605 477 prior
1632 400 1717 460 alteri
1736 419 1812 460 arma

113 495 939 573 lldlssermonibnsconabatur⁷⁵¹attenuare3plerumque
994 500 1154 557 intulisset.

114 586 392 643 etiaminstnntinm
422 604 454 641 ee
483 589 703 660 perurgentium
732 592 938 660 procaeitatem
1028 593 1112 645 Anno
1128 591 1161 633 ⁷⁶⁸
1175 588 1355 645 Coloniensis
1370 585 1620 657 archiepiscopus,
1635 582 1768 654 expulsis
1780 584 1812 640 de

113 675 211 731 verbis
227 675 394 731 durioribus
410 678 595 749 corripiebat,
612 696 645 733 ae
661 679 764 734 frontis
783 680 936 751 impuden·
993 679 1111 735 salefelt
1125 681 1159 722 ⁷⁸³
1174 677 1334 748 canonicis,
1350 677 1440 731 vitam
1456 673 1516 730 illic
1538 672 1813 728 instituitmonasti·

113 763 185 820 tiam
202 765 338 837 opposita
352 767 386 806 ⁷⁸⁸
400 767 583 823 auctoritatis
602 785 661 823 suae
677 773 827 836 majestate
838 769 939 824 retrin-
993 785 1056 824 cam
1069 768 1154 840 (at-t),
1172 766 1271 822 missis
1282 783 1315 821 eo
1331 766 1367 820 de
1383 764 1522 836 Sigeberg
1536 767 1565 819 et
1580 761 1737 817 deSancto
1750 762 1814 816 Pan·

114 869 182 925 gere
198 856 373 926 temptabat.
391 856 522 912 Primum
538 861 567 912 et
582 859 744 913 secundum
756 858 831 914 diem
844 858 872 912 in
885 858 938 912 hoc
993 857 1107 914 taleone
1121 858 1155 892 777
1172 855 1334 912 monachis.
1351 854 1412 917 Quo
1428 853 1456 908 in
1472 857 1605 924 tempore
1629 854 1662 906 et
1687 865 1741 919 ego
1754 849 1815 906 illuc

113 942 234 1014 negocio
250 944 420 1016 insumpsit.
437 944 568 1017 Cumque
584 952 786 1002 accusatorum
802 951 938 1002 constan·
994 947 1213 1016 veni,con1erre
1228 961 1295 1000 cum
1310 943 1352 1000 eis
1372 944 1407 998 de
1428 942 1529 997 ordina
1554 944 1585 996 et
1612 937 1774 1011 disciplina
1786 941 1814 975 777

112 1030 185 1086 tiam
203 1047 256 1086 nec
273 1033 396 1088 veritate
421 1034 621 1105 responsionis
646 1052 698 1090 noo
726 1041 787 1092 arte
803 1036 939 1091 dictionis
993 1034 1292 1099 monasterialisvitre,
1305 1049 1338 1088 eo
1351 1031 1428 1102 quod
1441 1045 1549 1106 magna
1559 1028 1702 1102 quadam
1715 1031 1744 1083 at
1754 1044 1817 1098 pra·

114 1118 247 1177 eluderet
260 1126 370 1193 posset,
387 1123 423 1178 nd
439 1121 589 1194 ultimum,
606 1124 811 1197 probatisque
826 1126 940 1194 objecta
993 1124 1072 1180 clara
1086 1125 1121 1180 de
1136 1123 1194 1178 illis
1211 1121 1290 1195 vulgi
1306 1120 1443 1193 opinione
1464 1119 1663 1190 jactarentur.
1682 1115 1817 1188 Denique,

115 1210 233 1265 fuerant
246 1210 431 1276 criminibus,
449 1212 588 1269 baculum
603 1213 796 1286 episcopalem
807 1215 843 1271 ab
854 1232 886 1269 co
898 1231 939 1269 re·
994 1213 1161 1286 sicutvulgn
1176 1212 1349 1268 assiduitate
1368 1208 1511 1264 vilescunt
1526 1206 1642 1271 omnia,
1659 1210 1690 1261 et
1705 1204 1818 1277 popula·

114 1298 200 1369 oepit.
218 1299 322 1354 Verbis
331 1305 428 1356 tamen
441 1302 681 1374 exquisitissimis
697 1303 865 1358 moestitiam
876 1305 939 1372 ejus
994 1303 1071 1358 rium
1082 1301 1172 1357 animi
1183 1317 1322 1356 novarum
1330 1314 1429 1353 rerum
1442 1296 1517 1352 avidi
1528 1294 1627 1368 magis
1638 1310 1760 1366 semper
1766 1298 1819 1349 atn-

115 1385 330 1452 consolabatur,
348 1389 521 1460 promittens
536 1391 626 1463 quod,
642 1392 713 1446 dnm
738 1391 866 1463 primum
884 1391 938 1446 sibi
993 1390 1478 1463 pentndincognita‚nos,qnosuau
1489 1381 1739 1447 noverant,nihili
1750 1381 1818 1437 esti·

115 1480 293 1544 oportunum
311 1477 401 1544 deret,
417 1479 544 1551 benigna
557 1481 620 1534 vice
639 1480 715 1536 hanc
743 1480 938 1536 calamitatem
995 1482 1123 1546 mebant,
1136 1479 1238 1545 ethos,
1255 1478 1323 1548 qnia
1338 1491 1446 1532 novum
1458 1474 1702 1543 inusitatumque
1712 1470 1817 1541 aliquid

117 1563 142 1618 ei
160 1570 372 1637 compensaret.
384 1567 458 1639 Ipsis
473 1569 577 1624 diebus
592 1570 703 1641 regina,
716 1587 781 1642 quur
800 1587 857 1624 una
872 1586 939 1625 cum
995 1569 1128 1642 praeferre
1139 1567 1320 1634 videbantur,
1333 1582 1390 1620 non
1406 1563 1540 1619 homines
1550 1561 1602 1618 sed
1617 1560 1755 1634 angelos,
1770 1576 1819 1615 non

118 1668 184 1724 rege
197 1653 350 1726 Mogontia
367 1657 476 1724 aderat,
488 1657 582 1712 silium
599 1658 734 1729 perperit.
746 1658 800 1713 Sed
812 1659 837 1713 is
848 1658 940 1726 bapti·
994 1675 1110 1714 carnem
1128 1657 1177 1713 sed
1193 1655 1332 1728 spiritum
1349 1653 1578 1710 arbitrabantur.
1595 1650 1633 1706 nt
1648 1649 1713 1704 hsce
1729 1647 1819 1720 opinio

114 1745 197 1796 zatus
213 1743 246 1778 777
262 1743 361 1798 statim
375 1744 647 1818 obiit,delatusque
662 1747 691 1801 in
709 1746 938 1819 tlartesburg‚ibi
995 1747 1146 1819 pincipum
1175 1747 1312 1815 mquam
1329 1742 1506 1815 privatorum
1520 1737 1819 1796 mentihnsmattinr

113 1828 516 1904 sepultuseat.Epiacopatum
526 1835 777 1890 constantiensem
786 1825 939 1891 rexottoni
996 1833 1185 1908 pressiusque
1201 1832 1357 1888 insederat.
1372 1832 1396 1886 Α
1410 1829 1517 1900 quibus
1533 1828 1569 1884 ad
1586 1825 1738 1900 populum
1749 1824 1817 1880 deri·

112 1917 251 1973 canonico
266 1918 443 1975 Gestariensi
459 1922 549 1989 dedit,
566 1923 749 1994 recentisque
764 1923 937 1996 calumpniae
991 1928 1076 1979 vatus
1092 1939 1202 1987 rumor,
1219 1925 1333 1977 tantum
1348 1919 1467 1975 terroris
1483 1916 1635 1990 plerisque
1654 1914 1685 1970 in
1713 1914 1768 1969 bac
1779 1929 1818 1968 re·

113 2005 245 2077 exemplo
256 2008 441 2079 conterritus,
452 2011 934 2081 contestimeumconseornrifecit,
990 2011 1074 2084 gione
1090 2008 1276 2066 monasteriis
1292 2007 1400 2079 injecit,
1416 2011 1449 2063 ut
1463 2005 1499 2062 ad
1513 2005 1688 2077 ingressum
1703 2003 1816 2058 illorum

113 2110 149 2149 ne
164 2094 231 2166 quis
246 2095 357 2151 seilicet
373 2098 512 2154 adversus
528 2116 595 2155 eum
611 2099 768 2172 serupulus
779 2101 874 2156 denuo
886 2117 937 2174 per
990 2099 1062 2155 alias
1075 2100 1120 2162 30,
1146 2098 1218 2154 alias
1242 2099 1286 2161 10.
1311 2095 1383 2152 elias
1411 2096 1447 2150 50
1474 2092 1626 2163 monaehi,
1648 2089 1816 2148 austerioris

113 2182 282 2240 dilationem
298 2187 527 2244 consecrationis
542 2189 677 2244 oriretur.
989 2189 1053 2244 vitm
1065 2192 1143 2243 metu
1156 2184 1345 2243 scandalizati
1361 2185 1404 2255 777,
1421 2185 1457 2240 de
1471 2182 1665 2239 monasteriis
1689 2179 1816 2237 abscede-

150 2273 227 2328 Inter
239 2274 343 2330 ducem
358 2276 531 2332 Polenornm
543 2279 617 2350 (222)
628 2283 657 2334 et
668 2279 769 2334 ducem
785 2277 935 2334 beheimo·
992 2283 1066 2342 rant,
1084 2278 1236 2349 satiusque
1251 2277 1391 2331 ducerent
1404 2274 1440 2329 de
1455 2272 1549 2328 salute
1559 2272 1672 2328 animae
1684 2269 1716 2325 in
1728 2269 1816 2325 seculo

113 2377 178 2417 rum
194 2363 228 2402 777
243 2363 316 2434 (273)
344 2364 538 2422 infestissima
561 2367 707 2423 dissensio
730 2368 763 2402 777
788 2371 851 2422 erat
868 2367 935 2423 Pro·
991 2364 1159 2438 periclitari,
1176 2380 1266 2436 quam
1281 2380 1371 2435 supra
1386 2363 1419 2398 ⁷⁷¹
1436 2362 1541 2416 virium
1557 2376 1689 2416 suarum
1706 2373 1817 2414 mensn-

112 2453 177 2521 pter
191 2452 268 2521 quod
284 2468 334 2507 eos
350 2470 399 2508 rex
415 2454 443 2508 in
456 2454 933 2511 civitatemMisene⁷⁸2antnmnati
991 2472 1053 2511 ram
1079 2454 1137 2508 vim
1162 2454 1255 2510 fucere
1283 2468 1371 2524 regno
1399 2450 1549 2506 calorum.
1580 2450 1618 2504 Et
1646 2463 1751 2503 revera
1770 2460 1817 2501 non

112 2541 243 2609 tempore
257 2546 401 2610 evocatos,
418 2543 521 2598 durius
536 2544 685 2615 corripuit,
702 2548 729 2597 et
745 2549 777 2598 nt
798 2544 935 2617 deinceps
990 2543 1136 2599 immerito
1152 2541 1295 2597 Dominus
1311 2557 1400 2613 super
1414 2543 1558 2596 nostrates
1575 2537 1747 2594 monachos
1761 2536 1817 2591 dca-

113 2626 175 2683 suis
190 2628 224 2663 777
240 2628 350 2702 singuli
367 2631 502 2688 terminis
517 2632 646 2688 contenti
661 2637 759 2688 essent
774 2648 825 2687 nec
852 2650 884 2688 se
894 2632 935 2686 vi·
991 2632 1154 2704 pactionem
1165 2630 1314 2686 effundere
1329 2627 1534 2685 videbaturll‘.
1544 2627 1622 2683 Nam
1634 2625 1817 2699 quorundam

112 2714 214 2771 cissim
238 2720 402 2776 temerariis
426 2720 645 2778 incursionibus
670 2721 856 2786 lacesserent,
881 2723 935 2779 sub
991 2719 1316 2793 pseudomonachorum
1336 2714 1627 2789 privataignominia
1642 2726 1819 2770 nomenmo-

111 2803 233 2860 obtentn
245 2808 410 2878 majestatis
423 2809 577 2881 pracepit3
594 2809 723 2881 alioquin
739 2810 895 2865 sebastem
907 2814 936 2866 et
991 2808 1152 2864 nachornm
1163 2807 1350 2863 vehementer
1365 2806 1567 2875 infamaverat,
1579 2802 1644 2875 qui,
1670 2801 1819 2858 omissom

220 2962 248 3012 et
262 2957 386 3014 interius
397 2960 559 3029 judicatus,
575 2977 633 3016 non
645 2965 726 3015 extra
737 2961 886 3017 sustinens
899 2958 1207 3033 pondnsimminentis
1218 2958 1332 3028 J'udieii,
1349 2956 1501 3014 ultroneus
1524 2956 1589 3027 ipse
1604 2955 1635 3010 in
1659 2970 1695 3011 se
1710 2959 1820 3012 senten·

223 3028 294 3084 tiam
310 3029 427 3094 tulit,et
443 3030 585 3087 annulum
602 3036 630 3087 et
645 3031 769 3088 lernlam
799 3031 974 3104 pastoralem
989 3033 1015 3088 ei
1032 3048 1121 3103 aquo
1137 3031 1246 3101 injuste
1273 3033 1424 3100 acceparat
1450 3028 1617 3100 resignans,
1635 3028 1819 3083 sacerdotnm

222 3116 303 3171 spem
320 3105 348 3156 et
363 3106 486 3165 metum,
502 3119 588 3174 qoem
604 3119 655 3174 pro
671 3120 704 3159 eo
718 3104 867 3175 gerebant,
893 3103 992 3159 labore
1008 3102 1148 3227 longioris
1165 3101 1335 3173 questionis
1364 3098 1502 3183 absolvit,
1525 3099 1754 3224 culpam-suam
1769 3114 1818 3154 nnc

223 3174 326 3243 tegens
341 3172 430 3244 pallio
446 3175 654 3242 excusationis,
668 3176 745 3247 quod
754 3176 838 3246 juxta
853 3173 1009 3231 decretalia
1024 3178 1059 3229 Ce
1073 3173 1158 3228 cstini
1175 3189 1256 3244 papa
1270 3173 1367 3245 episco
1390 3188 1424 3227 us
1441 3170 1503 3226 dan
1528 3169 1578 3226 nol
1592 3175 1621 3226 et
1645 3175 1760 3225 rnvrtrs.
1775 3169 1818 3224 id·

222 3243 325 3298 dentes
340 3247 438 3300 antem
451 3247 629 3302 sanctissimi
643 3247 808 3302 sacerdotes
819 3244 1040 3328 magontiaque
1051 3244 1119 3300 lecit
1129 3245 1281 3307 Dominus,
1295 3249 1325 3298 et
1340 3188 1417 3299 oleti
1433 3241 1645 3298 ammiratione
1663 3246 1819 3324 retractan-

222 3318 266 3369 tes
282 3330 370 3384 qnam
386 3316 696 3398 incomprehensibilia
707 3318 896 3389 suntindicra
907 3318 971 3389 ejus
983 3321 1011 3372 et
1026 3315 1242 3387 investigabiles
1252 3316 1304 3370 viee
1320 3316 1394 3386 ejus,
1405 3315 1490 3370 corde
1504 3316 1532 3368 et
1547 3329 1600 3369 ore
1612 3318 1644 3368 et
1656 3312 1820 3370 omnimoda

224 3385 375 3442 devotione
387 3388 563 3443 benedicunt
573 3389 631 3445 Deo
646 3389 801 3459 altissimo,
817 3390 866 3460 qni
883 3389 985 3471 longos
1000 3403 1101 3444 eorum
1118 3386 1232 3442 labores
1246 3391 1306 3442 tam
1321 3385 1441 3458 inopino
1452 3382 1621 3440 terminavit
1637 3384 1818 3456 compendio,

224 3461 340 3512 orantes
355 3461 381 3512 et
396 3459 586 3531 deprecantes
603 3465 634 3515 ut
649 3461 684 3516 de
701 3477 788 3531 regno
804 3477 857 3514 auo
873 3459 1006 3514 eliminet
1020 3475 1137 3514 omnem
1154 3457 1329 3530 apostasiam
1346 3461 1375 3513 st
1389 3456 1488 3512 omnia
1502 3455 1661 3523 scandala,
1682 3473 1737 3513 nec
1752 3455 1819 3512 ultra

223 3528 329 3583 sathan
346 3530 469 3601 ejusque
484 3531 632 3602 apostolos
647 3532 676 3586 in
693 3549 747 3587 sua
762 3539 864 3587 sancta
879 3545 1001 3603 regnare
1016 3529 1093 3585 sinat
1108 3529 1249 3595 ecclesia;
1266 3530 1317 3584 sed
1333 3527 1363 3583 in
1391 3529 1528 3583 omuibus
1557 3527 1703 3584 consiliis
1716 3532 1746 3584 et
1760 3543 1819 3600 ops·

224 3598 306 3655 ribus
320 3616 421 3655 eorum
437 3602 583 3674 dignetur,
601 3619 700 3658 servos
715 3620 784 3659 suos
800 3602 954 3668 consolari,
970 3606 999 3656 et
1011 3600 1169 3657 elementer
1183 3600 1305 3672 implere
1320 3600 1396 3671 quod
1419 3598 1548 3655 eeclesia
1580 3615 1644 3654 anre
1674 3615 1710 3655 se
1724 3597 1819 3672 promi·

224 3669 262 3725 sit
275 3670 436 3727 allaturum
451 3673 589 3728 omnibus
604 3674 708 3729 diebus
723 3674 931 3746 vitansquead
940 3673 1225 3729 consummationem
1237 3670 1497 3727 seculi.Communi
1508 3674 1611 3727 autem
1623 3671 1748 3728 decreto
1757 3687 1818 3744 pra·

224 3741 345 3814 cipiunt,
362 3759 406 3807 aa,
423 3761 486 3817 qna
503 3747 531 3800 in
549 3745 602 3800 hac
618 3746 728 3818 synodo
743 3750 825 3818 gesta
836 3751 916 3812 sunt,
926 3744 1132 3800 aeclesiasticis
1147 3743 1237 3799 inseri
1249 3743 1340 3815 gestis
1354 3747 1383 3798 et
1399 3743 1427 3796 in
1439 3740 1566 3797 archivis
1579 3748 1696 3799 sanotae
1708 3743 1818 3817 Mogon-

223 3813 292 3869 tinaa
303 3813 431 3870 ecclesiae
446 3817 566 3884 servari,
582 3818 616 3872 ad
633 3822 802 3889 perpetuam
818 3817 991 3872 memoriam
1007 3820 1035 3870 et
1049 3815 1243 3871 eruditionem
1258 3818 1386 3869 venture
1398 3813 1592 3886 posteritatis,
1615 3819 1654 3869 ut
1669 3814 1728 3871 boe
1737 3814 1818 3886 majo·

225 3900 290 3940 rum
307 3886 719 3958 exemplominoresinstructi
736 3905 792 3943 non
808 3888 933 3944 timeant
947 3886 1091 3948 resistere.
1104 3886 1127 3941 si
1144 3886 1173 3941 in
1190 3886 1360 3956 hujusmodi
1376 3883 1495 3958 negocio
1507 3900 1539 3939 se
1553 3884 1695 3942 viderint
1705 3901 1818 3959 pregre·

224 3955 295 4021 vari,
310 3957 617 4027 certissimescientes,
629 3960 708 4015 nullo
721 3960 806 4014 modo
815 3959 945 4084 (gratiam
960 3959 1053 4014 sancti
1068 3957 1195 4029 Spiritus
1211 3957 1346 4012 fidelibus
1362 3956 1540 4020 defuturam,
1552 3955 1621 4011 siin
1634 3957 1819 4013 sanctitatcct

221 4028 343 4097 justicia
357 4029 681 4101 restiterintinjusticiae
693 4047 813 4102 usqnea
848 4028 1068 4102 perseverantiae
1083 4044 1230 4085 coronam.
1248 4028 1413 4084 llecernunt
1428 4031 1570 4099 praterea
1584 4043 1621 4083 ex
1638 4029 1764 4102 antiqua
1807 4057 1817 4066 ·

225 4107 302 4152 trum
319 4100 477 4154 traditione
490 4106 518 4156 et
533 4101 677 4156 autentica
693 4102 855 4172 priscorum
870 4098 1062 4157 conciliorum
1080 4100 1264 4166 reatitudine,
1281 4105 1312 4154 ut
1329 4098 1390 4154 beo
1413 4097 1514 4154 omnia
1540 4098 1685 4158 Romano
1699 4100 1777 4186 ponti
1795 4095 1816 4152 ci

226 4168 357 4224 seriatim
374 4168 480 4226 litteris
491 4172 601 4227 inserta
612 4173 799 4237 nunciantur,
818 4178 849 4228 nt
865 4174 950 4243 cujus
962 4171 1101 4227 mandato
1115 4177 1144 4227 et
1158 4170 1274 4226 hortatu
1287 4173 1416 4243 coeptaet
1431 4169 1561 4242 perlecta
1576 4176 1665 4239 sunt,
1682 4187 1747 4244 eJns
1760 4185 1817 4243 apo·

226 4236 330 4294 stolica
344 4241 517 4299 auctoritate
528 4242 663 4299 roborata
673 4243 837 4316 firmentur,
855 4249 883 4299 et
892 4242 1085 4314 omnipotenti
1094 4243 1162 4309 Deo,
1175 4242 1224 4314 qni
1241 4243 1373 4296 omnium
1386 4242 1528 4297 bonorum
1541 4247 1653 4298 auctor
1667 4248 1724 4315 est,
1733 4243 1817 4300 Roma

226 4314 253 4436 gt
270 4310 438 4439 Mpguntiaf
449 4318 478 4369 et
487 4314 667 4386 ubicumque
681 4318 825 4370 terrarum
841 4314 903 4370 baec
913 4314 1031 4370 latavel
1043 4314 1144 4370 audita
1157 4313 1276 4383 luerint,
1293 4311 1397 4368 debitae
1411 4311 1577 4385 gratiarum
1601 4315 1739 4372 actiones
1752 4310 1814 4369 fideli

246 4397 297 4437 evo
313 4399 378 4439 rone
392 4401 425 4440 so
438 4390 553 4441 vantur.

261 4457 334 4509 Acta
349 4460 420 4511 sunt
432 4462 529 4512 autem
541 4457 600 4512 hac
611 4457 687 4527 apud
700 4456 881 4528 Mogontiam
898 4456 1080 4530 metropolim
1092 4455 1242 4512 orientalis
1253 4455 1392 4521 Francia,
1402 4470 1480 4510 anno
1494 4453 1533 4509 ab
1550 4453 1759 4514 incarnatione
1770 4453 1813 4511 be

227 4524 300 4580 mini
316 4527 397 4592 1071,
412 4527 474 4584 ind.
490 4529 517 4583 8.
535 4530 578 4583 18.
596 4528 647 4583 Kal
674 4529 838 4600 septembr.
855 4532 995 4599 regnante
1006 4527 1195 4583 serenissimo
1211 4526 1345 4582 Heinrico
1358 4541 1426 4598 rege
1439 4524 1533 4596 hujus
1544 4528 1685 4584 nominis
1696 4529 1812 4607 {tanne

227 4599 309 4668 regni
321 4598 438 4667 eJus13.
455 4599 646 4655 ordinationis
657 4615 724 4656 vero
735 4601 868 4671 ejusdem
878 4600 922 4654 17.
935 4600 1012 4672 apud
1029 4599 1211 4672 Mogentiam
1228 4614 1292 4659 vero
1308 4597 1484 4669 presulante
1508 4600 1755 4656 reverentissimo
1767 4613 1811 4671 pn·

226 4669 453 4742 mateSigelrido
469 4687 545 4727 anno
561 4671 753 4728 ordinationis
763 4674 827 4741 ejus
841 4674 883 4726 12.
896 4687 985 4743 super
999 4671 1099 4725 omnia
1113 4675 1209 4726 antem
1222 4667 1487 4742 regnantedomino
1498 4673 1605 4726 nostro
1617 4670 1695 4729 Jesn
1706 4670 1811 4735 Christo,

224 4739 271 4794 cui
288 4757 345 4867 ipen
361 4743 473 4867 acopdit
487 4759 551 4800 eras
567 4744 699 4800 loturum
716 4759 769 4798 nee
784 4743 894 4799 recedit
907 4741 969 4800 heri
984 4741 1176 4816 preteritum,
1192 4740 1243 4797 sed
1264 4745 1416 4813 permanet
1440 4739 1667 4810 sempiternum
1692 4743 1772 4800 bodie
1789 4739 1812 4793 in

227 4825 294 4867 secu
309 4829 506 4869 essenorum
522 4819 627 4871 Amen.

695 4906 697 4910 ’
790 4910 920 4966 VARLAE
935 4909 1142 4967 stertentes.

153 5013 187 5048 777
202 5012 350 5073 nitebatur
370 5017 396 5071 3.
412 5019 439 5072 5.
478 5018 511 5052 777
536 5017 670 5089 apposita
696 5019 722 5072 1.
760 5017 795 5052 777
822 5016 988 5088 baptizatus
1001 5018 1028 5072 3.
1067 5016 1101 5052 777
1129 5016 1337 5073 Bobemiorum
1351 5016 1379 5071 3.
1416 5016 1448 5051 777
1478 5014 1630 5072 dissentio
1648 5017 1676 5073 1.
1713 5012 1812 5072 ²⁸¹tss

118 5101 187 5142 aene
209 5086 237 5142 3.
276 5088 310 5122 777
323 5089 368 5144 soi
380 5089 406 5142 t.
421 5089 449 5143 5.
488 5090 522 5124 777
538 5093 597 5143 Hoc
616 5090 832 5145 ann01.Anno
847 5088 948 5144 eodem
964 5089 990 5143 t.
1028 5089 1063 5124 777
1078 5086 1173 5145 Saletd
1189 5089 1216 5147 3.
1255 5089 1288 5124 777
1315 5085 1512 5144 Penthalaona
1541 5086 1560 5142 3
1589 5086 1619 5142 t.
1660 5083 1810 5146 retesti.

118 5157 152 5193 777
168 5163 228 5214 tam
245 5176 289 5231 pr.
306 5161 334 5214 3.
372 5161 406 5195 777
419 5159 491 5215 deest
505 5161 531 5215 3.
570 5161 605 5196 777
619 5158 808 5216 scandalisati
830 5162 857 5215 3.
873 5162 900 5215 1.
938 5160 972 5196 777
988 5175 1077 5231 snper
1091 5161 1117 5214 1.
1155 5161 1190 5195 777
1205 5159 1353 5216 nitebatur
1367 5160 1394 5214 t.
1431 5158 1466 5197 777
1481 5157 1619 5214 obmisso
1635 5159 1665 5215 3.

911 5283 1029 5341 NOTAE.

155 5371 228 5440 (222)
244 5369 388 5427 Boleslam
404 5373 439 5439 ll,
456 5371 589 5429 Casimiri
605 5373 616 5427 l
642 5372 748 5440 filium,
797 5373 870 5429 rimo
885 5374 942 5428 du·
997 5372 1141 5429 diasmate
1156 5373 1192 5428 de
1203 5371 1333 5428 numinis
1349 5370 1603 5430 Saleleldansibus
1617 5373 1809 5449 impressim-

120 5442 316 5518 oem.deinde
330 5459 427 5516 regem
444 5443 579 5515 Polonie,
595 5445 631 5500 ab
647 5461 673 5498 a.
689 5391 851 5500 1058-Γο83.
997 5443 1159 5511 Mabillon.‚
1192 5451 1277 5524 Anu..
1298 5444 1327 5499 S.
1360 5444 1427 5499 Ben.
1458 5442 1494 5509 V,
1523 5460 1555 5515 p.
1585 5445 1633 5501 14.
1657 5439 1811 5524 -llccledt

155 5512 429 5581 (271³)Wrastilanm
442 5518 474 5581 ll,
488 5517 615 5588 primum
628 5515 772 5572 Bobemia
786 5533 893 5588 regem.
906 5516 942 5572 ab
998 5516 1114 5572 Saalied
1130 5518 1160 5571 in
1188 5515 1350 5588 'thuringia
1377 5515 1503 5596 Annoni·
1523 5531 1552 5571 a.
1580 5517 1711 5577 Riobesa
1730 5525 1811 5599 ragin·

119 5583 517 5654 sacramentatibus.
996 5588 1124 5645 Polonia
1148 5603 1287 5644 concessa
1309 5590 1383 5644 erat.
1408 5584 1443 5641 V.
1470 5589 1573 5646 Vitam
1597 5588 1631 5647 S.
1661 5587 1810 5650 dnnomss·

153 5656 229 5732 (tlt)
244 5656 285 5715 De
299 5655 409 5714 tabulis
420 5659 553 5718 annonis
567 5659 598 5715 in
613 5659 679 5716 chr.
694 5656 847 5732 Scblegelii
857 5658 943 5716 sche-
997 5676 1023 5717 o.
1038 5661 1082 5717 30.
1103 5721 1105 5725 ,
