3892 6096
110 254 174 317 333

736 254 853 317 LlBllll
875 253 1199 320 Puovuaslouuol.

1760 260 1818 321 334

149 386 182 443 Si
196 400 278 443 ames
293 382 351 441 dici
373 387 457 455 pater
471 388 500 442 et
519 386 667 460 princeps,
684 404 789 445 nomen
805 404 873 445 cum
887 387 939 444 ho·
953 388 982 456 Α
1030 388 1129 443 Timor
1144 386 1194 444 Dei
1209 391 1238 443 et
1253 388 1345 446 oratio
1360 387 1480 446 assidua
1500 387 1651 446 hominem
1665 387 1762 447 volare
1776 389 1818 446 la·

108 491 186 533 nore
200 489 295 545 serva,
312 471 446 530 moribus
462 473 561 547 imple.

148 562 262 636 Saepius
275 562 371 619 ventis
382 562 510 635 agitatur
526 564 629 636 ingens
643 565 776 637 pinus,et
790 564 873 622 celsa
883 569 942 621 tur-

109 668 160 710 res
174 650 308 725 graviore
324 666 394 708 casu
409 651 554 708 decident.

148 740 244 798 Stulta
257 744 326 797 vota
341 740 504 814 frangenda
518 745 598 799 sunt.

149 830 220 886 Sine
233 829 354 887 doctina
368 828 426 885 vita
440 834 486 886 est
500 830 584 904 quasi
605 831 709 888 mortis
724 831 832 904 imago.

148 918 301 975 stantibus
315 921 344 975 et
358 917 450 991 lapsis
465 935 516 992 par
530 918 697 977 sollicitudo
711 921 836 977 tenenda
849 924 908 989 est;

148 1008 203 1066 llis
219 1025 256 1065 ne
270 1011 345 1065 retro
361 1011 476 1079 cadant,
492 1007 551 1065 illia
567 1013 600 1065 ut
614 1008 726 1067 concite
741 1014 874 1082 surgant.

148 1098 253 1155 Sermo
267 1098 355 1153 datur
369 1096 482 1166 multis,
498 1098 590 1156 animi
605 1099 749 1171 sapientia
764 1099 876 1172 paucis.

148 1184 178 1242 Si
195 1202 323 1259 nequeas
338 1184 449 1259 plures,
464 1186 509 1242 vel
530 1191 559 1245 te
574 1186 758 1245 solummodo
774 1205 867 1245 ouras.

148 1276 178 1332 Si
194 1276 266 1349 quid
281 1275 385 1333 vovisti
400 1277 534 1346 Domino,
550 1293 587 1334 ne
602 1277 721 1335 reddere
736 1278 844 1335 tardes.

149 1365 249 1421 Solius
263 1369 307 1421 est
324 1363 438 1420 Domini
453 1365 531 1422 bona
546 1366 582 1422 de
597 1367 692 1438 pravis
708 1367 832 1441 operari.

149 1454 297 1527 spernens
311 1452 467 1511 consilium
483 1455 611 1526 patietur
625 1472 701 1529 sape
715 1455 868 1529 periclum.

150 1543 234 1617 Sapo
248 1543 359 1600 bonum
375 1542 522 1616 cupimus,
538 1545 616 1617 quod
632 1561 700 1601 mox
715 1561 769 1603 nos
783 1544 860 1601 nolle
875 1560 941 1618 pro·

804 1634 940 1712 [bamus.

150 1722 274 1796 Semper
288 1739 394 1779 avarus
409 1726 488 1796 oget;
509 1722 589 1780 hunc
605 1722 686 1780 nulla
700 1721 824 1796 pecunia
838 1722 939 1795 replet.

151 1812 182 1867 Si
195 1811 241 1868 vis
254 1811 374 1880 salvari,
391 1810 432 1867 nil
447 1811 516 1868 huic
530 1828 666 1885 praepone
681 1811 780 1869 saluti.

151 1901 231 1957 Sunt
244 1900 370 1958 nimium
385 1901 482 1973 pauci,
494 1902 545 1974 qui
561 1901 616 1958 rite
631 1900 719 1958 velint
734 1901 876 1959 misereri.

151 1989 280 2063 Spiritus
294 1995 340 2048 est
354 1990 423 2060 vita,
440 2007 520 2047 mors
534 1991 631 2047 carnis
645 1990 840 2065 philosophia.

429 2132 546 2190 CAPUT
564 2133 636 2190 xlx.

151 2261 193 2315 Te
206 2256 291 2315 deest
305 2257 441 2332 hymnus,
461 2262 547 2330 Deus,
559 2259 590 2315 in
604 2259 683 2330 Sion,
694 2262 722 2316 et
736 2258 790 2315 tibi
805 2259 945 2317 reddetur

116 2352 221 2407 votnm
238 2348 267 2405 in
285 2348 477 2405 Hierusalem.

154 2437 374 2494 Testimonium
383 2436 500 2494 Domini
511 2437 605 2507 tidele,
616 2438 790 2512 sapientiam
801 2444 944 2512 prostans

122 2525 263 2600 parvulis.

156 2615 235 2686 Tibi,
251 2614 383 2685 Domine,
398 2615 555 2674 derelictus
569 2620 614 2674 est
628 2634 749 2691 pauper,
766 2619 897 2692 orphano
912 2621 944 2675 tu

121 2704 180 2763 eris
193 2704 322 2777 adjutor.

157 2795 271 2852 Timete
288 2795 390 2863 Deum,
406 2810 508 2851 omues
535 2796 628 2853 saneti
643 2796 718 2868 ejus,
730 2796 869 2869 quoniam
884 2813 943 2853 nou

122 2888 167 2941 est
180 2883 282 2957 inopia
295 2882 469 2940 timentibus
484 2899 562 2940 eum.

155 2971 365 3029 Thesaurizate
378 2972 461 3029 vohis
480 2973 635 3031 thesauros
659 2972 689 3030 in
717 2973 799 3043 coelo,
815 2975 866 3032 ubi
892 2991 945 3032 nee

995 476 1078 532 ciunt
1092 477 1129 532 ad
1144 475 1281 533 coelestia.

1030 565 1170 622 Teutator
1183 566 1304 639 pervigil
1327 567 1380 623 hos
1399 567 1562 626 acrioribus
1577 567 1676 642 pulsat
1689 568 1818 637 insidiis,

995 672 1070 727 quos
1086 655 1213 711 maxime
1227 654 1333 711 viderit
1343 655 1490 713 abstinere
1506 674 1523 713 a
1538 657 1674 730 peccatis.

1031 745 1124 800 Tanto
1140 745 1240 818 peiora
1259 749 1329 802 sunt
1347 745 1426 813 vitia,
1443 749 1552 818 quanto
1565 745 1708 805 virtutum
1723 747 1819 821 specle

995 832 1136 890 celantur.

1029 922 1137 996 Tepide
1152 923 1281 981 vivamus
1295 923 1451 981 Christiani
1467 923 1618 981 difficilius
1632 925 1819 999 corriguntur

996 1028 1083 1084 quam
1099 1012 1216 1086 pagani.

1030 1103 1128 1159 Tonas
1141 1106 1170 1158 et
1184 1102 1324 1176 prodigus
1344 1103 1481 1173 nimium,
1498 1104 1584 1161 ambo
1609 1103 1639 1161 in
1664 1120 1757 1163 uuum
1771 1104 1819 1161 ni-

995 1190 1123 1248 mietatis
1136 1191 1290 1248 oonlluunt
1303 1192 1417 1249 vitium.

1030 1281 1238 1353 Temperatnm
1258 1297 1345 1338 omne
1367 1285 1428 1338 tam
1453 1282 1511 1340 Deo
1535 1298 1623 1354 quam
1648 1281 1819 1341 hominibus

994 1375 1040 1426 est
1054 1370 1240 1443 acceptabile.

1030 1460 1147 1515 Tenere
1173 1459 1263 1516 nimis
1281 1463 1395 1517 mentes
1411 1460 1610 1533 asperioribus
1624 1460 1818 1519 informandae

995 1550 1066 1601 sunt
1076 1545 1193 1601 studiis.

1030 1636 1188 1691 Tormenta
1198 1636 1393 1707 quorumdam
1405 1636 1471 1694 aliis
1485 1642 1609 1709 prosunt
1618 1638 1656 1696 ad
1668 1636 1820 1696 correctio·

996 1739 1074 1780 nem.

1032 1814 1139 1870 Tacere
1154 1813 1205 1885 qui
1221 1814 1324 1879 nescit,
1340 1814 1435 1871 nescit
1449 1818 1478 1871 et
1491 1814 1582 1889 loqui.

1032 1901 1194 1960 Timendus
1209 1908 1254 1959 est
1270 1919 1327 1975 pra
1337 1904 1462 1974 cunctis,
1473 1905 1558 1976 cuius
1572 1908 1702 1977 potestas
1712 1907 1759 1963 sat
1773 1920 1820 1963 su·

997 2007 1049 2064 per
1064 2008 1177 2050 omnes.

1033 2082 1140 2138 Tactus
1155 2080 1317 2140 alienorum
1338 2099 1492 2156 corporum
1507 2086 1536 2139 et
1551 2083 1657 2141 ardens
1671 2083 1821 2157 appetitus

997 2169 1175 2229 seminarum
1192 2175 1318 2228 mentem
1334 2171 1424 2228 trahit
1437 2172 1474 2228 ad
1489 2171 1647 2230 insaniam.

1032 2260 1105 2316 Tam
1118 2260 1169 2316 diu
1180 2260 1246 2333 quis
1256 2264 1333 2317 errat
1342 2259 1372 2317 in
1383 2261 1450 2333 fide,
1458 2276 1613 2334 quousque
1622 2259 1723 2319 omnia
1734 2260 1820 2318 aDoo

998 2348 1105 2422 inspici
1120 2352 1150 2404 ct
1163 2348 1225 2421 regi
1241 2348 1358 2406 dillldit.

1034 2437 1212 2495 Tacentibus
1234 2436 1354 2494 dillicile
1369 2438 1556 2507 subvenitur;
1579 2439 1754 2495 confitentes
1769 2453 1822 2494 au·

997 2530 1058 2583 tem
1073 2526 1225 2600 languoris
1239 2527 1286 2583 sui
1301 2526 1473 2599 qualitatem
1488 2527 1603 2585 lucilius
1618 2526 1759 2601 recipient
1772 2541 1821 2583 sa·

999 2616 1132 2674 nitatem.

1034 2705 1130 2763 Toties
1151 2705 1235 2763 nobis
1258 2707 1332 2763 bens
1353 2705 1458 2779 agendi
1484 2706 1669 2764 occasionem
1692 2704 1823 2777 prebent

999 2793 1087 2866 mala,
1103 2793 1218 2867 quoties
1233 2810 1268 2852 ea
1281 2794 1413 2851 videntes
1428 2797 1479 2852 aut
1490 2795 1642 2851 audientes
1658 2792 1823 2852 contemni·

1000 2901 1076 2941 mus.

1034 2974 1126 3030 Tanto
1141 2972 1275 3046 quisquis
1287 2989 1387 3030 cavere
1398 2973 1483 3030 debet
1497 2989 1534 3030 ne
1548 2972 1686 3046 superbia
1700 2970 1824 3044 decipia-

122 3077 218 3135 arugo
233 3076 329 3134 neque
343 3060 423 3117 tinea
437 3062 604 3131 demolitur,
619 3068 648 3119 et
668 3062 718 3119 nbi
735 3064 814 3121 sures
828 3081 887 3121 non
902 3065 944 3120 sl·
999 3066 1058 3133 tur,
1074 3068 1183 3134 quanto
1199 3062 1330 3119 sanctius
1345 3061 1456 3135 aliquid
1471 3062 1635 3134 profitetur.

123 3150 239 3207 lodiunt
250 3166 305 3209 nec
317 3151 464 3208 iurantur.

155 3241 325 3298 Thesaurus
350 3240 554 3298 desiderabilis
580 3241 738 3316 requiescit
765 3241 796 3299 in
819 3259 868 3299 ors
895 3259 946 3299 sa·

124 3329 244 3402 pientia.

158 3418 269 3474 Totum
287 3418 421 3491 spiritum
437 3436 525 3476 suum
546 3421 656 3492 profert
678 3419 804 3490 stultum
829 3420 946 3493 sapiens

125 3510 225 3565 antem
239 3506 337 3563 differt
348 3512 376 3565 et
390 3513 518 3565 reservat
531 3507 561 3565 in
576 3515 736 3583 postorum.

157 3595 263 3652 Timor
275 3594 392 3653 Domini
407 3596 527 3670 expellit
541 3603 704 3672 peccatum.

142 3686 292 3759 Tempus
304 3685 386 3742 omni
401 3685 443 3742 rei
458 3686 513 3743 suh
529 3686 611 3745 cralo.

159 3773 260 3831 Turris
271 3773 547 3832 fortissimanomsn
561 3776 691 3846 Domini;
704 3777 739 3834 ad
751 3777 849 3850 ipsum
859 3776 950 3834 currit

125 3860 233 3932 justus,
248 3866 278 3919 et
292 3862 477 3921 exaltabitur.

161 3950 279 4026 Triplex
293 3951 442 4010 funiculus
457 3953 575 4011 difficile
588 3955 743 4028 rumpitur.

160 4038 256 4097 Testis
270 4039 366 4098 falsus
378 4057 436 4099 uon
453 4042 508 4098 erit
519 4041 693 4115 impunitus.

161 4127 261 4187 Timor
270 4132 316 4187 eat
327 4130 518 4201 inmaritata,
532 4130 583 4188 sed
594 4131 858 4203 perlectaoharitas
872 4132 951 4189 loros

134 4216 221 4274 mittit
233 4217 382 4276 timorem.

164 4308 259 4381 'turpe
273 4312 319 4365 est
334 4308 432 4383 utqui
447 4309 541 4368 nescit
559 4313 658 4367 tenere
672 4310 874 4368 moderamina
887 4311 952 4368 vito

136 4412 199 4470 sna,
211 4399 306 4471 judex
320 4399 371 4455 liat
384 4399 495 4458 alienae.

959 3135 981 3202 G
1035 3153 1129 3208 Tanta
1150 3152 1356 3224 uuusquisque
1378 3154 1476 3225 potest
1499 3156 1695 3218 contemnere,
1712 3152 1823 3221 quanta

999 3240 1088 3298 etiam
1104 3244 1202 3313 potest
1216 3241 1431 3312 concupiscere.

1035 3329 1103 3386 Tale
1117 3345 1210 3402 genus
1223 3334 1270 3386 est
1283 3328 1431 3395 vitiorum,
1447 3331 1490 3394 ιιι,
1504 3327 1562 3383 nisi
1578 3325 1724 3399 praeterita
1737 3323 1825 3383 celeri

1000 3417 1172 3493 poenitentia
1186 3416 1348 3486 deleantur,
1364 3415 1422 3475 alia
1435 3415 1539 3474 exinde
1553 3414 1693 3472 oriantur.

1037 3509 1126 3565 Tecta
1140 3506 1208 3565 odia
1221 3507 1321 3579 pejora
1335 3509 1405 3562 sunt
1420 3521 1509 3578 quam
1525 3508 1635 3577 aperta.

1036 3597 1120 3654 Tales
1149 3595 1244 3653 simus
1267 3595 1358 3664 intus,
1385 3593 1486 3667 quales
1514 3609 1568 3651 uos
1596 3593 1667 3651 ioris
1695 3590 1827 3652 ostendi·

1003 3703 1080 3743 mus.

1038 3776 1193 3850 Tanquam
1208 3773 1335 3832 fornacis
1349 3773 1474 3830 rutilans
1497 3789 1602 3829 aurum
1617 3772 1722 3845 probat
1736 3770 1826 3844 ignis.

1038 3864 1085 3922 Sic
1099 3865 1176 3922 Dens
1188 3862 1296 3921 electos
1311 3862 1449 3936 purgabit
1463 3861 1493 3919 in
1507 3861 1576 3934 igue
1590 3859 1711 3918 doloris.

1039 3956 1136 4025 Turpe
1150 3957 1195 4010 est
1209 3953 1330 4020 doctori,
1345 3967 1414 4008 cum
1429 3950 1518 4026 culpa
1531 3949 1681 4024 redarguit
1698 3949 1809 4022 ipsum.

1039 4043 1122 4100 Tunc
1135 4045 1164 4100 te
1177 4042 1332 4115 lapsurum
1347 4040 1482 4112 formida,
1499 4056 1567 4096 cum
1582 4039 1642 4096 ruit
1657 4038 1739 4095 alter.

1041 4135 1081 4190 Te
1096 4131 1198 4188 lasum
1213 4131 1307 4201 crede,
1323 4146 1390 4186 cum
1410 4128 1507 4186 cernis
1520 4144 1669 4200 quemque
1684 4126 1793 4184 dolere.

1041 4219 1176 4279 Terrenis
1191 4219 1310 4276 inhians
1324 4219 1373 4275 vix
1388 4216 1553 4291 spiritualia
1568 4215 1669 4273 credit.

1041 4313 1136 4368 Tutus
1149 4309 1205 4366 erit
1219 4323 1372 4380 nunquam
1387 4306 1437 4379 qui
1453 4306 1621 4378 suspicione
1635 4303 1758 4363 laborat.

1043 4398 1211 4457 Tristautur
1224 4396 1310 4454 facile
1326 4411 1451 4468 quorum
1466 4410 1534 4466 spes
1545 4396 1640 4450 exstat
1654 4393 1684 4448 in
1700 4391 1779 4448 imis.

165 4485 259 4544 Tanto
289 4488 429 4547 subtilius
458 4489 583 4563 quisque
612 4492 647 4548 de
673 4491 802 4548 tenebris
829 4491 994 4572 judicatp)
1046 4486 1141 4545 Testis
1154 4485 1299 4543 veridicus
1314 4485 1375 4557 regi
1390 4499 1457 4540 vero
1478 4487 1577 4539 manet
1591 4486 1691 4555 aptus.

139 4582 240 4647 panto
255 4592 324 4634 eum
339 4578 437 4635 verius
452 4577 571 4634 claritas
587 4577 661 4636 lucis
673 4578 812 4637 illustrat.

166 4664 295 4723 Terrena
315 4667 414 4723 omnia
437 4666 579 4725 servando
602 4668 791 4739 amittuntur,
807 4667 956 4743 largiendo

140 4759 298 4813 mantus.

169 4842 275 4919 Tangat
289 4844 392 4903 sordes
404 4845 485 4920 pravi
500 4846 598 4919 operis
612 4846 663 4918 qui
678 4846 737 4905 Deo
753 4851 897 4921 preparat
911 4848 960 4904 do·

143 4945 214 4989 mum
230 4932 352 4989 mentis.

171 5020 368 5079 Tolerabilius
393 5022 497 5080 mundi
513 5024 591 5082 mala
614 5023 804 5097 suscipimus,
820 5025 846 5083 si
860 5029 962 5084 contra

143 5105 194 5167 hac
208 5110 402 5185 prescientia
416 5112 517 5186 clypeo
531 5113 693 5169 munimur.

171 5199 328 5258 Talentum
343 5199 373 5255 in
389 5202 467 5257 terra
481 5200 659 5258 abscondere
683 5205 728 5258 est
752 5206 905 5277 acceptum
920 5201 964 5258 in·

144 5289 256 5356 mnium
272 5289 304 5345 in
319 5289 445 5347 terrenis
458 5289 573 5348 actibus
587 5290 749 5364 implicare.

1046 4580 1218 4649 Tempestas
1232 4574 1352 4648 grandis
1364 4576 1409 4628 est
1423 4570 1587 4644 indignatio
1601 4569 1690 4642 regis.

1045 4669 1138 4724 Totus
1153 4665 1263 4736 ubique
1277 4678 1411 4728 manens,
1426 4663 1488 4717 tota
1502 4663 1547 4716 est
1560 4659 1667 4716 virtuts
1681 4656 1833 4716 colendus.

1327 4748 1443 4807 CAPUT
1461 4747 1519 4805 XX.

1049 4840 1194 4899 Universa
1208 4840 1260 4895 via
1279 4837 1395 4895 Domini
1411 4836 1612 4895 misericordia
1625 4840 1655 4893 et
1667 4837 1774 4894 ueritus
1789 4850 1839 4892 re·

1015 4931 1201 5006 quirentibus
1214 4931 1425 4984 testamentum
1441 4927 1505 5000 ejus
1517 4930 1546 4983 et
1559 4925 1731 4983 testimonia
1743 4926 1819 4998 ejus.

1049 5020 1158 5078 Vultus
1168 5017 1285 5075 Domini
1297 5031 1386 5089 super
1397 5017 1536 5074 facientes
1547 5014 1635 5088 mals,
1647 5019 1680 5072 ut
1689 5015 1794 5088 perdat
1804 5013 1841 5069 ds

1016 5115 1094 5167 terra
1109 5106 1281 5165 memoriam
1299 5122 1412 5162 eorum.

1054 5197 1211 5254 Veritatem
1227 5194 1356 5266 requiret
1379 5195 1532 5265 Dominus,
1548 5196 1577 5250 et
1592 5193 1733 5251 retribuet
1746 5193 1840 5248 abuu-

1019 5289 1123 5345 danter
1137 5285 1313 5341 iacientibus
1328 5282 1509 5355 superbiam.

173 5377 299 5436 Tantum
328 5378 455 5452 quisque
482 5380 649 5453 proximum
677 5383 789 5454 portat,
817 5383 964 5453 quantum
1054 5372 1385 5434 Vanasulushominis·

144 5472 278 5623 ⁸nUottum
291 5560 352 5620 Deo
366 5557 446 5619 dedit
457 5558 509 5635 qni
523 5559 718 5636 semetipsum
733 5555 850 5621 obtulit.

1019 5486 1022 5491 ’
1055 5464 1151 5521 Verbo
1165 5460 1282 5520 Domini
1303 5460 1367 5518 coli
1390 5459 1499 5518 llrmati
1514 5463 1594 5530 sunt,
1611 5464 1640 5518 et
1664 5459 1771 5535 spiritu
1786 5457 1847 5521 oris

1020 5556 1087 5631 ejus
1101 5552 1198 5617 omnis
1210 5551 1305 5612 virtus
1325 5566 1436 5611 eorum.
1685 5550 1691 5557 '
