3892 6096
756 332 872 399 ACTA.
1606 331 1685 397 858·

93 466 182 537 adana,
198 471 229 525 et
242 469 351 543 sapius
361 469 451 536 idem,
466 466 581 525 diabolo
596 467 721 537 nolente,
738 468 784 525 se·
796 471 824 538 Α
839 472 923 526 tuaac
935 466 1128 538 orationibus,
1143 484 1206 526 rem
1220 485 1349 540 omnem,
1364 485 1424 542 qua
1447 465 1497 526 ille
1510 467 1664 526 detineba-

93 555 126 614 tsi
143 557 283 615 inimicus
308 558 357 615 ille
370 558 486 632 generis
501 557 634 626 humani,
650 558 787 615 seductor
840 557 899 627 tur,
914 556 1048 630 aperuit;
1063 560 1239 616 antecenim
1251 557 1337 615 illum
1352 557 1461 631 sepius
1474 556 1664 616 dissimulan-

93 662 99 701 ι
115 661 161 701 me
172 647 336 716 suffocaret,
346 648 376 702 in
391 645 477 719 plura
490 647 635 703 devexerit
644 646 785 719 pericula,
839 650 899 703 tem
914 652 1107 721 coarguerant
1129 648 1275 704 monaehi.
1290 647 1353 704 Nisi
1368 647 1458 713 euim,
1473 647 1515 704 ait
1527 645 1588 717 ille,
1601 647 1664 705 bec

97 750 126 790 m
141 734 191 792 ubi
206 734 289 792 littus
303 736 373 791 Arni
390 736 484 809 attigi,
501 735 542 792 uil
557 734 783 809 praetermiserit,
839 735 1003 793 Christiano
1018 752 1099 792 more
1122 753 1177 792 sua
1200 736 1355 809 diligenter
1368 734 1479 794 seelera
1503 735 1592 793 fucrit
1605 739 1663 793 Deo

93 824 244 891 bsecrans,
265 825 474 896 interdumque
498 824 649 891 minitans,
666 825 695 880 iu
719 841 785 896 pro·
839 824 1042 897 sacerdotique
1064 825 1209 891 consessa,
1232 826 1311 898 quod
1340 825 1452 898 pudore
1475 824 1553 882 melo
1575 825 1665 882 dueta

93 928 221 984 taquam
235 929 281 969 me
295 929 468 987 mergerem.
479 914 538 987 ligo
548 917 665 970 econtra
680 929 731 985 pro
743 913 785 969 vi·
839 913 918 970 baud
934 913 995 987 egit
1015 929 1158 985 uuquam,
1174 913 1200 970 si
1214 913 1314 986 superi
1337 912 1481 985 inferique
1495 917 1662 986 precentur,

96 999 153 1059 bis
167 1000 392 1058 difficultatibus
406 1003 624 1076 lortemgereus
639 1001 783 1071 animum,
840 1002 863 1057 si
885 1001 1047 1075 quidquem
1071 1006 1239 1058 sauctorum
1262 1006 1309 1059 est
1333 1000 1534 1074 reliquiarum,
1562 1001 1593 1057 in
1617 1018 1664 1058 me

93 1087 206 1156 lesum,
222 1089 373 1163 Virginem
399 1091 532 1156 Mariam,
556 1107 641 1162 opem
666 1090 784 1163 ferrent,
840 1091 1228 1164 congerantur,eontendam
1237 1089 1664 1164 minime.Videatigiturquid

93 1195 108 1233 t.
124 1177 229 1234 Tulere
243 1179 361 1235 tandem
386 1179 473 1236 solita
488 1179 686 1236 misericordia
700 1196 784 1252 opem
841 1179 919 1250 velit,
934 1196 972 1236 au
986 1179 1042 1237 bae
1056 1179 1087 1238 in
1101 1180 1219 1248 vileits
1235 1184 1268 1237 ut
1281 1180 1516 1254 coepit,[peecata
1529 1179 1664 1237 commit·

93 1282 163 1340 ique
179 1283 186 1322 ε
203 1284 273 1323 nam
288 1267 509 1334 diabolus,lesu
524 1268 711 1342 virginisque
727 1269 784 1326 lta-
839 1269 922 1342 tere],
937 1286 975 1326 aa
996 1268 1047 1326 ille
1070 1270 1212 1328 deserere.
1228 1270 1303 1327 Nam
1326 1268 1411 1326 facile
1434 1268 1527 1325 cuivis
1552 1266 1663 1325 malum

92 1355 122 1413 ia
133 1357 272 1413 omuibus
296 1356 407 1414 viribus
421 1374 453 1414 se
476 1356 635 1430 spoliatum
651 1357 784 1414 couside-
839 1358 952 1415 facinus
963 1358 1136 1427 admittere;
1153 1363 1290 1416 ceterum
1304 1357 1377 1416 illud
1389 1359 1535 1431 deponere
1544 1355 1665 1415 difficile

93 1444 238 1503 emulum
254 1462 328 1517 opus
353 1446 512 1520 inceptum,
529 1451 562 1503 ut
576 1446 701 1511 volebat,
719 1463 786 1519 per·
839 1463 903 1504 essa
918 1448 1163 1520 asserebat,quod
1175 1447 1522 1520 sacerdospraesertimiu
1532 1446 1665 1503 demone

93 1549 147 1591 lese
168 1534 323 1590 advertens
338 1552 380 1603 se,
394 1534 426 1590 in
441 1534 515 1591 iram
539 1552 652 1605 versus,
669 1536 723 1607 [ιιι]
739 1551 786 1592 me
839 1535 1027 1609 [mirabatur]
1044 1554 1051 1593 :
1067 1552 1179 1605 verum,
1195 1536 1266 1594 Jesu
1289 1540 1421 1610 cogente,
1437 1534 1510 1592 illud
1526 1535 1663 1592 dicebat:

93 1627 128 1692 et,
145 1623 175 1679 in
189 1627 298 1680 terram
325 1624 459 1695 detrusit,
475 1624 601 1692 lanians,
616 1625 785 1697 discerpens
839 1626 906 1696 quis
921 1625 1001 1683 enim
1016 1623 1090 1681 alter
1103 1625 1266 1682 demonem
1281 1625 1317 1682 ed
1332 1624 1458 1695 ¹saltebre
1471 1639 1546 1696 opus
1559 1621 1665 1696 impel-

94 1713 225 1785 eerporis
250 1718 375 1768 mortem
400 1717 597 1785 eternumque
619 1713 785 1769 damnatio·
839 1696 898 1770 lere
913 1713 971 1768 nisi
986 1717 1061 1770 nutu
1077 1713 1175 1771 divino
1189 1712 1308 1771 valeret.

100 1817 120 1856 a
132 1800 269 1874 precibus
284 1801 467 1868 desisterem,
483 1800 623 1858 minitans
639 1819 646 1858 :
664 1801 784 1858 demum
800 1843 825 1909 Β
876 1802 939 1858 ιιι.
956 1803 1048 1860 instat
1061 1802 1153 1877 igitur
1165 1803 1313 1875 smerdes,
1330 1805 1398 1876 aget
1418 1803 1552 1860 bortatur
1564 1819 1571 1860 :
1585 1801 1664 1859 sitir-

93 1889 223 1947 tonlusus
249 1890 278 1946 in
302 1907 364 1946 rem
388 1890 497 1947 malam
521 1890 666 1948 concessit
689 1907 784 1947 suam.
841 1907 932 1958 mere,
944 1890 985 1948 nil
999 1890 1211 1962 salubrius,nil
1226 1890 1328 1948 utilius
1342 1891 1449 1949 animae
1462 1890 1665 1964 corporiquee

107 1977 173 2052 iter,
189 1979 244 2051 [ut]
260 1979 288 2034 S.
303 1980 424 2035 loannis
450 1980 571 2036 domum
595 1979 701 2036 iterum
716 1978 786 2035 visi·
841 1980 944 2052 quovis
954 1979 1120 2038 Christiano
1136 1981 1197 2037 lieri
1208 1996 1316 2055 posse:
1334 1981 1370 2038 ad
1385 1980 1446 2038 heo
1460 1980 1578 2051 addere,
1589 1978 1664 2037 nihil

93 2065 158 2123 llice
183 2065 294 2140 arripui
311 2085 318 2124 :
335 2083 379 2136 eo,
395 2067 466 2139 quia
480 2084 527 2125 me
551 2067 691 2141 sospitem
706 2066 785 2139 iecit,
839 2069 945 2125 virium
959 2068 990 2126 in
1006 2084 1060 2127 nos
1073 2070 1236 2127 demonem
1250 2069 1367 2142 babere,
1381 2069 1468 2128 modo
1480 2069 1552 2127 Jesu
1567 2068 1666 2127 chrisa

93 2156 130 2212 ire
144 2173 181 2212 ue
195 2157 383 2213 cunctemini.
839 2163 869 2214 to
882 2157 968 2215 bonis
983 2158 1349 2232 operibusinhereemns.
1366 2158 1418 2216 llis
1433 2158 1533 2231 itaque
1555 2157 1664 2216 statiis

93 2243 109 2300 i
122 2252 198 2302 retro
213 2249 329 2313 euntes,
347 2246 473 2317 benigne
499 2245 652 2317 arustico,
667 2246 704 2302 de
727 2260 784 2320 quo
840 2246 994 2304 mulierem
1007 2248 1045 2304 sd
1058 2263 1158 2304 veram
1172 2247 1385 2305 confessionem
1400 2247 1544 2320 agendam
1558 2244 1664 2318 impel-

92 2336 129 2390 rte
142 2334 263 2391 verbum
286 2335 352 2401 leci,
369 2334 461 2390 babiti
480 2335 583 2406 [suutl.
600 2335 671 2407 Pius
686 2335 786 2408 itaque
839 2336 892 2405 lit;
908 2352 998 2409 quam
1014 2336 1101 2392 corde
1126 2337 1215 2405 bono,
1232 2339 1329 2393 mente
1351 2335 1465 2409 integra
1487 2350 1573 2408 agera
1595 2350 1663 2391 cum

93 2426 170 2479 stem
189 2423 380 2492 admirantes,
394 2428 423 2480 et
444 2440 476 2480 se
498 2425 600 2480 itidem
616 2428 742 2492 acturos,
759 2426 785 2481 si
840 2425 1002 2496 statuisset,
1013 2423 1091 2482 illico
1105 2442 1171 2482 eam
1186 2429 1247 2482 toto
1261 2441 1382 2497 corpore
1396 2422 1565 2481 incolumen
1580 2423 1664 2481 deee-

92 2512 572 2585 easuseveniret,pollicentes,ad
587 2512 700 2570 Vallem
715 2514 783 2572 Um·
839 2531 907 2571 rens
932 2514 1058 2585 demon,
1081 2513 1150 2586 alio,
1174 2512 1299 2586 strepitu
1328 2512 1410 2570 nullo
1430 2528 1558 2584 voceque
1579 2510 1663 2568 nulla

100 2601 236 2674 regressi,
261 2605 411 2673 gratanter
434 2619 451 2657 a
476 2601 637 2670 monacbis,
663 2604 785 2675 suisque
838 2602 926 2670 edita,
942 2602 1185 2677 indignabundus
1199 2602 1361 2660 contendit.
1373 2602 1431 2659 Nee
1445 2601 1582 2675 deinceps
1596 2616 1662 2658 eam

93 2689 153 2746 nim
177 2689 249 2746 fessi
273 2690 446 2762 fatigatique
459 2690 615 2763 redierant)
632 2691 785 2765 sanctique
839 2695 993 2749 attrectare
1014 2690 1082 2764 [vel]
1104 2691 1219 2765 ingredi
1243 2708 1345 2756 ausus,
1369 2704 1492 2747 suornm
1516 2687 1662 2747 scelerum

96 2778 233 2835 virtutem
248 2779 573 2852 admirantes‚eumque
587 2779 729 2836 adsidere
739 2797 785 2837 ex·
838 2781 926 2853 digna
948 2781 1131 2839 consessione
1153 2785 1280 2854 paracta.
1295 2784 1351 2838 Res
1365 2778 1431 2853 ipsa
1453 2778 1562 2836 hortari
1582 2777 1662 2835 vida·

95 2909 104 2936 ,
120 2867 229 2940 recepti
251 2871 330 2924 sunt.
347 2873 461 2940 ltaque,
477 2885 558 2925 more
573 2869 670 2934 solito,
688 2870 717 2926 S.
733 2870 783 2926 lo·
838 2870 934 2938 batur,
950 2870 1021 2942 quia
1034 2870 1102 2927 iude
1117 2886 1266 2927 summam
1281 2872 1346 2927 tum
1361 2868 1466 2925 anime
1479 2871 1543 2924 tum
1558 2880 1664 2942 corpo·

93 2955 178 3014 sebio
204 2958 307 3014 devote
322 2957 531 3030 humiliterque
555 2957 697 3030 osculato,
712 2959 783 3015 Are·
839 2957 879 3015 ris
894 2958 980 3016 uobis
1003 2959 1189 3017 vindicamus
1207 2958 1345 3026 salutem,
1360 2957 1480 3030 aliquod
1494 2957 1617 3013 verbum
1631 2955 1662 3013 in

93 3045 129 3103 eti
146 3045 293 3103 civitatem
317 3050 458 3119 petentes,
474 3046 598 3104 Joaunis
620 3047 783 3105 beatissimi
837 3046 914 3104 calce
928 3048 1019 3120 bulas
1034 3047 1169 3105 miraculi
1184 3049 1220 3104 de
1236 3048 1365 3121 perfecta
1385 3045 1568 3105 confessione
1582 3045 1664 3103 iecis-

95 3135 164 3209 iqne
178 3152 299 3192 narrare
314 3139 343 3192 et
366 3136 525 3209 predicare
541 3135 701 3205 miracula;
718 3153 782 3209 quae
837 3153 879 3206 se,
895 3138 1113 3211 opportunitate
1124 3142 1303 3204 oecurrente,
1319 3135 1376 3193 nisi
1400 3135 1470 3192 alibi
1494 3134 1561 3207 ipsa
1573 3132 1663 3192 latius

93 3248 107 3292 a,
118 3240 175 3281 non
190 3241 235 3292 ea,
251 3241 315 3296 qne
331 3225 438 3298 occepi,
455 3226 506 3282 sed
521 3242 585 3298 que
601 3225 695 3281 oculis
710 3225 779 3298 vidi,
796 3207 818 3276 G
837 3240 905 3282 cum
920 3224 1084 3282 intinctum
1107 3225 1193 3298 vulgo
1210 3223 1315 3282 litteris
1339 3223 1607 3282 mandavissemus.
1623 3223 1662 3279 llo

94 3328 168 3386 sque
190 3319 272 3385 sunt,
289 3322 321 3370 ut
345 3315 370 3370 si
395 3313 482 3371 velim
508 3313 608 3370 omnia
630 3313 785 3388 diligenter
838 3312 986 3387 inceptum
1000 3314 1037 3373 cd
1052 3329 1127 3387 epus
1141 3313 1306 3371 redeamus.

93 3405 280 3474 anatomicos
303 3419 392 3475 quam
408 3419 455 3458 res
470 3402 616 3459 maturius
640 3418 687 3458 me
701 3402 784 3459 dese·
1181 3405 1273 3458 PARS
1291 3400 1325 3457 X.

93 3505 127 3546 eo
149 3491 283 3564 quedam
306 3491 468 3548 illustriora
492 3491 639 3548 memoria
663 3492 786 3566 prodere
875 3489 937 3547 115.
960 3490 1016 3548 Sed
1039 3490 1151 3548 eisdem
1175 3491 1234 3548 tere
1253 3488 1436 3562 temporibus
1461 3487 1555 3561 puella
1583 3504 1663 3560 que·

93 3583 124 3636 et
136 3579 172 3636 de
186 3580 233 3638 bis
255 3581 383 3654 parcius,
400 3597 489 3653 quam
506 3597 553 3637 res
568 3580 633 3654 ipsa
648 3596 785 3654 exposce·
838 3579 906 3635 dam
933 3578 1103 3652 parentibus
1128 3579 1223 3636 solum
1239 3577 1459 3644 comitantibus,
1473 3575 1618 3650 templum
1631 3579 1662 3632 S.

93 3684 134 3725 cm
150 3685 229 3726 nunc
244 3671 280 3726 ad
296 3669 417 3742 reliqua.
526 3711 527 3714 ,
838 3668 933 3724 Maria
948 3667 985 3725 de
997 3667 1079 3725 Velle
1097 3667 1254 3737 Umbrosa,
1270 3666 1366 3742 gratia
1389 3667 1472 3724 bone
1486 3664 1663 3724 valetudinis

96 3756 201 3815 lteram
222 3758 376 3815 mulierem
403 3759 439 3815 de
463 3757 589 3831 Mugello
614 3759 690 3833 (165)
704 3759 784 3832 (para
839 3756 1042 3826 recuperande
1053 3757 1241 3823 adivitoued
1252 3757 1381 3831 proiecto
1391 3754 1569 3812 miraculum
1582 3755 1664 3829 (quia

117 3847 249 3912 Etruria,
265 3864 355 3920 quam
371 3846 498 3921 populus
523 3847 709 3905 Florentinus
733 3864 785 3921 per
839 3845 921 3918 pium
936 3845 1161 3918 miserabileque
1176 3846 1242 3916 fuit)
1258 3851 1292 3903 ut
1305 3845 1351 3903 vel
1365 3850 1436 3903 tunc
1449 3843 1573 3901 videndo
1588 3843 1663 3918 pari·

93 3941 150 3994 atus
164 3937 365 4007 administrat)
376 3938 505 3994 uidimus
520 3939 557 3994 ad
573 3938 626 3994 hoc
641 3942 670 3994 S.
687 3936 784 4014 Maria
837 3939 883 3991 ter
896 3951 975 3992 nunc
989 3933 1095 3992 litteris
1111 3935 1278 3993 mandando
1300 3933 1447 4009 lacrymas
1470 3932 1550 3991 baud
1564 3936 1663 3990 tenere

93 4024 171 4082 rium
183 4025 210 4082 vi
223 4027 352 4097 ductam,
362 4043 450 4100 quam
461 4027 617 4100 plebeculae
628 4026 684 4083 illae
700 4025 783 4082 adul·
838 4039 970 4096 possum.
983 4024 1062 4081 lianc
1078 4023 1194 4081 unicam
1210 4028 1346 4098 parentes
1360 4022 1528 4091 habebant,
1543 4037 1618 4095 quae,
1630 4024 1663 4077 ιιι

93 4130 117 4170 ιιι
141 4118 278 4186 corrupto
303 4115 422 4171 nomine
445 4113 555 4171 Bellum
578 4113 783 4188 appellabant;
838 4113 874 4170 ab
890 4113 964 4186 ipsis
977 4113 1145 4185 accepimus
1155 4112 1217 4186 (qui
1233 4129 1333 4171 revera
1345 4112 1414 4169 boni
1429 4110 1589 4184 fidelesque
1598 4125 1664 4168 essa

93 4203 317 4260 detentorem
337 4204 456 4260 nomino
471 4203 529 4260 dici
544 4204 691 4277 [solebat].
705 4204 784 4261 Hane
838 4202 1033 4273 videbantur;
1054 4206 1203 4270 ceterum,
1218 4205 1251 4260 ιιι
1272 4219 1319 4260 res
1334 4202 1400 4276 ipsa
1418 4202 1506 4276 paulo
1529 4205 1597 4274 post
1611 4202 1662 4257 dc·

94 4292 103 4348 i
118 4293 226 4365 speciei
241 4293 390 4350 invaserat
412 4294 539 4362 demon,
555 4294 610 4365 [ut]
625 4293 720 4365 facile,
742 4294 784 4349 di·
838 4290 968 4364 claravit,
985 4290 1064 4348 baud
1079 4293 1173 4364 erant)
1188 4292 1219 4347 in
1243 4291 1353 4349 teneris
1367 4290 1453 4348 suuis
1476 4294 1558 4348 ιιιιιι
1571 4289 1664 4348 animi

93 4379 146 4437 ilio
166 4381 315 4450 advocato,
333 4398 391 4437 non
416 4380 510 4438 multo
525 4381 685 4437 certamina
700 4382 783 4438 cede·
837 4380 943 4437 virtute
957 4380 1101 4438 instructa
1116 4381 1181 4451 luit,
1199 4384 1230 4438 ut
1245 4381 1386 4438 adversm
1400 4380 1502 4437 mundi
1516 4378 1663 4445 lascivias,

93 4468 129 4540 le,
145 4469 299 4526 monacbis
313 4469 393 4525 aliud
419 4469 602 4540 curantibus,
619 4474 683 4525 tum
697 4468 785 4525 iniret
838 4467 1001 4541 voluptates
1018 4473 1046 4525 et
1060 4468 1223 4534 illecebras,
1238 4485 1302 4542 que
1317 4468 1506 4541 quandoque,
1522 4467 1580 4524 uisi
1594 4466 1663 4538 quis

98 4556 150 4614 His
173 4556 264 4631 igitur
287 4557 524 4615 dissensionibus
549 4557 724 4614 creberrime
747 4559 783 4614 ab
799 4577 823 4644 D
838 4563 949 4627 caveat,
962 4574 1070 4632 corpus
1085 4559 1276 4630 animamque
1303 4556 1509 4614 miserabiliter
1522 4556 1662 4626 obruunt,

95 4662 207 4704 arnone
230 4648 314 4716 actis,
332 4647 546 4704 reversionibus
560 4646 662 4704 itidem
678 4647 785 4720 saepius
840 4646 962 4719 supplex
977 4645 1223 4719 bumilisVirgini
1238 4645 1335 4701 Moris
1347 4644 1462 4718 penitus
1474 4643 1573 4701 dedita
1587 4659 1662 4710 esse,

100 4736 165 4807 jam
191 4736 404 4793 monachorum
421 4736 511 4792 animi
526 4736 640 4810 fatigati
655 4737 759 4809 [erant]
776 4753 783 4793 ι
840 4750 939 4808 preces
955 4734 1155 4808 quamplures,
1171 4734 1325 4804 variasque
1349 4733 1506 4798 orationes,
1523 4748 1597 4805 quas
1611 4732 1664 4788 do·

93 4824 180 4882 tmoni
204 4826 318 4896 durius,
335 4825 382 4884 bis
399 4842 465 4883 vero
481 4824 632 4882 difficilius
647 4825 784 4881 monachi
840 4823 880 4879 mi
895 4822 1047 4895 didicerat,
1064 4824 1094 4879 in
1109 4821 1156 4879 sui
1171 4820 1312 4879 bonorem
1327 4821 1476 4894 decusque
1489 4821 1606 4895 singulo
1616 4821 1664 4879 die

95 4915 241 4971 nituntur.
260 4916 361 4988 ltaque
376 4931 411 4972 en
433 4918 500 4972 voto
515 4919 544 4972 et
559 4913 704 4988 sententia
719 4930 784 4970 om·
838 4910 1092 4980 emittera,omnes
1106 4911 1200 4985 ipsius
1210 4907 1327 4983 vigiliae
1341 4910 1526 4968 indictasseu
1542 4909 1664 4969 minime

93 5007 133 5061 ter
147 5021 179 5061 se
205 5004 277 5060 inito
295 5004 614 5078 consilio,·siugulares
637 5002 785 5077 supplica·
839 5017 914 5074 pane
928 5004 1043 5058 tantum
1066 4999 1243 5074 lutuosaque
1257 5017 1335 5073 aqua
1363 5000 1661 5074 coutentajejunare;

93 5093 157 5151 ,omi
172 5093 301 5166 serisque
323 5094 408 5166 flunt,
423 5095 460 5150 ad
474 5093 535 5149 hec
559 5092 709 5150 communi
724 5108 786 5149 om·
839 5106 934 5163 neque
949 5088 1155 5163 salem,neque
1169 5088 1506 5164 aliairritamentegula
1522 5105 1661 5163 quarere,

93 5181 183 5255 ngulo
209 5182 266 5250 die,
283 5182 421 5240 diuturno
445 5199 513 5240 cum
529 5183 557 5241 S.
574 5183 697 5240 loannis
715 5182 784 5239 bra·
838 5196 891 5236 nec
905 5179 1002 5236 virum
1017 5180 1136 5247 ducere,
1151 5196 1204 5236 nee
1218 5196 1320 5237 eorum
1334 5179 1427 5237 visere
1441 5177 1663 5252 spectaculavel

93 5273 118 5327 ιο
133 5270 302 5327 certamine.
839 5271 1009 5340 conventus,
1018 5271 1155 5326 ceterum
1167 5285 1217 5325 eos
1230 5284 1367 5342 spernere
1382 5272 1433 5324 aut
1446 5268 1558 5341 lugere,
1572 5267 1597 5324 si
1609 5267 1662 5324 do·

95 5374 194 5416 emum
210 5359 478 5429 diabolus,meritis
493 5359 614 5417 loannis
625 5359 654 5415 iu
668 5358 783 5431 primis,
838 5373 920 5414 mum
936 5357 1215 5430 peterent,latebras
1227 5357 1415 5430 inquirerent
1429 5354 1514 5430 plura
1527 5355 1585 5414 alia
1598 5373 1663 5431 quse

93 5444 1278 5523 mmmmmmmmmmmfflm-mwmmmmwmm

93 5555 333 5630 'apelleneveltia
343 5557 428 5630 vulgo
443 5557 469 5613 il
479 5556 606 5626 liopello,
618 5558 784 5612 esttractus
837 5552 1024 5626 Apenninum
1039 5558 1168 5612 montem
1195 5554 1231 5609 ad
1252 5553 1493 5627 septentrionem,
1508 5558 1661 5613 eternum

93 5628 139 5686 tin
150 5643 220 5702 agro
232 5628 397 5687 Florentino
410 5629 446 5687 ad
456 5630 561 5687 Seram
571 5627 784 5705 fluvium,inter
838 5626 960 5686 fluvium
976 5626 1012 5684 ad
1027 5625 1190 5685 meridiem.
