3884 6090
113 328 176 395 3l3
736 333 853 397 LlDllll
876 334 1201 401 Peovueulofttttt.
1761 335 1822 398 dil

151 462 249 523 Gloria
262 465 417 522 mundana
431 463 522 524 nullis
536 469 581 525 ost
593 484 714 540 prorsus
730 469 866 526 amanda.
954 473 982 539 A
1032 467 1154 526 immitit
1168 466 1289 542 angelus
1303 467 1420 527 Domini
1441 466 1471 524 in
1496 467 1620 526 circuitu
1648 467 1818 527 timentium

148 553 249 613 Gratia
263 553 329 612 sole
342 555 393 612 Dei
408 572 482 628 quos
496 555 559 613 vult
573 556 642 614 fecit
654 556 714 614 elta
729 557 844 614 mereri.
996 573 1074 627 eum,
1086 563 1115 614 et
1130 557 1233 630 eripiet
1248 574 1309 615 eos.

428 671 543 727 CAPUT
557 672 632 729 vm·
1027 647 1111 704 Jeota
1125 663 1214 720 super
1236 645 1394 705 Dominum
1417 663 1519 705 curam
1542 651 1635 715 tuem,
1666 651 1695 705 et
1709 647 1773 722 ipse
1788 650 1819 707 te

994 737 1133 806 enutriet,

1029 826 1059 883 lu
1077 826 1134 882 Deo
1151 825 1292 882 faciemus
1319 824 1468 897 virtutem,
1483 828 1512 882 et
1538 823 1602 899 ipse
1630 827 1665 883 ad
1691 825 1816 885 nibilum

994 915 1118 972 deducet
1131 913 1268 971 inimicos
1284 917 1413 971 nostros.

1028 1004 1132 1061 iustus
1147 1019 1189 1071 es,
1204 1003 1338 1070 Domine,
1352 1007 1382 1058 et
1395 1006 1507 1059 rectum
1518 1002 1665 1076 Judicium
1678 1008 1775 1061 tuum.

1027 1093 1131 1150 Justus
1146 1098 1179 1149 ut
1194 1093 1292 1166 palma
1305 1092 1421 1150 florebit
1435 1096 1468 1149 ut
1482 1092 1586 1148 cedrus
1600 1091 1702 1149 Libani
1717 1092 1816 1150 multi·

992 1179 1160 1253 plicabitur.

1028 1271 1060 1326 ln
1077 1271 1220 1327 memorie
1247 1274 1355 1327 esterna
1381 1269 1437 1326 erit
1459 1270 1574 1342 justus,
1604 1269 1640 1326 ab
1667 1270 1816 1329 auditione

992 1358 1072 1416 male
1088 1376 1145 1416 non
1161 1359 1288 1416 timebit.

1027 1447 1059 1504 ln
1074 1447 1216 1520 patientie
1229 1451 1326 1505 vestre
1341 1446 1532 1521 possidebitis
1547 1447 1662 1504 animes
1690 1452 1814 1506 vestras.

1025 1535 1180 1593 iustorum
1195 1539 1302 1594 semite
1312 1537 1397 1609 quasi
1413 1536 1462 1594 lux
1472 1535 1630 1608 splendens
1641 1536 1816 1608 prbcedit,et

991 1624 1096 1681 crescit
1112 1641 1206 1697 usque
1220 1626 1257 1682 ad
1272 1626 1433 1698 perfectum
1448 1624 1537 1681 diem.

1025 1712 1176 1770 iudicium
1190 1713 1386 1770 durissimum
1400 1713 1430 1770 in
1446 1714 1494 1771 hie
1509 1712 1560 1787 qui
1574 1717 1716 1787 preeunt,
1732 1713 1793 1772 flet.

1027 1801 1138 1874 impius
1154 1819 1222 1858 oum
1235 1802 1266 1858 in
1281 1802 1463 1875 profundum
1488 1804 1675 1874 peccatorum
1690 1804 1814 1877 venerit,

990 1890 1162 1947 contemnit.

1027 1978 1058 2034 ln
1074 1977 1247 2036 malevolam
1261 1978 1392 2036 enimam
1417 1994 1475 2035 non
1499 1977 1632 2036 introibit
1658 1979 1814 2054 sapientie,

991 2082 1043 2124 nec
1058 2067 1205 2124 habitabit
1218 2067 1249 2124 in
1264 2084 1383 2141 corpore
1399 2067 1516 2125 subdito
1531 2067 1671 2140 pcccatis.

1026 2156 1139 2213 Invidia
1153 2156 1263 2215 diaboli
1280 2173 1360 2214 mors
1371 2156 1491 2214 intravit
1504 2155 1535 2213 in
1543 2156 1644 2214 orbem
1654 2160 1812 2216 murorum.

1025 2245 1163 2302 lnfernus
1173 2249 1202 2302 et
1215 2245 1340 2319 perditio
1355 2261 1454 2303 coram
1469 2244 1593 2303 Domino
1609 2263 1616 2314 ;
1634 2250 1814 2319 quantoma-

990 2332 1037 2406 gis
1051 2335 1138 2390 corda
1152 2333 1282 2391 filiorum
1297 2333 1452 2391 homiuum
1470 2336 1475 2391 Ι

1027 2423 1106 2480 Inter
1120 2423 1263 2496 superbos
1277 2438 1394 2495 semper
1409 2422 1510 2495 jurgio
1537 2425 1607 2480 sunt
1622 2440 1629 2479 ε
1645 2423 1697 2495 qui
1712 2427 1812 2482 eutem

991 2515 1098 2569 cuncta
1112 2514 1204 2586 agunt
1218 2511 1352 2583 consilio,
1368 2514 1511 2585 reguntur
1525 2509 1680 2585 rapientia.

1027 2599 1131 2657 fustus
1146 2617 1181 2658 ex
1195 2601 1252 2657 fide
1267 2600 1348 2657 vivit.

1027 2693 1060 2745 ln
1075 2689 1212 2747 omnibus
1226 2689 1363 2762 operibus
1378 2689 1439 2746 tuis
1461 2704 1624 2746 memorare
1638 2688 1809 2761 nouissime,

990 2780 1019 2834 et
1033 2777 1064 2834 in
1080 2783 1222 2836 eternum
1237 2795 1295 2836 non
1311 2777 1456 2850 peccabis,

1027 2867 1147 2924 Initium
1159 2867 1256 2925 omnis
1271 2866 1381 2940 peccati
1396 2865 1545 2939 superbie.

1026 2956 1059 3011 ln
1075 2956 1134 3012 fine
1147 2955 1277 3013 hominis
1290 2954 1449 3013 denudatio
1465 2967 1587 3028 operum
1601 2955 1676 3027 ejus.

1026 3046 1060 3100 In
1075 3045 1123 3100 die
1137 3045 1282 3101 bonorum
1296 3059 1334 3100 ne
1347 3043 1503 3101 immemor
1515 3043 1557 3100 sis
1572 3042 1728 3102 malorum.

146 777 238 834 Domo
256 775 334 833 sicut
348 777 460 848 fenum,
477 777 540 835 dies
555 779 620 850 ejus
635 782 778 852 tanquam
794 780 847 837 flos
864 781 937 854 agri.

144 869 252 934 Homo,
269 881 335 921 cum
351 865 380 921 in
394 867 504 923 honore
517 870 604 938 esset,
631 873 819 941 comparatus
835 871 938 942 estju·

109 954 219 1011 ruentis
235 954 457 1027 insipientibus,
472 959 500 1012 et
515 954 622 1012 similis
638 957 733 1014 factus
747 962 793 1013 est
808 956 877 1014 illis.

144 1042 239 1098 Homo
253 1043 377 1100 vanitati
393 1042 498 1101 similis
511 1044 605 1101 fectus
621 1049 666 1102 est
682 1061 688 1101 :
706 1045 770 1102 dies
780 1045 845 1118 ejus
861 1047 939 1104 sicut

111 1131 218 1188 umbra
232 1136 422 1204 pratereuut.

146 1219 226 1275 llebs
242 1220 383 1277 fiduciam
398 1218 428 1277 in
444 1219 568 1277 Domino
584 1235 618 1277 ex
633 1222 795 1278 totocorde
807 1225 869 1279 tuo.

110 1310 203 1365 Domo
218 1307 300 1365 videt
315 1309 344 1365 in
362 1309 446 1382 fecie,
462 1310 540 1367 Deus
555 1314 656 1366 autem
670 1310 802 1367 intuetur
816 1328 874 1368 cor.

147 1396 308 1454 Hereditas
323 1399 359 1454 ad
378 1414 468 1470 quam
494 1397 651 1455 festinatur
678 1399 708 1455 in
737 1400 890 1474 principio,
907 1401 936 1457 in

112 1485 272 1542 noussimo
287 1485 491 1544 benedictione
503 1487 623 1544 carebit.

142 1573 263 1631 Honore
279 1574 439 1632 Dominum
454 1577 489 1632 da
505 1579 556 1632 tua
571 1576 748 1647 substantie,
764 1582 793 1634 et
818 1580 854 1635 de
875 1580 937 1652 pri-

111 1661 196 1720 mitiis
209 1663 331 1737 frugum
346 1669 467 1722 tuarum
481 1665 520 1721 da
535 1664 725 1739 pauperibus.

139 1751 232 1809 Homo
249 1753 384 1809 nescitur
395 1756 431 1810 ad
445 1753 587 1825 laborem,
603 1754 665 1810 avis
679 1755 714 1810 ad
730 1754 873 1813 volutum.

142 1839 350 1898 Humilinmini
366 1842 423 1898 sub
438 1841 550 1914 potenti
566 1859 656 1899 mnnu
671 1845 732 1911 Dei,
747 1848 780 1900 ut
793 1860 846 1902 vos
856 1843 937 1902 exul·
950 1844 976 1911 Β

117 1931 152 1985 tet
165 1928 194 1985 in
211 1933 344 2004 tempore
363 1930 551 1988 visitationis.

146 2016 276 2075 Hilarem
290 2020 424 2076 datorem
438 2018 534 2092 diligit
547 2019 636 2076 Deus.

147 2111 222 2164 flora
236 2109 360 2180 estjam
375 2125 430 2165 nos
444 2109 480 2165 de
495 2125 598 2166 somno
612 2124 743 2184 surgere.

147 2195 320 2253 Dereticum
345 2197 496 2254 hominem
520 2201 588 2271 post
608 2214 698 2255 unam
720 2202 750 2256 et
776 2200 935 2257 secundum

118 2285 324 2359 eorreptionem
340 2287 445 2343 devito.

148 2374 332 2433 llorrendum
348 2378 393 2432 est
407 2375 536 2432 incidere
551 2375 582 2431 iu
598 2391 705 2434 manus
717 2376 779 2434 Del.

149 2463 204 2521 lloe
219 2469 267 2522 est
282 2463 417 2522 funditus
434 2482 451 2522 a
466 2462 543 2521 malo
558 2465 703 2538 recedere,
728 2483 763 2523 ex
777 2481 875 2523 amore
885 2466 937 2523 Dei

119 2550 169 2622 fan
184 2551 263 2610 nolle
275 2569 407 2626 peccare.

148 2640 317 2700 Humanum
332 2646 377 2701 est
391 2657 521 2717 peccare,
536 2641 716 2700 diabolicum
729 2657 796 2700 vero
811 2648 855 2700 est
870 2660 936 2717 per·

125 2743 252 2787 eremo.

149 2821 203 2876 Hoc
219 2819 321 2877 studio
337 2817 466 2876 converti
482 2819 610 2892 quisque
624 2819 710 2877 debet
725 2820 761 2876 ad
776 2820 862 2889 bona,
878 2837 936 2894 quo

124 2912 246 2980 operatus
260 2912 308 2965 est
322 2908 410 2965 mala.

149 2997 278 3054 Haerebat
287 2997 438 3072 jngiteriu
454 2997 540 3055 malis
555 2998 570 3053 t
583 3001 746 3055 Conversus
762 2998 936 3056 faciatidom

126 3082 148 3140 in
159 3085 250 3143 bonis.

127 3172 289 3318 mllonorem
304 3177 334 3232 et
347 3174 518 3249 imperinm,
534 3177 560 3232 si
573 3175 617 3232 vis
633 3174 751 3247 babere,
779 3176 855 3233 dabo
882 3176 935 3234 tibi
951 3207 973 3275 c
1027 3223 1060 3278 ln
1074 3221 1228 3278 desideriis
1238 3225 1284 3277 eet
1298 3220 1395 3277 omnis
1409 3219 1531 3276 otiosus·

148 3279 262 3337 agnum

149 3350 167 3409 Η
372 3353 448 3410 Μ
499 3353 505 3365 .
614 3353 635 3411 t.
696 3353 715 3409 b
824 3357 836 3410 t
1024 3311 1057 3367 ln
1072 3309 1153 3366 omni
1167 3307 1230 3366 loco
1244 3309 1322 3366 oculi
1335 3305 1452 3365 Domini
1468 3306 1704 3380 contemplantur
1717 3307 1811 3366 bonos

125 3357 370 3499 cnfssfmem
393 3369 693 3411 rreasrncuncrsre
717 3366 822 3410 ussun
850 3370 936 3427 appe·
988 3397 1134 3456 emulos·
1614 3401 1618 3407 .

1023 3487 1056 3543 ln
1069 3485 1208 3543 omnibus
1222 3483 1413 3542 exhibeamus
1432 3500 1486 3540 nos
1512 3482 1653 3556 metipsos
1668 3481 1745 3541 sinte
1758 3483 1810 3543 Dei

988 3575 1150 3633 ministros.

1023 3663 1186 3721 Invisibilia
1199 3662 1260 3732 Dei,
1276 3678 1328 3736 par
1342 3678 1377 3720 ea
1390 3677 1454 3735 que
1465 3661 1543 3719 facte
1554 3664 1634 3720 sunt.
1651 3660 1809 3729 intellecta,

987 3752 1220 3825 conspiciuntur.

985 3906 999 3921 .
1022 3842 1143 3898 Infirma
1156 3839 1260 3896 mundi
1274 3839 1362 3913 elegit
1375 3840 1462 3912 Deus,
1478 3843 1512 3897 ut
1525 3839 1687 3897 confundat
1709 3838 1805 3897 fortio.

1021 3929 1142 3987 Initium
1152 3930 1296 3986 bonorum
1312 3929 1456 3986 confessio
1471 3933 1517 3986 est
1531 3927 1689 3986 melorum.

1022 4019 1174 4075 Incassum
1188 4033 1254 4074 caro
1278 4016 1431 4090 affligitur,
1452 4017 1477 4073 si
1499 4033 1584 4075 meus
1608 4016 1809 4091 voluptatibus

986 4122 1045 4165 nou
1059 4106 1229 4164 reluctatur.

1020 4194 1099 4253 Justi
1117 4193 1292 4252 vocabulum
1308 4211 1366 4252 nou
1382 4194 1491 4267 amittit
1505 4195 1556 4269 qui
1570 4213 1622 4270 pro
1637 4194 1809 4270 penitentia

986 4284 1251 4358 semperresurgit.

1019 4373 1170 4446 Jejunium
1187 4390 1245 4429 non
1260 4377 1305 4430 est
1320 4373 1447 4445 perfecte
1459 4373 1563 4444 virtus,
1592 4374 1643 4431 aad
1665 4373 1810 4431 virtutum

985 4462 1146 4520 multarum
1161 4463 1399 4519 fundamentum.

944 4573 968 4639 D
1020 4551 1144 4610 Intentio
1159 4568 1295 4624 perverse
1323 4554 1451 4608 meretur
1479 4550 1556 4607 utin
1584 4550 1641 4621 die,
1672 4550 1750 4607 sicut
1776 4551 1807 4607 in

984 4647 1069 4701 noete
1083 4658 1179 4699 errare
1194 4640 1389 4713 permittatur.

1018 4731 1034 4788 J
1038 4731 1139 4788 ustitia
1152 4730 1283 4786 humana
1298 4732 1359 4785 tom
1370 4726 1482 4801 fragilis
1496 4732 1551 4801 est,
1560 4726 1696 4800 utpotius
1705 4727 1807 4786 remis·

982 4819 1064 4877 sione
1078 4822 1263 4892 peccatorum
1288 4820 1403 4874 constet
1431 4833 1521 4890 quem
1542 4816 1720 4892 perfectione
1747 4816 1805 4876 vir·

980 4914 1088 4967 tutum.

1016 4996 1188 5056 Innocentis
1200 5012 1270 5053 vere
1283 5001 1338 5066 ast,
1351 5012 1413 5068 quse
1428 5013 1482 5055 neo
1496 4995 1618 5055 sibinen
1632 4995 1698 5055 aliis
1709 5000 1804 5055 uocet.

1025 3135 1059 3189 In
1074 3131 1260 3205 multiloquio
1275 3137 1428 3204 peccatum
1442 3147 1501 3190 non
1516 3132 1618 3190 deerit.

149 3532 242 3588 Honor
254 3531 316 3588 Deo
331 3530 480 3589 exhibitus
495 3531 645 3589 exibentes
659 3534 767 3587 eterna
781 3530 875 3604 gloria
888 3530 935 3588 di-

124 3631 180 3690 gnos
191 3620 273 3677 facit.

149 3707 295 3767 Honorere
310 3713 448 3783 parentes
464 3710 500 3766 ad
516 3725 619 3767 omnes
633 3708 760 3783 pertinet
769 3707 915 3766 homines.

147 3795 312 3856 llnmilibus
327 3803 357 3856 et
370 3797 509 3856 fidelibus
524 3797 628 3855 divine
641 3798 716 3871 legis
732 3798 871 3871 mysterio
885 3814 936 3872 pa·

121 3886 177 3957 tent,
192 3888 340 3962 superbos
355 3892 454 3947 eutem
470 3891 498 3944 et
513 3886 648 3944 infideles
664 3886 765 3944 latent.

145 3974 279 4034 llomines
296 3976 364 4050 plus
378 3992 468 4050 quam
484 3976 577 4032 Deum
591 3975 695 4033 timere
719 3992 778 4033 non
802 3979 848 4033 est
866 3975 932 4033 reli-

121 4061 198 4135 dous
211 4066 399 4123 christiane.

145 4153 234 4214 ileres
248 4158 278 4213 st
295 4154 481 4228 propinquus
496 4157 541 4211 est
555 4153 718 4227 spiritualis
735 4153 859 4211 amicus.

146 4241 241 4301 llostie
254 4248 342 4318 grate
357 4243 407 4301 Dei
422 4260 481 4300 non
495 4243 592 4300 velem
607 4242 730 4316 potiora.

145 4329 218 4391 telle
232 4334 347 4391 bonum
362 4338 475 4400 teneas,
492 4336 521 4389 et
535 4331 651 4388 nullum
665 4331 770 4389 laedere
789 4348 912 4403 quaeras.

146 4418 284 4481 timenus
301 4422 424 4479 extremi
439 4421 685 4495 fiuntsaepissime
696 4419 795 4493 primi.

148 4506 198 4567 llos
212 4528 288 4585 qnos
304 4510 407 4568 lusisti
422 4510 508 4568 citius
520 4511 636 4585 placore
651 4513 809 4566 memento.

149 4596 263 4657 Horrida
275 4598 355 4657 bella
369 4599 454 4673 gerit,
469 4599 520 4673 qui
535 4599 616 4673 pacis
631 4599 739 4656 foedera
752 4597 874 4672 spernit.

148 4688 258 4746 lfoetem
274 4689 558 4762 perDominnm,sed
568 4688 636 4746 etin
650 4705 681 4745 se
692 4687 780 4761 dilige
795 4685 927 4745 cherum.

148 4772 188 4834 llio
200 4778 392 4836 venerandus
406 4777 462 4834 erit
478 4777 528 4849 qui
541 4777 653 4851 Jugiteo
669 4775 781 4849 optima
795 4777 908 4849 querit.

148 4862 196 4922 ileu
210 4882 303 4940 quam
316 4882 385 4922 rere
394 4866 468 4923 fides
481 4866 711 4938 reperiturnuno
721 4865 799 4939 apud
810 4865 928 4923 omnes?

148 4950 284 5014 llarentes
299 4959 383 5014 torre
399 4959 550 5028 nequeunt
565 4955 652 5012 subdi
666 4954 797 5013 theorias.

427 5070 545 5128 CAPUT
559 5072 606 5127 lx·
1015 5086 1179 5146 Iracundus
1193 5103 1261 5143 cum
1277 5084 1344 5142 eliis
1355 5085 1441 5142 irasci
1457 5085 1586 5159 desierit,
1601 5090 1672 5143 tunc
1686 5085 1806 5144 sibimet

149 5173 259 5245 Initium¹
270 5178 424 5254 sapientise
434 5180 523 5238 timor
537 5177 663 5236 Domini.
981 5177 1107 5235 maxime
1121 5175 1268 5232 irascitur.

149 5262 305 5326 intellectus
319 5268 416 5327 bonus
431 5269 570 5326 omnibus
585 5267 758 5325 timentibus
773 5282 851 5324 eum.
1017 5263 1308 5333 iracundus,etiamsi
1318 5268 1469 5322 mortuum
1481 5263 1688 5334 suscitet,nulli
1697 5261 1803 5336 plecet,

149 5351 306 5416 incircuitu
320 5357 406 5432 impii
421 5357 586 5415 ambulent.
1014 5353 1194 5412 infeliciores
1209 5357 1280 5412 sunt
1294 5353 1374 5422 meli,
1390 5369 1460 5411 oum
1492 5353 1590 5425 cupita
1616 5350 1803 5425 perfecerint,

148 5440 221 5503 Juxta
235 5451 282 5505 est
297 5447 440 5505 Dominus
455 5447 503 5505 his
516 5446 568 5521 qui
582 5446 720 5504 tribulato
736 5449 805 5503 sunt
826 5446 923 5514 corde,
979 5461 1068 5519 quam
1084 5443 1109 5501 si
1125 5460 1160 5501 ee
1172 5461 1235 5518 quse
1250 5443 1375 5518 cupiunt
1389 5442 1509 5514 implere
1524 5458 1582 5497 non
1597 5443 1728 5514 possent.

116 5529 267 5595 otiantes
280 5536 390 5611 spiritu
405 5536 540 5595 salvabit.
1013 5533 1190 5592 infeliciores
1205 5538 1286 5603 sunt,
1302 5532 1353 5607 qui
1370 5531 1491 5600 faciunt,
1507 5547 1596 5606 quam
1616 5531 1666 5607 qui
1682 5529 1801 5608 patiun-

141 5621 248 5686 Judicia
261 5626 384 5687 Domini
398 5643 477 5698 uera,
488 5626 652 5701 justificata
666 5625 697 5684 in
710 5622 891 5701 nuncupes„
977 5628 1027 5683 tur
1040 5622 1191 5697 injuriam.
