3892 6096
784 290 888 357 VITA.
1627 300 1688 363 qu

93 426 108 483 d
122 425 232 483 mirum
247 425 273 483 si
287 426 479 500 Omnipotens
494 425 550 483 sibi
573 425 746 498 hujusmodi
763 443 808 483 rs-
823 428 852 495 Α
866 430 954 482 tatem
969 441 1021 499 per
1034 432 1118 485 notos
1134 433 1162 486 et
1176 430 1287 488 amicos
1301 431 1457 508 diligenter
1470 432 1602 506 inquirit,
1616 435 1687 507 quid

93 517 147 573 iam
162 532 214 589 per
227 515 387 590 imaginem
416 532 476 572 suu
507 515 604 571 crucis
633 515 812 571 tunorcfuit
866 514 1045 573 defllicsuo
1062 518 1618 580 laetumessetsciredesideraos.Per
1641 539 1688 580 ec·

93 604 126 676 ri,
140 619 228 678 quem
244 621 299 661 suo
313 604 411 661 timori
428 604 591 674 subditum,
603 603 744 676 obsequio
758 605 810 660 de·
865 603 970 660 ctesias
985 620 1103 679 quoque
1118 607 1297 680 discurrens,
1309 611 1345 665 ad
1362 611 1574 668 monasterium
1589 612 1686 669 Sancti

106 693 366 767 circepronimum
381 693 811 751 visceribuscharitetisundi·
867 691 1284 752 Miniatisveuienseumdem
1314 697 1444 770 inquirit.
1476 699 1550 764 Doid
1571 698 1689 756 multat

93 798 181 840 enom
194 782 291 838 sidit?
306 784 372 855 lpse
388 799 419 839 se
434 787 569 839 amantes
581 786 671 852 amat,
682 782 810 838 servien—
866 780 1275 840 Dumiflioeseeflliumsuum
1286 785 1504 858 nuditetipeum
1512 787 1690 846 monasticas

93 874 225 941 uouerat,
249 887 340 944 seque
363 872 561 945 glorificantes
584 870 737 945 gandeat.
762 871 814 927 Do·
866 871 1050 929 vestesvelfe
1065 874 1225 945 suscipere,
1250 874 1426 930 Gualbertus
1451 881 1534 949 rogat
1553 877 1689 935 abbatem

93 976 291 1033 erooruxprc
320 960 427 1017 indicio
455 961 530 1017 tanti
559 958 737 1017 miraculiiu
754 975 812 1015 mo·
867 960 1160 1018 utflfiomsuumad
1176 963 1319 1018 seducat.
1335 963 1433 1019 Abhus
1457 968 1567 1032 autem,
1583 967 1619 1022 ad
1640 967 1689 1023 ic·

93 1048 230 1108 ieSaueti
246 1049 814 1123 Mioiatisnuuc(1)usquesobmulte
867 1065 975 1106 aunem
991 1051 1171 1124 regrediens,
1188 1052 1336 1121 admonet,
1353 1054 1386 1106 ut
1414 1052 1450 1108 ad
1480 1056 1593 1125 patrem
1612 1070 1691 1128 egre·

93 1143 260 1199 sumatur.
870 1138 977 1195 diatur.
994 1139 1046 1196 Cui
1060 1140 1190 1197 ioannes
1204 1140 1321 1213 iuquit:
1339 1162 1354 1193 s
1369 1139 1443 1204 Duid
1459 1141 1692 1209 diois,dominei

311 1227 428 1284 CAPUT
443 1227 491 1283 fV.
867 1225 1021 1285 Cemalem
1038 1233 1151 1301 petrem
1170 1234 1334 1301 cunctaque
1361 1228 1532 1286 transitoria
1559 1230 1692 1288 deserere

93 1316 169 1375 iulus
184 1320 282 1374 autom
297 1316 414 1373 Domini
430 1316 484 1373 hoc
508 1316 623 1385 videns,
639 1316 812 1382 admiratus,
868 1316 1011 1388 disposui,
1023 1322 1053 1373 et
1060 1317 1165 1385 Deum,
1176 1317 1226 1390 qui
1242 1333 1290 1373 me
1304 1318 1476 1390 creavit,per
1486 1319 1585 1375 omnia
1595 1320 1690 1393 sequi,

95 1406 261 1481 inpavidus
274 1405 477 1478 factus‚coepit
491 1420 592 1463 seeum
607 1406 734 1480 rogitare
745 1421 815 1478 quo·
868 1411 981 1479 patrem
996 1422 1064 1463 vero
1079 1422 1177 1463 meum
1191 1408 1226 1462 ad
1242 1407 1297 1463 hcc
1309 1407 1425 1463 venisse
1439 1423 1592 1480 cognosco,
1603 1411 1634 1466 ut
1644 1424 1692 1467 me

93 1494 379 1571 poeeetmefiusDeo
390 1495 509 1562 servire,
521 1496 643 1552 credens
656 1499 685 1552 et
706 1495 737 1553 in
754 1495 815 1552 eui·
869 1495 904 1552 de
919 1497 1098 1554 monasterio
1112 1500 1208 1564 eruat,
1223 1497 1249 1553 si
1274 1496 1410 1568 potuerit,
1427 1501 1456 1552 et
1479 1497 1515 1552 ad
1539 1497 1692 1555 secularia

93 1584 233 1657 osupius
247 1582 384 1640 evolvens
399 1588 511 1655 quanta
521 1584 596 1641 foret
611 1585 815 1656 premierece·
868 1584 932 1641 sios
947 1600 1031 1641 more
1044 1585 1176 1642 redueat.
1193 1606 1207 1634 u
1222 1585 1296 1641 Com
1312 1590 1410 1641 autem
1426 1584 1487 1641 heo
1510 1591 1602 1659 pater,
1619 1586 1692 1644 feris

93 1672 142 1730 itu
154 1670 238 1742 emto,
254 1672 278 1728 ei
294 1671 418 1728 Domino
433 1688 486 1745 pro
508 1672 620 1729 viribus
645 1673 814 1743 deserviret,
869 1677 1041 1746 exspectaus
1056 1673 1204 1741 abbatem,
1226 1672 1352 1744 audiret,
1369 1671 1457 1746 eoepit
1472 1672 1599 1729 turbatis
1614 1675 1692 1731 voci·

93 1766 182 1819 utum
209 1766 332 1833 tamque
355 1760 527 1832 preclaram
561 1761 738 1818 miraculum
761 1778 814 1835 pro
869 1762 925 1818 has
940 1762 1101 1828 clamitare,
1117 1760 1450 1818 multasemcnesterio
1472 1761 1624 1819 illaturum
1639 1764 1690 1821 ad·

93 1850 245 1922 obsequio,
256 1850 334 1906 sicut
347 1849 374 1906 ei
387 1849 551 1916 videbatur,
567 1850 741 1923 apparuisse
763 1866 813 1906 co·
868 1867 961 1922 seres,
977 1850 1034 1908 nisi
1047 1849 1127 1907 filius
1146 1849 1225 1906 iflico
1240 1851 1422 1907 redderetur.

93 1944 141 1997 rat.
151 1938 303 2012 Disposuit
313 1939 412 2011 itaque
421 1938 500 1994 intra
510 1939 702 2011 semetipsum
713 1938 814 1995 odium
1184 1938 1302 1995 CAPUT
1316 1938 1377 1994 fo.

93 2026 281 2099 iccacipere,
295 2029 445 2081 terraneos
460 2025 586 2082 honores
601 2026 751 2099 falsasque
770 2026 814 2081 di·
905 2031 1018 2085 luteres
1030 2028 1076 2083 vir
1089 2027 1207 2084 Domini
1235 2026 1364 2083 ioannes
1392 2026 1518 2084 salutem
1548 2045 1646 2099 suam,
1664 2037 1693 2087 et

93 2116 157 2189 ejus
172 2131 294 2188 prorsus
323 2114 459 2203 abjicere,
477 2131 510 2171 eo
539 2113 663 2171 sollicite
687 2115 815 2188 cogitare
869 2118 1052 2191 propositum
1074 2115 1235 2173 accelerare
1264 2115 1444 2187 desiderans,
1468 2116 1694 2192 intelligensque

93 2204 210 2279 tgforia
219 2204 321 2276 justis,
343 2206 454 2275 quanta
468 2220 554 2275 prena
568 2204 756 2277 promittatur
770 2205 814 2261 in·
869 2207 1007 2263 minasac
1017 2203 1145 2261 furorem
1156 2204 1429 2277 patrisaocrescere,
1446 2221 1546 2261 secum
1563 2208 1693 2280 cogitare

104 2309 195 2367 quam
209 2307 318 2349 venum
334 2294 374 2348 sit
384 2308 467 2366 spem
481 2293 512 2348 in
526 2293 646 2350 caducis
660 2294 748 2350 rebus
764 2309 814 2366 po·
870 2296 957 2368 erepit
973 2311 981 2351 τ
996 2316 1011 2346 «
1023 2296 1115 2366 Aque
1128 2294 1237 2366 diguus
1249 2292 1379 2364 accipere
1392 2293 1474 2349 valeo
1489 2299 1624 2351 sanctum
1639 2295 1692 2353 ha·

95 2384 169 2453 mus,
186 2385 296 2456 etpost
311 2383 426 2439 uternis
441 2381 596 2455 suppliciis
611 2383 774 2455 subjacere.
869 2385 976 2455 bitum,
992 2398 1081 2456 quam
1095 2383 1131 2439 ab
1144 2380 1240 2449 aluo,
1255 2381 1285 2436 in
1301 2397 1359 2453 quc
1373 2380 1480 2438 Christi
1501 2384 1623 2457 sanguis
1638 2385 1692 2442 im·

320 2471 437 2528 CAPUT
450 2471 485 2528 V.
871 2473 1001 2531 molatur
1014 2476 1043 2529 et
1057 2470 1211 2527 sumitur?
1225 2491 1240 2521 o
1256 2470 1384 2526 Cernens
1399 2484 1467 2543 ergo
1484 2470 1571 2528 unius
1594 2474 1692 2532 fratris

93 2578 106 2621 a
133 2560 214 2634 talia,
245 2561 433 2634 progrediens
462 2561 566 2618 itinere
593 2577 651 2634 quc
666 2562 815 2635 tendebat,
871 2557 1692 2631 cucullamtuncseorsumpositam,tollenseam,eocle·

93 2651 252 2725 coemtore,
267 2651 440 2722 venitjuxta
455 2650 612 2723 civitatem,
624 2650 675 2707 ubi
691 2651 753 2709 suis
768 2668 816 2708 ar·
871 2652 945 2708 siam
960 2651 1134 2708 festinanter
1147 2648 1322 2722 ingreditur,
1337 2663 1451 2704 cumam
1467 2647 1524 2705 sibi
1539 2649 1635 2723 primo
1647 2655 1693 2709 to·

93 2741 116 2798 is
130 2739 303 2814 precipiens
319 2740 378 2795 ait:
400 2739 514 2812 Pergite
530 2740 566 2795 ad
586 2739 749 2812 hospitium
766 2740 816 2797 ahi
870 2740 976 2807 tondit,
992 2756 1027 2797 ac
1039 2739 1145 2796 deiude
1159 2736 1304 2794 cucullam
1314 2735 1400 2793 altari
1415 2743 1580 2795 reverenter
1590 2756 1692 2812 euper-

93 2846 126 2887 us
139 2829 281 2900 desidere,
298 2835 327 2884 et
340 2844 404 2900 que
420 2828 505 2885 nobis
522 2832 550 2884 et
568 2828 653 2902 equis
678 2833 748 2886 eunt
765 2846 816 2886 ne·
871 2830 1106 2905 posuit,eamque
1118 2826 1482 2893 fetanterindoit,cunctis
1493 2826 1646 2886 monachis
1657 2830 1693 2888 de

93 2919 124 2976 ia
137 2922 309 2992 preparate.
321 2917 397 2973 Socii
409 2920 517 2983 eutem,
529 2917 606 2973 elcut
616 2916 659 2973 eis
677 2918 817 2975 dominus
871 2921 938 2977 fidei
953 2917 1050 2992 ipsius
1064 2916 1232 2990 integritate
1247 2914 1426 2971 mirantibus
1441 2919 1470 2971 et
1484 2916 1691 2989 gaudentibus.

93 3012 201 3077 event,
217 3006 342 3063 fideliter
356 3010 426 3063 sunt
440 3007 579 3062 exsecuti.
604 3005 817 3064 Recedeotibus
872 3011 1020 3068 Metuebat
1035 3008 1154 3080 quidem
1170 3022 1228 3061 nou
1246 3005 1361 3061 modice
1384 3020 1422 3061 ue
1449 3004 1580 3063 fortassis
1602 3008 1693 3065 abbas

93 3101 170 3154 treus
182 3095 299 3154 Domini
313 3094 579 3164 Joanncs,afflatue
590 3095 687 3151 divine
697 3095 815 3168 spiritu,
873 3099 963 3156 minis
972 3093 1540 3166 autiilecebriemotusgeuitcris,ipsum
1549 3096 1697 3166 redderet,

93 3201 152 3244 iere
164 3185 242 3258 quod
272 3190 398 3256 caeperat
419 3184 550 3269 divertit,
566 3187 594 3239 et
614 3184 650 3240 ad
670 3159 855 3242 monaste·c
872 3188 917 3244 vei
931 3188 966 3244 de
980 3184 1159 3242 monasterio
1173 3187 1321 3255 pateretur
1335 3182 1423 3238 exire.
1435 3182 1503 3238 Post
1523 3183 1585 3239 hac
1604 3185 1696 3243 abbae

93 3272 447 3346 &umihfioietisabsque
459 3288 542 3329 mora
555 3271 696 3345 pervenit,
711 3278 750 3339 ct,
766 3276 820 3330 de·
873 3275 1052 3349 ingrediens,
1068 3278 1096 3329 et
1111 3272 1210 3344 ipsum
1224 3271 1301 3326 iuter
1317 3268 1445 3341 reliquos
1468 3271 1573 3328 fratres
1596 3275 1698 3329 sedere

94 3378 147 3421 eur
160 3363 423 3438 equc,mcnesterii
439 3363 574 3420 abbatem
585 3378 652 3419 mcx
662 3364 818 3435 quesitum
874 3363 1068 3436 conspiciens,
1085 3361 1160 3417 redit
1175 3360 1210 3416 ad
1228 3362 1352 3430 patrem,
1367 3375 1401 3413 ac
1416 3362 1515 3414 monet
1529 3374 1598 3415 eum
1612 3365 1655 3431 ut,
1671 3362 1697 3417 si

93 3451 157 3510 liter
168 3450 433 3526 postulaviteudire
444 3452 623 3508 desiderium
638 3456 773 3524 suom,et
783 3453 819 3510 ad
873 3453 953 3520 velit,
968 3451 1151 3525 ingrediatur
1164 3447 1261 3504 videre
1286 3446 1391 3503 fllium.
1415 3447 1508 3512 Quem
1532 3464 1600 3504 cum
1615 3453 1698 3521 pater

93 3556 138 3599 um
153 3558 188 3598 ax
201 3541 343 3598 charitate
357 3541 406 3597 Dei
422 3541 590 3613 perducere,
606 3540 739 3614 aperiens
763 3542 820 3598 sibi
875 3540 1037 3598 monastico
1048 3538 1187 3594 indutum
1202 3535 1305 3592 habitu
1322 3538 1461 3602 cerneret,
1473 3533 1585 3606 dolens,
1595 3534 1698 3593 vocife-

93 3629 231 3687 ieordienn
245 3646 335 3703 quam
346 3629 514 3701 supradicto
525 3628 679 3685 homicide
693 3630 820 3686 clamen·
875 3647 945 3687 rane
959 3634 999 3697 et,
1014 3627 1138 3684 nimium
1154 3624 1270 3698 lugens,
1286 3623 1620 3697 vestesecindit,pectus
1631 3640 1697 3697 per·

92 3718 255 3794 ipeuderat,
270 3723 300 3776 et
313 3718 450 3791 qualiter,
461 3718 614 3775 ecclesiam
631 3722 698 3792 post
711 3719 822 3793 ingres·
875 3719 959 3791 omit,
974 3733 1064 3790 genas
1079 3715 1197 3782 lacerat,
1214 3718 1252 3779 et,
1269 3713 1355 3786 quasi
1369 3727 1473 3769 amens
1492 3712 1623 3782 effectus,
1640 3713 1698 3770 mi·

93 3822 196 3866 mrem
211 3808 399 3866 sibifiectere
415 3813 503 3880 caput
519 3808 652 3879 aspexit3
669 3809 821 3865 undesure
876 3824 975 3866 serum
1003 3823 1034 3864 es
1064 3804 1291 3876 desolatumque
1318 3801 1516 3875 congeminat.
1545 3802 1699 3861 Postremo

93 3896 201 3954 rsicnis
213 3896 330 3952 initium
346 3896 536 3967 concepisset.
552 3896 635 3952 Tunc
663 3896 754 3953 abbas
769 3914 823 3953 au·
877 3898 989 3956 diutius
1003 3896 1041 3954 ah
1055 3895 1160 3952 abbate
1174 3891 1396 3964 monachisque,
1411 3891 1532 3964 suisque
1560 3890 1649 3948 sociis
1664 3909 1698 3949 ao

93 3985 308 4057 leorucequod
324 3984 350 4040 ei
366 3983 562 4055 intimaverat,
585 3984 751 4040 inauditum
768 3985 822 4041 mi·
877 3988 937 4045 filio
952 3985 1161 4055 commonitus,
1176 3982 1296 4039 taudem
1311 3980 1419 4038 saniori
1444 3979 1536 4037 menti
1556 3980 1698 4048 redditus,

93 4092 133 4132 rm
148 4078 177 4132 et
189 4076 367 4147 stupendum
392 4074 452 4129 fore
465 4074 658 4145 perpendens,
674 4073 823 4131 consuluit
879 4076 971 4133 filium
988 4072 1166 4146 multiplicer
1180 4070 1366 4137 benedicens,
1381 4069 1517 4126 hortatur
1527 4070 1562 4125 nd
1578 4067 1701 4126 meliora

93 4162 823 4237 aiumejusquegforiamperemniaderelinqucre.
878 4164 1084 4232 conscendere,
1099 4167 1127 4219 et
1143 4161 1184 4218 sic
1200 4159 1370 4217 consolatus
1384 4158 1415 4214 in
1430 4156 1566 4226 Domine,
1581 4158 1617 4215 ad
1633 4173 1701 4230 pro·

93 4259 218 4323 atamen,
236 4259 341 4327 optans
359 4254 424 4324 ejus
438 4252 512 4309 velle
526 4252 600 4308 scire
612 4252 739 4325 plenius,
755 4268 824 4310 con·
878 4255 942 4328 pria
957 4270 1015 4310 uon
1031 4254 1142 4324 absque
1157 4265 1280 4306 moerore
1295 4248 1468 4322 regreditur.

93 4360 138 4401 am
153 4349 182 4400 et
197 4343 442 4416 perseverantiam
460 4342 596 4414 probare,
607 4342 696 4414 erepit
710 4342 736 4397 ei
751 4343 825 4397 dura
1185 4336 1301 4393 CAPUT
1317 4334 1391 4390 vfff.

93 4449 143 4491 era
155 4433 321 4506 predicere,
333 4436 362 4489 et
372 4432 450 4504 quod
460 4431 549 4487 homo
565 4446 686 4504 corpore
699 4430 824 4499 ualidus,
914 4428 1024 4486 Deinde
1040 4444 1141 4484 servus
1156 4425 1272 4482 Domini
1284 4425 1413 4481 ioannes
1440 4424 1527 4496 cupit
1547 4429 1657 4480 erctum
1673 4428 1703 4479 et

93 4527 156 4580 tute
171 4523 304 4594 floridus,
320 4539 379 4578 non
405 4519 488 4577 facile
512 4525 612 4592 posset
631 4519 825 4576 monasticam
841 4531 865 4597 Ι)
880 4521 1037 4592 augustam
1050 4517 1128 4572 viam
1144 4532 1196 4586 pro
1211 4512 1316 4569 virium
1333 4512 1497 4585 quontitate
1511 4511 1702 4567 serrare.Sat-

93 4613 173 4669 riam
187 4612 322 4668 tolerare.
340 4611 393 4667 Cui
406 4611 555 4668 ioannes:
581 4632 595 4660 a
621 4609 695 4681 Nun,
718 4609 825 4680 iuquit,
881 4608 986 4681 agebat
1001 4609 1119 4679 peccata
1135 4601 1283 4675 preterita
1308 4599 1440 4672 quotidie
1464 4599 1612 4671 plangere,
1624 4598 1703 4670 jeju·

93 4699 527 4774 endaestgforietemporalis,
543 4715 607 4769 que
631 4698 689 4754 cito
708 4697 825 4765 transit,
852 4718 856 4725 ·
881 4696 948 4762 niis,
979 4692 1176 4759 abstinentiis,
1203 4687 1388 4746 cretionibus
1418 4685 1576 4758 nimiisque
1595 4685 1704 4758 vigiliis

93 4790 202 4864 crporis
218 4791 369 4858 fortitudo,
380 4806 445 4862 quc
457 4789 588 4860 quotidie
603 4787 709 4844 deficit.
727 4808 741 4838 u
881 4799 998 4839 carnem
1015 4796 1181 4846 macerare;
1208 4779 1310 4849 sicque
1333 4774 1519 4843 humilitatis,
1544 4774 1702 4846 patientie,

322 4878 438 4935 CAPUT
459 4878 504 4934 Vl.
881 4871 1064 4940 ohedientia,
1081 4870 1315 4938 caeterarumque
1324 4865 1464 4921 virtutum
1481 4863 1551 4920 flore
1567 4862 1704 4937 splende-

93 4969 292 5042 nquehacet
316 4967 363 5024 his
391 4967 500 5023 similia
514 4965 759 5038 colloquerentur,
775 4979 828 5019 nec
882 4962 1073 5028 hetut,cum
1098 4973 1130 5013 se
1160 4955 1273 5012 ceteris
1300 4954 1469 5011 inferiorem
1499 4953 1640 5023 crederet,
1668 4952 1704 5008 ab

101 5052 827 5131 adplenumvoluotetisuaerespooderet,lamulue,
882 5050 1021 5107 omnibus
1036 5045 1192 5104 sublimior
1206 5044 1371 5100 haberetur.

101 5146 282 5204 Florentiam
298 5145 489 5219 praemiserat,
501 5142 653 5200 dominum
665 5158 754 5198 surim
769 5157 828 5197 nou
1202 5133 1319 5190 CAPUT
1334 5132 1382 5189 IX.

93 5235 319 5307 tconaideraos,
335 5234 457 5289 domum
483 5231 581 5301 rediit,
605 5235 634 5287 et
661 5247 724 5303 que
754 5231 830 5285 facta
919 5228 988 5284 Post
998 5222 1415 5298 aliquaudumtempusshhas
1424 5220 1557 5293 ejusdam
1568 5218 1707 5289 loeisoepe

93 5327 121 5380 at
131 5324 168 5380 de
179 5340 213 5380 eo
225 5323 407 5397 genitoribus
417 5322 480 5378 suis
503 5318 640 5376 innotuit.
655 5319 737 5375 Unde
747 5322 830 5391 puter
880 5319 945 5391 jam
960 5317 1058 5373 dictus
1073 5313 1212 5388 migravit
1240 5328 1257 5367 a
1275 5309 1391 5367 seculo.
1408 5311 1477 5367 Post
1490 5309 1577 5380 cujus
1590 5307 1705 5364 obitum

93 5413 298 5471 tuetauxius
313 5411 490 5468 Florentium
505 5409 741 5475 venit,ettctem
756 5406 827 5463 civi·
884 5408 973 5463 frater
990 5419 1093 5460 omnes
1123 5402 1255 5458 unanimi
1279 5398 1429 5456 voluntate
1458 5396 1705 5455 sauctumvirum

107 5554 208 5629 Nuper
223 5553 467 5612 translataestin
498 5549 697 5608 Florentinum
721 5552 828 5605 saneta
883 5548 941 5614 nis,
957 5544 1128 5603 suburbana
1143 5544 1239 5600 Sancti
1257 5541 1387 5600 Miniotis
1402 5539 1530 5603 basilica
1545 5538 1706 5601 monacho·

93 5627 158 5687 tutis
169 5626 336 5703 ecclesium,
352 5642 416 5703 que
431 5620 667 5685 Vallumbrcsuni
691 5624 735 5681 est
749 5620 829 5680 crdi-
884 5634 951 5680 rum
966 5621 1042 5681 cmtu
1054 5615 1205 5676 destitute.
