3892 6096
114 248 175 310 ero
312 276 317 283 -
643 189 1299 305 s.roinniscnauseor1aeear1s
1473 240 1479 252 ·
1761 234 1822 299 eso

117 380 252 439 custodia
273 383 302 435 ci
321 375 488 436 sollicitude
503 380 599 433 mente
622 372 743 449 pervigil
765 375 837 431 erat.
852 369 933 434 Quod
949 371 976 439 Α
1297 364 1414 422 CAPll'l'
1433 362 1517 437 XXll.

116 472 250 528 videntes
264 469 366 523 iratres
387 466 520 538 ejusdem
544 465 612 532 loci,
631 465 823 521 decreverunt
841 461 939 533 ipsum
1030 455 1062 512 ln
1078 454 1137 511 illie
1157 454 1271 522 diebus,
1298 454 1453 526 pradictus
1473 468 1524 510 rex
1547 453 1691 511 llenrieos
1704 454 1822 515 Pluton·

117 560 225 633 eligere
235 558 472 627 abbatem,quem
488 558 628 611 noverant
638 556 779 610 sauumet
789 552 939 608 infirmum
994 543 1263 616 tiamveuit,ibique
1274 542 1561 616 dumapluribusde
1571 543 1636 615 ipso
1647 542 1825 603 multaberis

117 645 286 723 pervigilem
302 643 440 717 priorem,
458 626 488 700 et
498 642 657 700 sollicitum
671 642 762 698 luisse
777 640 938 697 custodem.
996 633 1137 701 audisset,
1153 632 1195 689 sio
1208 633 1234 689 ei
1250 632 1352 689 audita
1375 631 1549 705 placuerunt
1563 636 1596 688 ut
1615 631 1736 689 hortatu
1750 649 1824 708 supe

425 731 541 790 CAPUT
560 732 630 788 XIX.
996 723 1065 780 dicti
1074 723 1228 794 Teneonis,
1239 721 1414 780 catholicum
1426 722 1595 794 episcopum
1605 720 1677 779 illuc
1687 721 1825 797 dirigeret

152 822 429 898 ltaque,Florentini
443 820 941 888 Teuzonisoonsilio,oonvenerunt
997 813 1033 869 cd
1049 812 1280 870 consecrandum
1300 812 1408 878 locum,
1434 815 1463 867 et
1487 812 1588 884 regina
1610 812 1701 868 etiam
1723 814 1825 872 exenia

116 917 152 973 de
167 916 240 972 urbe
254 918 283 971 et
296 914 332 970 de
348 911 476 970 castellis
492 910 577 967 multi
588 910 725 983 religiosi,
742 914 771 965 et
786 908 893 975 clerici,
907 921 942 962 ac
996 902 1241 976 gratemanduret
1255 902 1305 973 (8).
1317 902 1370 966 Qui
1386 901 1507 958 venitm
1526 901 1562 958 dd
1574 907 1718 974 montem,
1732 903 1825 961 alitro

116 1005 219 1062 lideles
233 1003 311 1070 laici,
337 1002 432 1059 sancti
447 1000 537 1058 Hilari
554 999 731 1056 confessoris
746 997 897 1055 abbatissa
911 996 941 1052 id
996 991 1094 1063 majus
1115 990 1144 1046 in
1172 990 1312 1046 honorem
1338 994 1445 1047 cunule
1461 990 1557 1045 Murio
1577 994 1648 1046 lunc
1662 991 1822 1049 benedixit.

116 1092 244 1150 maxime
259 1090 406 1162 cupiente,
421 1093 451 1145 et
473 1104 541 1145 cum
568 1088 710 1144 fratribus
738 1087 871 1159 ejusdem
887 1083 942 1141 loci
996 1079 1105 1136 Deinde
1115 1083 1183 1151 post
1194 1095 1287 1136 annos
1299 1079 1422 1151 aliquot,
1437 1080 1564 1135 domnus
1579 1078 1709 1137 ilbertus
1718 1085 1823 1139 emota

116 1183 215 1256 ipsum
228 1179 399 1253 pradictum
415 1181 528 1250 patrem
540 1177 691 1251 elegerunt
703 1176 733 1232 in
744 1174 861 1232 abbatis
876 1173 942 1230 olli-
997 1167 1134 1225 Romam
1150 1166 1295 1241 llcclesim,
1312 1167 1362 1241 qui
1376 1184 1453 1224 unns
1468 1172 1532 1224 erat
1550 1168 1716 1242 dereptam
1731 1170 1824 1229 nardi·

117 1272 207 1328 oium.
227 1269 319 1341 Qqem
343 1265 502 1332 nolentem,
527 1268 556 1323 et
578 1265 647 1321 totis
667 1264 779 1321 viribus
804 1262 942 1321 resisten-
997 1248 1824 1330 nulibus,venerabilisvitae,ieniensepartibusillis,to

117 1365 187 1427 um,
204 1358 240 1414 de
255 1357 326 1414 lecto
341 1358 501 1423 traxerunt,
518 1359 546 1410 et
556 1355 664 1426 ipsum,
679 1352 747 1410 licet
760 1352 896 1421 invitum,
912 1351 942 1406 in
996 1348 1061 1401 tum
1074 1345 1232 1402 oratorium
1249 1362 1315 1401 cum
1331 1345 1447 1401 duobus
1467 1344 1610 1402 altaribus
1633 1348 1822 1421 consecrarit,

117 1447 221 1520 maiori
237 1446 305 1503 sede
320 1446 545 1502 constituerunt.
554 1443 622 1514 Qui,
631 1458 698 1507 oum
712 1441 789 1498 adid
802 1439 943 1498 violenter
997 1433 1124 1506 septimo
1134 1434 1238 1490 Iduum
1246 1433 1406 1500 luliarum,
1419 1433 1469 1506 qui
1479 1435 1515 1490 de
1525 1433 1612 1492 titulo
1623 1435 1739 1493 &ucis
1747 1438 1823 1495 uun-

116 1541 281 1610 oogeretnr,
300 1534 410 1589 dixisse
424 1533 516 1588 lectur
529 1531 713 1588 astantibus:
732 1551 746 1581 κ
773 1529 848 1595 Quid
864 1528 942 1584 insa·
997 1539 1041 1579 ua
1054 1523 1211 1596 episcopus
1225 1523 1345 1589 exstitit,
1361 1524 1447 1594 cnjus
1462 1523 1605 1581 memoria
1628 1539 1728 1597 usquc
1740 1525 1824 1585 bodie

115 1623 205 1683 nitisl
233 1624 258 1681 si
286 1620 418 1695 pelicano
437 1637 544 1678 nomen
567 1618 715 1692 accipitris
730 1616 942 1691 imposueritis,
996 1615 1094 1668 Roma
1110 1610 1233 1669 celebris
1247 1610 1382 1680 babetur,
1398 1616 1428 1669 et
1441 1611 1471 1668 in
1486 1611 1590 1670 multis
1603 1613 1719 1671 unctis
1733 1615 1826 1689 opari-

116 1727 270 1786 nunquam
285 1711 342 1768 erit
355 1711 413 1768 nisi
428 1710 591 1782 pelicanus.
608 1731 623 1759 u
956 1752 981 1818 Β
996 1699 1054 1757 bus
1068 1700 1211 1759 haetenus
1225 1701 1312 1775 viget.

432 1797 548 1855 CAPUT
567 1797 621 1855 xx,
1292 1787 1407 1845 ceput
1424 1788 1525 1845 XXlll.

152 1894 254 1964 ltaque
270 1889 312 1945 vir
328 1888 387 1959 Dei,
399 1891 516 1960 sumpto
531 1887 628 1944 cilicio
642 1891 671 1943 et
686 1885 802 1943 abbatis
812 1884 940 1955 nomine,
1031 1879 1157 1944 Fratres,
1173 1878 1293 1934 widult
1317 1879 1352 1932 (¹0
1367 1877 1443 1933 b⁰11⁰
1471 1877 1502 1933 in
1525 1876 1633 1936 melius
1650 1886 1820 1951 eremite.

117 1978 204 2051 ooepit
213 1992 334 2034 sensum
343 1972 450 2048 regule
462 1975 619 2047 diligenter
630 1974 783 2045 inspicere,
793 1979 821 2029 et
830 1972 866 2029 ad
877 1971 941 2044 ejus
995 1966 1243 2037 olllcinmaltaris
1258 1965 1382 2022 inomni
1397 1967 1582 2024 veneratione
1596 1973 1761 2041 servantes,
1775 1986 1818 2029 ns

117 2064 349 2124 observationem
357 2063 425 2120 totis
440 2062 552 2119 viribus
567 2077 684 2134 operam
699 2062 777 2118 dure.
790 2059 943 2118 prohibuit
997 2054 1105 2112 minem
1123 2055 1290 2112 ministrare
1301 2055 1497 2127 patiebantur,
1504 2055 1529 2111 si
1541 2055 1615 2114 forte
1627 2056 1815 2134 simoniacus,

116 2154 277 2213 monachos
291 2168 445 2225 nunquam
456 2151 577 2208 claustri
587 2150 713 2208 limitem
725 2149 874 2224 progredi,
884 2148 942 2205 uisi
995 2144 1040 2200 vel
1056 2143 1292 2211 concubinarius,
1308 2143 1351 2201 vel
1369 2143 1425 2200 alio
1451 2144 1565 2201 mortali
1583 2147 1713 2204 cumino
1726 2165 1814 2207 eom

116 2243 244 2318 exceptis
259 2242 305 2298 his
321 2241 429 2315 quibus
437 2240 693 2314 suscipiendorum
706 2239 857 2312 hospitum
871 2254 943 2294 cura
997 2237 1065 2306 ptus
1078 2237 1145 2290 aute
1160 2233 1274 2290 luisset.
1296 2234 1404 2290 Eorum
1417 2249 1537 2306 quoqne
1555 2236 1701 2309 magister
1720 2253 1810 2297 omues

115 2336 178 2392 erat
187 2332 321 2405 injuncta
330 2336 360 2388 et
368 2330 544 2387 exteriorum
555 2328 730 2385 obedientia.
743 2332 821 2384 luter
831 2326 943 2400 reliqua
995 2321 1208 2380 ecclesiasticos
1236 2323 1354 2379 ordines
1370 2322 1531 2395 plurimum
1558 2324 1736 2399 bonombat,
1749 2343 1811 2401 quos

116 2439 180 2496 qna
194 2421 379 2479 suosfratres
395 2420 549 2474 observare
564 2416 943 2488 docebat‚nonpatiebatnr
997 2411 1156 2470 catholicos
1170 2427 1236 2470 esse
1250 2411 1378 2481 sciebat;
1395 2411 1437 2468 ita
1451 2416 1484 2468 ut
1513 2413 1590 2471 tores
1614 2416 1747 2474 ecelesia
1765 2432 1809 2474 aaa

116 2514 200 2567 nocte
215 2508 422 2566 dormitorium
449 2522 514 2562 esse
533 2506 597 2562 sine
609 2504 722 2561 lumine
737 2504 826 2575 claro,
842 2505 942 2560 diceus
997 2505 1188 2573 praesumeret
1201 2500 1324 2574 aperire,
1348 2500 1405 2557 nisi
1428 2503 1513 2573 prius
1535 2502 1694 2563 ordinatus
1716 2503 1807 2580 aliqsls

116 2597 209 2655 levius
223 2613 288 2654 esse
299 2595 452 2652 terendum
469 2594 631 2651 oratorium
641 2593 705 2650 sine
719 2591 841 2660 lumine,
853 2609 942 2666 quam
997 2588 1131 2661 aperiret.

117 2684 488 2761 dormitorium,siegeetas
504 2687 662 2754 utrumque
679 2699 736 2739 uon
751 2682 942 2739 sineretl'ra·
1291 2679 1410 2736 CAPUT
1428 2678 1525 2736 XXIV.

117 2780 177 2832 tres
191 2788 472 2846 varo,qnaecumque
482 2771 751 2844 paterinJungebat,
767 2771 833 2842 ejus
846 2786 939 2826 exem·
1032 2766 1086 2823 Per
1100 2766 1179 2822 idem
1196 2772 1321 2840 tempus,
1346 2767 1447 2840 plnres
1469 2768 1523 2824 viri
1539 2768 1655 2826 nobiles
1677 2774 1709 2829 et
1721 2769 1804 2828 lldslcs

117 2863 165 2937 plo
179 2862 224 2920 vel
236 2860 435 2919 admonitione
450 2861 617 2932 frequenter
625 2858 771 2928 instructi,
784 2876 851 2916 cum
862 2859 942 2915 omni
997 2855 1156 2911 afferebant
1169 2854 1233 2912 loca
1260 2857 1296 2912 ed
1311 2855 1481 2913 aedilicanda
1507 2873 1581 2914 nora
1609 2859 1751 2918 cenobia.
1762 2858 1802 2917 lli

117 2951 285 3008 obedientia
299 2949 423 3007 fideliter
436 2949 630 3007 observabant
642 2967 649 3017 ;
661 2947 801 3005 vilitatem
812 2953 841 3004 et
850 2952 942 3004 extre·
998 2944 1140 3017 rogabant
1153 2961 1220 3001 eum
1243 2945 1419 3002 monasteria
1434 2945 1579 3003 dissoluta
1599 2950 1657 3004 sub
1678 2964 1733 3007 suo
1744 2949 1801 3022 ngl-

119 3040 251 3097 mitatem
267 3041 394 3097 vestium
420 3039 492 3095 adeo
516 3037 673 3109 diligentes
697 3042 730 3093 ut
742 3036 860 3094 cilicina
873 3041 944 3093 tunc
984 3032 1076 3101 ,mine
1090 3049 1217 3105 sumere,
1235 3038 1263 3090 et
1278 3034 1307 3090 in
1323 3051 1457 3092 normam
1484 3051 1574 3107 quam
1589 3036 1655 3110 ipsc
1678 3053 1744 3097 cum
1755 3036 1800 3095 sais

117 3134 196 3186 veste
213 3133 374 3195 uterentur,
391 3143 480 3199 qnam
496 3142 582 3183 uamo
598 3125 672 3182 lerre
696 3131 848 3198 cogeretur
862 3119 976 3188 invi-G
998 3122 1133 3179 servabat
1161 3123 1328 3179 reformare.
1368 3123 1450 3179 Tunc
1477 3125 1573 3180 sancti
1611 3125 1699 3183 Salvii
1724 3141 1798 3187 coer

116 3222 176 3280 tus.
194 3217 296 3274 neoad
323 3215 476 3273 ferendum
499 3212 599 3270 voleus
623 3214 835 3287 prohiberetur.
859 3214 940 3271 Tunc
995 3211 1445 3282 bium(9inovitercoustruxit;
1462 3213 1637 3271 inllnsceta
1651 3215 1796 3274 alterumn
1852 3270 1855 3287 ¹

116 3307 194 3363 idem
210 3310 293 3380 pater
307 3305 473 3363 desnarum
484 3303 582 3361 ovium
593 3303 679 3359 varia
693 3303 858 3375 lauajnssit
868 3321 940 3377 pau·
995 3299 1135 3356 honorem
1151 3302 1244 3357 sancti
1263 3301 1354 3369 Petri;
1371 3302 1400 3357 iu
1412 3300 1516 3359 Recolo
1525 3304 1660 3375 tertium,
1675 3305 1706 3362 in
1727 3305 1796 3362 bono
1853 3354 1855 3378 ,

116 3413 190 3453 uum
203 3394 407 3468 promiscuum
426 3393 500 3462 lieri,
517 3394 601 3465 onius
618 3393 820 3467 designatione
831 3394 941 3466 specia-
995 3405 1056 3446 rem
1073 3389 1166 3447 sancti
1179 3389 1280 3459 Pauli3
1296 3389 1377 3447 alind
1392 3392 1484 3447 sancti
1498 3391 1632 3450 Cassiani
1646 3393 1678 3451 iu
1692 3392 1795 3453 num

114 3481 942 3556 liusnosceretnrquicunquedesehclatsntipatrisexis·
996 3483 1107 3536 monte.

115 3577 199 3631 teret.
216 3572 355 3640 Quamvis
369 3570 425 3629 boo
442 3576 572 3643 tempore
587 3570 719 3643 plerique
731 3570 816 3643 (prob
828 3571 911 3628 dolor
921 3571 941 3642 l)
1296 3567 1415 3625 CAPUT
1434 3568 1518 3626 XXV.

115 3661 280 3732 videantur,
301 3662 351 3735 qni
367 3677 399 3718 se
420 3676 484 3717 esse
507 3660 543 3716 de
567 3658 622 3716 hae
645 3658 745 3716 schola
759 3659 899 3731 vestibus,
913 3664 943 3716 et
1032 3659 1115 3715 Tunc
1128 3659 1216 3716 etiam
1232 3660 1261 3714 in
1275 3674 1328 3715 suo
1339 3658 1638 3732 regimiuevetustum
1649 3659 1797 3737 aceeptllb

118 3767 178 3808 non
193 3749 325 3807 moribus
340 3748 505 3806 ostendant.
996 3747 1215 3812 passinianum,
1231 3753 1261 3804 et
1275 3747 1400 3804 alterum
1425 3749 1455 3804 in
1478 3749 1630 3819 Romania,
1645 3752 1703 3808 sub
1715 3752 1797 3809 boum

425 3836 545 3892 CAPUT
565 3834 634 3892 XXl.
997 3840 1104 3893 sancte
1131 3837 1290 3909 Reparatoe,
1306 3837 1356 3893 ubi
1380 3854 1431 3910 per
1456 3838 1654 3912 singulaloca
1681 3839 1797 3900 sollicitus

152 3928 261 3985 Diebus
270 3930 369 3986 autem
384 3925 494 3998 quibus
506 3923 642 3980 monachi
651 3923 794 3997 adipsum
806 3925 942 3998 frequen·
997 3930 1079 3998 pater
1094 3926 1264 3998 prepositos
1279 3927 1434 3983 ordinavit.
1451 3926 1541 3999 Quos,
1557 3928 1629 3984 dum
1643 3929 1683 3985 ab
1701 3925 1797 3986 intirml·

116 4019 423 4088 tarecmperunt‚lleus
438 4013 943 4085 cujusamorevirlleisibisubditos
996 4020 1056 4071 tate
1070 4012 1272 4071 sublevaretur
1300 4016 1497 4088 aliquatenus,
1520 4032 1619 4088 perse
1641 4014 1798 4090 ipsumriel·

116 4104 147 4159 in
162 4105 209 4161 vla
219 4104 311 4183 ipsius
325 4119 424 4175 regere
434 4102 619 4176 disponebat,
631 4102 713 4158 misit
722 4103 758 4159 ad
771 4119 838 4160 eum
854 4104 941 4162 etiam
997 4104 1197 4170 tarecurabat,
1209 4107 1237 4159 et
1248 4103 1367 4161 honeste
1373 4104 1527 4177 corrigere,
1537 4106 1797 4180 moresqueiratruu

117 4192 207 4249 laicos
218 4192 295 4250 viros
306 4191 538 4265 timoratos,qui,
550 4189 770 4263 legcmnomini
782 4194 943 4265 peremnia
996 4193 1032 4249 ad
1049 4190 1541 4264 melioraperduoers.lntercaetera
1552 4195 1798 4269 mnaoeeqnitem

117 4281 266 4338 custodire
280 4281 443 4354 cupientes,
458 4281 489 4337 in
508 4278 593 4337 bonis
614 4281 747 4338 moribus
761 4282 819 4338 iere
837 4282 942 4340 nihils
997 4280 1147 4354 penalibus
1161 4280 1361 4354 abundabant,
1377 4281 1480 4338 durius
1495 4282 1677 4355 increpabat,
1700 4294 1799 4357 mauu

118 4369 271 4427 monachis
292 4370 454 4442 distabant,
480 4374 562 4426 entra
575 4368 701 4425 vestium
727 4368 897 4442 qualitatem
912 4376 942 4428 oi
996 4385 1047 4428 eos
1060 4370 1154 4444 magis
1167 4386 1202 4426 ex
1216 4369 1351 4443 largitate
1373 4370 1472 4427 divina
1496 4370 1654 4438 confidere,
1674 4368 1800 4446 quamdi

118 4458 282 4527 silentium,
295 4460 385 4533 qnod,
401 4459 431 4515 in
442 4459 472 4515 iu
485 4456 676 4516 exterioribus
687 4460 830 4531 occupati,
843 4461 942 4533 nequi·
956 4484 980 4551 D
996 4460 1145 4533 plenitude
1159 4459 1339 4516 horreorum.

116 4548 188 4607 bant
202 4546 317 4622 plenius
337 4550 501 4606 observare.
520 4545 606 4604 Tales
625 4546 786 4621 igiturtam
804 4551 941 4620 probatos
1292 4548 1407 4606 CAPUT
1425 4549 1518 4607 XXVI.

116 4654 272 4695 conversos
284 4642 367 4711 pater
376 4639 412 4694 ad
422 4641 584 4694 merentum
595 4640 623 4692 et
632 4635 734 4693 omnia
743 4637 886 4694 exteriora
896 4655 942 4696 se·
1032 4638 1164 4703 Quodam
1175 4643 1315 4710 tempore,
1324 4655 1390 4694 cum
1403 4640 1439 4695 ud
1450 4640 1660 4698 Passiniauum
1669 4638 1802 4709 assotiat

117 4744 186 4784 cure
196 4727 341 4785 mittebat.
358 4728 426 4784 licat
436 4727 524 4784 etiam
537 4727 636 4782 multa
652 4725 833 4783 austeritatis
847 4728 941 4800 primo
997 4744 1071 4800 papa
1086 4726 1289 4801 complurima
1304 4729 1634 4802 comitatueupervenit,
1644 4725 1802 4790 stannci·

116 4819 219 4873 contra
233 4814 441 4888 relinquentes,
452 4819 553 4888 postea
565 4814 647 4872 valde
659 4815 837 4887 tranquillus
848 4817 884 4873 ad
896 4817 942 4873 iu·
996 4817 1182 4874 relectionem
1198 4821 1382 4890 accepturus,
1389 4817 1475 4889 juxta
1484 4819 1700 4878 monasterium
1710 4814 1805 4892 requi*

115 4905 296 4977 crepandum
311 4910 341 4962 et
350 4904 578 4979 corripiendum,
595 4903 749 4961 intantum
765 4909 797 4960 ut
811 4911 943 4963 materna
996 4906 1048 4961 vit.
1065 4906 1146 4961 Tunc
1161 4906 1264 4961 beatus
1276 4905 1576 4980 loannesiuterrogat
1590 4898 1805 4977 moouomuM'

115 4992 382 5051 visceravideretur
392 4994 508 5051 babere.
520 4995 614 5060 Quare
624 4993 780 5066 quiipsum
791 4997 941 5062 amabant,
996 4995 1092 5068 pisces
1107 4993 1303 5052 haberent.Ut
1313 4997 1447 5068 coguovit
1457 4994 1572 5054 nullum
1587 5006 1805 5066 oenacensem

117 5083 206 5141 nimis
230 5084 419 5153 metuebaut;
447 5088 476 5140 et
499 5083 549 5154 qui
569 5081 722 5154 bracbant,
737 5083 822 5140 valde
836 5083 941 5157 dilige·
996 5084 1026 5139 iu
1041 5084 1138 5139 lacum
1153 5084 1322 5156 quemdam,
1338 5085 1513 5142 monasterio
1528 5087 1710 5160 proximum,
1724 5085 1808 5163 plu
1855 5112 1858 5159 ς

116 5173 197 5230 bant.
403 5182 407 5187 ’
995 5177 1058 5229 tum
1081 5172 1122 5227 ire
1145 5173 1291 5247 precepit.
1317 5174 1461 5231 Omnibus
1486 5180 1584 5232 autem
1609 5175 1808 5245 assemnlibufl,
1855 5226 1859 5289 Ι

150 5281 191 5405 28)
207 5281 237 5336 ld
253 5285 298 5338 est
309 5280 447 5345 mitteret,
466 5276 639 5361 utliutferius
651 5293 714 5350 cap.
730 5279 776 5348 36,
792 5282 871 5352 quod
888 5299 941 5338 vo·
1031 5280 1069 5407 ff)
1083 5276 1193 5352 Nempe
1220 5296 1309 5353 propo
1336 5280 1523 5350 Florentiam,
1553 5282 1605 5339 ubi
1633 5284 1726 5343 etiam
1743 5294 1811 5341 sut

116 5364 150 5405 ca
173 5349 254 5406 ulum
270 5352 366 5408 adhuc
376 5353 406 5408 in
418 5350 555 5408 laminam
567 5365 623 5405 usn
638 5353 683 5405 est
695 5351 773 5423 apud
788 5353 887 5410 ltalos.
901 5354 941 5410 lle
995 5368 1029 5407 su
1053 5351 1140 5407 sistit.

116 5418 171 5476 hac
186 5421 368 5480 dedicatione
382 5422 447 5479 vide
466 5421 578 5477 litteras
594 5424 655 5475 lttae
669 5421 823 5480 abbatissis
839 5441 939 5497 supra,
1031 5422 1320 5494 (interseruissem,
1335 5424 1422 5498 vulgo
1446 5425 1631 5500 Patalpnouo,
1655 5424 1709 5485 ubi
1723 5428 1814 5502 postea

116 5490 146 5548 iu
162 5491 272 5564 quibus
286 5493 420 5552 Conrado
435 5490 605 5569 imperatori
627 5490 682 5549 boc
705 5492 815 5553 iactum
832 5497 939 5557 rectius
993 5494 1037 5551 vir
1052 5500 1171 5554 mucius
1186 5494 1268 5561 obiit,
1283 5495 1374 5552 silum
1388 5502 1433 5554 eet
1447 5496 1540 5556 altero
1549 5496 1734 5559 millllurltb
1748 5496 1814 5557 affl

114 5562 263 5630 trlbuitur.
994 5567 1088 5643 Senis,
1105 5567 1282 5627 Florentiam
1296 5584 1408 5629 semus.
