3884 6090
120 228 181 291 423
626 220 797 286 cratoni
818 218 996 284 MONhGlll
1018 220 1052 281 S.
1073 214 1321 281 atanahildi

123 362 180 417 (tre
192 358 279 415 labiis
294 353 424 430 pollutus

123 432 174 487 Vir
189 432 246 487 sini
262 428 329 483 licet
344 425 499 482 obvolutus

125 504 213 573 Labe,
229 498 345 567 Prosul,
362 496 449 553 lando
465 502 548 554 tutus

159 576 209 642 Pe,
227 571 413 642 Wolthange,
430 570 565 625 dulciter.

124 647 200 701 Bene
215 647 302 699 natus
318 641 355 696 ab
370 644 496 713 utroque

123 719 161 773 Es
176 720 306 788 parente,
323 713 522 785 magistraque

123 787 196 843 Cum
212 785 362 859 septennis
377 800 468 855 esses,
482 800 601 856 quoque

159 858 388 915 Commendntus
404 856 522 911 artium.

124 931 161 987 L't
175 930 260 985 horto
273 927 444 984 deliciarum

125 1001 267 1059 Floseulis
287 1000 474 1056 scientiarum

123 1074 299 1143 Degustares
314 1072 423 1127 l‘ontem
439 1068 550 1125 clarum

158 1148 309 1216 Aquarum
324 1141 494 1197 viventium.

123 1217 227 1271 Statim
242 1213 357 1271 scholas
373 1213 581 1283 magistrorum

124 1286 326 1344 Universitatis
342 1300 467 1356 quorum

123 1359 245 1414 Interest
257 1358 381 1413 virtutes
396 1371 521 1420 morum,

159 1430 321 1496 Deiilarure,
336 1427 447 1483 visitas.

124 1500 206 1557 lllinc
222 1502 305 1556 aride
319 1498 445 1555 hausisti

122 1572 160 1628 Ut
175 1590 232 1628 non
249 1570 343 1628 solum
359 1576 435 1626 artes
448 1567 539 1634 scisti,

121 1644 263 1717 Spiritum
277 1640 445 1698 intellexisti

158 1716 284 1786 Littera,
300 1720 333 1768 ut
345 1713 501 1786 approbas.

296 1786 472 1840 Exhortatio.

121 1858 231 1914 Genera
250 1855 421 1911 nobilitatus

120 1927 241 1996 Proesul,
258 1926 324 1999 plus
340 1926 520 1999 glorificatus

120 1999 203 2071 Apud
220 1997 384 2053 Christum!
402 1997 569 2068 despicatus

157 2071 245 2126 Miser
259 2084 311 2150 ego
327 2068 430 2141 rogito,

122 2141 158 2197 Ut
173 2142 303 2224 digneris
317 2139 493 2223 paupertati,

120 2216 187 2269 Men
204 2212 391 2285 ignobilitati,

120 2284 281 2340 Subvenire
295 2283 426 2339 caecitati.

156 2355 237 2411 Sicut
251 2360 343 2428 potes,
359 2354 456 2409 tacito.

121 2428 161 2482 'Pe
177 2428 334 2482 miserante
348 2426 419 2490 scio,
435 2424 479 2477 vis

121 2502 179 2553 lieo
195 2499 321 2553 donante
335 2497 407 2562 scio,
423 2496 490 2566 quis

121 2573 188 2640 Ipso
203 2570 323 2624 docente
338 2567 408 2633 scio,
426 2566 484 2621 scis

157 2640 231 2711 Ergo
247 2639 314 2694 data
329 2638 444 2709 pertice.

120 2710 203 2766 Sicut
217 2710 365 2783 quondam
382 2707 548 2774 ostendisti,

120 2782 155 2837 hi
167 2785 295 2837 ostentas
308 2780 452 2853 perfecisti

119 2857 192 2909 Cum
207 2855 323 2926 egrotis
338 2849 500 2907 subvenisti

155 2924 206 2981 nei
222 2923 307 2979 donis
321 2922 428 2978 ooelice.

118 2995 251 3051 Bonitnte
268 2999 377 3068 patrem
395 3009 546 3067 magnum.

119 3066 279 3139 Disciplina
295 3072 321 3122 te
337 3066 557 3138 Wolsliangum,

119 3137 277 3193 Patientem
292 3137 370 3193 velut
384 3152 493 3209 agnum

152 3210 215 3264 'lua
227 3209 286 3264 vita
304 3207 450 3281 praedicnt.

117 3281 152 3335 ht
166 3281 243 3352 quod
262 3284 293 3335 ut
312 3279 487 3335 anachoreta

117 3350 168 3406 llic
183 3350 290 3417 vixisti,
308 3351 377 3407 secli
393 3356 492 3422 spreta

117 3421 236 3495 Pompa,
252 3422 357 3478 Christi
374 3428 401 3477 et
416 3421 525 3477 athleta

151 3494 190 3550 'l'e
204 3494 350 3566 scriptura
366 3494 475 3549 recitat.

116 3566 221 3621 Curam
238 3571 271 3620 ut
285 3565 515 3621 archimandrita

115 3641 149 3691 ln
168 3636 318 3708 imbripoli
334 3642 403 3691 tunc
416 3636 456 3691 ita

117 3708 153 3763 Sa
177 3707 270 3763 ientcr
284 3707 314 3762 iii
331 3707 384 3762 hac
397 3706 455 3761 vita

152 3724 183 3834 lli
198 3778 324 3849 regendo
339 3778 436 3832 ovium

115 3849 247 3921 Suscipis
262 3849 328 3904 licet
344 3848 462 3903 invitus.

115 3921 154 3976 Te
169 3920 291 3992 urgebat
306 3919 385 3990 prior
399 3919 483 3987 situs,

116 3990 170 4046 Ubi
186 4006 251 4045 eras
266 3990 459 4061 praemunitus

151 4060 276 4132 Strepitu
290 4061 326 4116 ab
341 4060 506 4117 hominum.

116 4130 202 4187 Solus
218 4136 250 4186 ut
264 4131 386 4187 servires
402 4132 455 4188 soli

115 4202 419 4274 Deo,quidatregna
453 4204 501 4273 oli,

114 4277 137 4329 n
153 4278 180 4330 tc
196 4281 224 4328 et
238 4290 255 4329 a
270 4274 382 4330 cunctis
396 4220 451 4332 coli

152 4344 219 4400 Vult
233 4350 261 4401 et
276 4346 338 4417 ipse
354 4346 469 4415 sednlc;

115 4418 150 4472 nt
164 4416 206 4473 sic
222 4418 362 4473 mundam
376 4435 563 4475 conservares

114 4488 223 4556 Vitam,
239 4506 333 4561 neque
350 4489 512 4546 ruricolares

114 4560 207 4615 Tuam
222 4564 319 4623 verbo,
337 4562 387 4616 sed
403 4563 445 4618 sio
461 4568 554 4619 stares

153 4633 182 4687 ln
198 4631 249 4689 Dci
265 4632 429 4690 servimine.

115 4702 264 4774 Linquens
279 4705 381 4761 mundi
397 4706 566 4772 vanitatem,

113 4775 291 4846 (tenerisque
305 4775 478 4847 claritatem,

113 4843 465 4915 Praelaturedignitatem
498 4890 506 4907 .

149 4918 226 4971 Pure
239 4921 358 4997 propter
369 4918 535 4989 Dominum,

114 4985 180 5054 Res,
197 5002 347 5058 pecunias,
363 4988 498 5057 honores,

113 5057 269 5113 Terrarum
285 5060 494 5130 possessiones,

113 5128 275 5201 Vestaeque
290 5129 503 5201 splendidiores

148 5200 309 5257 AEstimasti
328 5200 463 5257 nihilum.

112 5271 184 5327 llino
199 5270 380 5329 clandestine
395 5274 545 5346 quarebss

112 5342 231 5425 Locum,
248 5346 396 5415 quondam
414 5362 471 5417 quo
487 5347 623 5422 degebas,

111 5413 147 5471 Et
161 5414 301 5471 divinitus
317 5417 430 5473 vivebas

148 5484 227 5540 luter
240 5485 327 5557 Alpes
343 5489 496 5544 montium.

113 5556 145 5611 ln
161 5557 325 5614 cavernulis
341 5563 490 5631 petrarum

110 5626 283 5699 Habitabas,
297 5628 460 5688 bestiarum

111 5698 208 5773 Locis,
221 5699 353 5762 tructam
366 5718 399 5761 es
417 5701 588 5783 herbarum,

146 5770 255 5855 petum
267 5772 347 5839 bibis
361 5774 500 5841 tontum.

711 355 755 410 hd
772 352 1007 426 quinquennium
1022 350 1104 408 luisti

711 426 808 495 Exsul,
825 426 865 481 ibi
879 422 1018 495 circuisti,

713 500 743 553 ln
760 496 909 553 montanis
926 494 1063 551 invenisti

748 570 841 624 Donec
856 566 1071 624 babitaculum.

710 641 763 696 Ubi
780 640 847 695 lelix
862 638 1078 711 contemplaris,

710 712 925 783 bominumque
938 709 1105 782 deprecaris

711 783 795 839 lusis
812 782 949 854 lacrymis
963 782 1071 837 amaris

747 855 800 910 Pro
813 860 898 927 gente
912 852 1055 908 lidelium.

710 926 751 981 lbi
766 944 835 982 saxa
850 924 1003 997 collegisti,

709 998 800 1053 Dorso
815 1001 865 1052 tuo
878 994 1003 1052 attulisti

709 1069 740 1124 lu
756 1085 903 1135 acervum,
918 1066 1036 1123 voluisti

744 1140 817 1196 Fieri
833 1138 995 1195 oraculum.

708 1213 780 1267 Curii
794 1212 854 1266 lucc
870 1211 1007 1266 manibus
1022 1208 1172 1281 tangebas,

708 1284 743 1338 Et
758 1301 775 1338 a
790 1284 876 1338 (larsa
892 1281 1064 1354 reponebas,

711 1356 819 1421 lligitos
835 1354 877 1409 sic
892 1352 1082 1426 imprimebas

745 1426 780 1481 lit
794 1428 824 1480 in
839 1425 944 1480 limum
959 1424 1115 1496 liquidum.

708 1496 833 1553 Pedibus
849 1502 880 1551 nt
895 1502 972 1552 terra
984 1495 1072 1551 cessit

706 1568 786 1633 Tuis,
802 1573 884 1650 petro
899 1573 927 1623 et
942 1566 1089 1639 liquescit,

708 1639 791 1695 Pedis
807 1656 920 1696 iconam
936 1638 1095 1709 impressit,

742 1711 778 1766 Ut
793 1716 915 1783 apparet
930 1710 1026 1766 hodie.

706 1782 840 1853 Daunum,
858 1787 953 1847 Pater,
968 1780 1118 1846 laborasti,

706 1854 900 1925 blnnibusqiie
914 1851 1115 1925 comportasti,

707 1925 829 2049 lapides
845 1942 912 1981 uiox
926 1924 1070 1995 adaptasti

766 2015 794 2053 ro
810 1998 908 2053 tuturo
925 2013 1021 2068 opera.

705 2070 786 2132 Quod
801 2074 830 2124 et
844 2069 906 2140 ipse
921 2066 1075 2135 inchoati,

705 2140 940 2197 Fundamentum
955 2144 989 2195 tu
1004 2137 1118 2204 locasti,

706 2212 739 2267 ls't
753 2211 911 2268 Ecclesiam
926 2208 1058 2267 fundasti

742 2285 816 2341 Loco
831 2284 900 2339 satis
916 2279 1059 2339 horribili.

707 2356 737 2409 ln
753 2372 812 2427 qna
826 2372 911 2427 opere
929 2358 1040 2428 patrato

706 2431 759 2482 Per
773 2426 928 2483 circuitum
943 2429 1057 2493 ornato,

704 2498 740 2554 at
754 2499 873 2554 omnino
888 2501 1050 2553 contectato

740 2569 832 2624 Deum
847 2569 951 2625 laudas
965 2566 1070 2623 humili

704 2640 789 2705 Voce,
805 2657 872 2695 cum
885 2640 1025 2704 oratione,

704 2712 810 2767 Sancta
823 2711 1025 2780 celebratione,

703 2785 858 2839 Missurum
874 2782 1036 2838 devotione.

739 2856 826 2911 Stans
842 2856 870 2909 in
885 2854 948 2927 lege
965 2852 1077 2909 liomini

704 2926 765 2993 ilie,
782 2931 866 2982 nocte
880 2925 1041 2991 meditaris,

705 3001 738 3052 Et
752 3014 879 3069 superna
894 2995 1110 3068 contemplaris,

704 3068 914 3141 Voluntateque
931 3069 1054 3124 moraris

740 3142 778 3196 Ea
793 3141 879 3198 niodo
895 3140 995 3196 simili.

881 3211 1052 3268 Erlrortuti'o.

737 3283 825 3339 Dulce
842 3284 934 3348 Pater,
951 3299 1021 3338 meai
1036 3280 1098 3353 spei

700 3355 796 3425 Salus,
812 3359 844 3410 ut
860 3356 888 3409 in
905 3354 969 3427 lege
986 3353 1033 3409 liei

701 3432 817 3494 ttortnr,
834 3426 997 3483 intellectus
1015 3424 1072 3480 mci

736 3498 846 3554 Sensus
861 3497 961 3553 lunicn
976 3498 1072 3568 capiat

700 3570 836 3625 Veritatis
851 3575 879 3625 et
897 3567 1053 3639 Scriptura

701 3642 805 3712 Sacris,
819 3641 908 3696 veluti
924 3645 955 3694 tu
971 3656 1062 3711 pure,

701 3712 794 3767 Labor
809 3711 905 3767 oninis
921 3727 991 3766 meae
1006 3727 1081 3766 cura

735 3784 802 3848 Qua
819 3787 887 3838 sunt
902 3782 961 3851 liei,
975 3782 1080 3853 sapiat.

700 3858 772 3908 Nam
789 3860 821 3909 nt
836 3853 1042 3925 lignumquod
1065 3852 1228 3925 plantatum

698 3926 786 3980 tuxia
802 3926 922 3992 tlumen,
938 3927 1066 3980 tructam
1081 3932 1198 3999 gratum

699 3996 790 4065 Tulit,
808 4002 837 4051 tu
854 3996 946 4052 tulisti
963 4001 1065 4052 natum

734 4068 786 4122 llic
802 4066 831 4122 in
847 4085 900 4123 suo
916 4073 1056 4139 tempore.

698 4140 784 4211 Apud
800 4140 891 4195 Deum
906 4140 1041 4195 meruisti

700 4213 731 4266 ln
747 4210 802 4267 bac
817 4211 886 4275 vita,
902 4227 960 4281 qua
974 4210 1072 4266 vixisti

701 4284 729 4337 lu
744 4282 850 4338 virtute
864 4282 934 4339 Jesu
950 4281 1058 4337 Christi

735 4353 808 4409 lllira
823 4354 907 4427 signa
921 4354 1023 4409 lucere.

699 4425 905 4497 munitaque
922 4440 974 4481 nec
990 4425 1077 4482 scribi

700 4502 832 4564 l‘ossent,
848 4514 899 4570 pcr
913 4501 941 4552 tc
954 4501 1031 4553 Deus
1045 4496 1086 4552 ibi

699 4570 775 4623 liecit
790 4568 825 4623 ad
841 4569 980 4625 honorem
996 4567 1063 4635 sibi,

735 4640 841 4712 hlagna
855 4640 891 4695 ud
907 4639 1056 4697 volumina
1071 4658 1077 4695 :

699 4718 828 4784 Perque
844 4712 917 4767 tides
930 4711 1095 4783 roboratur,

697 4785 781 4855 AEger
795 4783 882 4839 homo
898 4783 1071 4851 medicatur,

697 4854 813 4910 Sanctis
828 4855 892 4911 suis
905 4858 935 4910 et
948 4853 1087 4910 laudatur

734 4927 810 4982 liciis
823 4926 851 4980 in
869 4925 1006 4993 Ecclesia,

698 4998 740 5052 Tu
757 5000 800 5052 vir
816 4996 865 5053 Dei
880 4996 1030 5063 bonitatis,

696 5070 815 5131 Quantis
829 5084 893 5124 eras
909 5069 1083 5133 sanctitatis,

697 5141 874 5212 Quantaque
888 5139 1068 5211 sagacitatis,

732 5211 892 5267 Numerare
905 5227 991 5267 uemo
1007 5211 1069 5267 scit.

697 5282 794 5338 llluttae
817 5299 852 5339 ue
867 5282 1055 5356 benignitatis

696 5356 733 5409 hc
749 5300 880 5427 perlecta
895 5353 1055 5426 charitatis,

696 5425 833 5498 hliraeque
848 5425 1035 5491 humilitatis,

732 5496 818 5553 Solus
833 5496 910 5554 Deus
925 5497 1032 5553 indidit

696 5568 818 5641 Semper
831 5568 945 5639 hilaris,
960 5586 1093 5640 serenus,

694 5644 737 5695 Ac
753 5639 931 5697 facunditate
944 5640 1060 5716 plenus,

695 5710 826 5786 Odioque
839 5711 954 5769 alienus

729 5782 802 5847 Eros
817 5782 898 5848 amul
911 5785 1032 5865 populo.

1295 345 1452 416 Nunquam
1467 342 1596 415 invidus,
1611 361 1742 416 severus,

1297 419 1327 474 ln
1343 417 1472 473 docendo
1487 433 1604 502 semper
1616 434 1713 490 verus,

1296 489 1333 545 Ut
1348 490 1468 545 docetur
1483 505 1579 545 omnis
1594 488 1691 549 clerus

1333 560 1398 616 Oris
1415 561 1457 616 tui
1473 560 1602 634 speculo.

1295 632 1339 687 Tu
1354 632 1510 704 praelarus
1526 632 1675 691 honestate

1295 702 1410 759 Morum
1426 720 1492 759 cum
1509 705 1706 765 immensitate

1294 774 1363 830 Pius
1379 774 1559 845 allabilitate,

1330 846 1469 903 Providus
1484 846 1616 914 consilio,

1294 917 1408 985 Forma,
1425 920 1643 976 conversatione

1293 990 1410 1045 Cunctis
1426 1008 1491 1047 eras
1505 991 1571 1046 vita
1586 991 1668 1048 bonas

1294 1062 1326 1115 ln
1342 1061 1581 1133 exemplicatione

1328 1133 1392 1188 Tuo
1407 1134 1436 1187 in
1454 1134 1585 1191 Domino.

1293 1202 1375 1275 lllihi,
1393 1210 1442 1260 tuo
1459 1205 1637 1263 famulorum

1296 1276 1355 1330 lmo
1371 1276 1492 1333 minimo
1508 1282 1637 1334 tuorum.

1293 1346 1432 1402 Daturum
1445 1348 1497 1404 tibi
1514 1350 1658 1407 donorum

1329 1424 1442 1474 Partem
1462 1420 1531 1477 velis
1545 1422 1657 1478 utinam

1293 1488 1447 1559 blorlicam,
1463 1491 1640 1549 humilitatis

1292 1560 1396 1630 Unam,
1414 1562 1472 1618 sive
1487 1563 1630 1621 castitatis

1290 1632 1359 1687 tlibi
1376 1634 1553 1705 impetrare:
1571 1636 1643 1692 satis

1326 1704 1515 1762 Contentarer
1529 1708 1683 1765 minimam

1291 1776 1416 1846 Partem,
1433 1783 1465 1832 ut
1480 1777 1599 1835 laudare
1614 1796 1733 1852 possem

1291 1847 1322 1901 ln
1338 1852 1365 1902 te
1380 1848 1473 1904 Deum
1489 1850 1530 1905 uti
1549 1867 1677 1919 nossem,

1291 1919 1323 1973 ln
1338 1919 1485 1992 scriptura
1498 1921 1678 1980 lectitassem

1326 1991 1360 2046 Et
1376 1993 1412 2047 ab
1427 2008 1475 2048 ors
1490 1992 1644 2051 homiuum

1290 2062 1333 2117 Se
1357 2061 1403 2119 ius
1418 2064 1527 2121 audivi.
1543 2066 1638 2128 Quare

1289 2079 1377 2215 Vollo,
1387 2134 1481 2200 Pater,
1497 2136 1657 2211 propalare,

1290 2204 1323 2260 at
1339 2205 1481 2262 miracula
1494 2225 1613 2267 narrare

1325 2277 1387 2333 Tua
1402 2283 1520 2351 propter
1534 2280 1703 2339 Dominum.

1288 2347 1324 2403 Et
1338 2349 1405 2422 quis
1420 2354 1515 2422 potest
1530 2350 1580 2408 illa
1595 2354 1663 2419 reri,

1289 2420 1323 2475 Ni
1339 2421 1398 2476 sint
1412 2422 1498 2494 sigua
1512 2422 1562 2479 Dei
1578 2425 1649 2492 veri,

1290 2492 1325 2546 Ut
1340 2492 1389 2563 qui
1407 2510 1500 2550 caecus
1512 2499 1575 2551 erat
1588 2495 1652 2552 hori

1325 2564 1401 2620 Luce
1416 2581 1481 2621 cras
1497 2567 1704 2637 pertunditur?

1288 2638 1322 2689 Et
1338 2635 1404 2706 quis
1419 2637 1519 2693 aridus
1533 2643 1583 2694 nut
1598 2656 1723 2699 mancus

1289 2705 1376 2761 Manu
1392 2708 1487 2763 luerat
1501 2715 1530 2765 et
1544 2715 1659 2781 anctus,

1288 2778 1342 2833 Pro
1357 2795 1415 2850 quo
1429 2796 1554 2852 magnus
1569 2787 1631 2839 erat
1645 2783 1796 2857 plauctus,

1322 2854 1377 2905 Per
1391 2854 1419 2905 te
1434 2868 1499 2907 cras
1513 2854 1675 2912 sanabitur.

1287 2921 1322 2976 Et
1336 2921 1385 2993 qui
1402 2922 1532 2980 febribus
1547 2928 1699 3008 quartanis

1287 2993 1362 3048 Sunt
1377 2995 1472 3050 vanati
1500 2998 1645 3065 tertianis,

1287 3064 1397 3131 acutis,
1414 3067 1603 3138 quotidianis,

1321 3136 1525 3194 Clamaverunt
1539 3139 1659 3197 vocibus

1285 3207 1329 3261 Ad
1345 3213 1382 3276 te,
1399 3208 1471 3265 votis
1486 3214 1516 3266 et
1529 3211 1627 3268 venire

1285 3278 1329 3333 ad
1345 3283 1383 3349 te,
1399 3281 1523 3352 pedibus
1537 3284 1661 3341 transire

1285 3352 1521 3423 Spoponderuut,
1538 3355 1588 3427 qui
1603 3360 1674 3412 sunt
1689 3358 1766 3416 mire

1322 3422 1450 3479 Recreati
1468 3426 1614 3497 protinus,

1284 3496 1476 3567 Manibusque
1492 3498 1664 3569 repedantes

1285 3566 1318 3620 Et
1333 3575 1456 3639 utroque
1473 3568 1672 3628 claudicantes

1286 3638 1420 3707 l'aemore,
1436 3643 1464 3695 te
1479 3640 1646 3699 invocantes

1319 3710 1477 3767 Tradidisti
1490 3715 1615 3783 gressui.

1284 3781 1422 3837 Possessa
1440 3784 1652 3840 demoniorum

1282 3853 1359 3908 Vasa
1375 3854 1634 3926 energuminorum

1284 3925 1314 3980 ln
1329 3928 1448 3979 tuorum
1465 3932 1535 3982 sunt
1550 3929 1691 3985 mirorum

1318 3996 1416 4051 Prisco
1433 3998 1502 4054 data
1516 4000 1628 4056 sensui.

1283 4066 1431 4123 Liberator
1446 4068 1628 4141 captivorum

1283 4137 1352 4193 Eros
1367 4143 1395 4194 et
1411 4141 1645 4212 compeditorum
1717 4208 1720 4212 ,

1283 4209 1377 4264 Simul
1393 4216 1422 4266 et
1435 4216 1636 4270 catenatorum

1318 4281 1441 4338 Truncis
1455 4288 1484 4339 et
1498 4284 1528 4339 lit
1543 4284 1676 4341 turribus

1283 4353 1418 4408 Cordium
1435 4371 1550 4427 quoque
1565 4360 1740 4414 moestornm

1283 4424 1453 4481 consolator
1466 4426 1653 4497 miserorum,

1285 4500 1456 4568 Paupertate
1471 4504 1671 4570 gravatorum,

1320 4569 1360 4623 Te
1374 4568 1525 4639 pulsantes
1541 4571 1687 4641 precibus.

1283 4638 1344 4695 Non
1361 4645 1406 4695 est
1421 4639 1503 4697 dolor
1517 4640 1677 4723 corporalis

1282 4709 1428 4783 Corporis,
1444 4712 1487 4768 vel
1503 4712 1644 4784 spiritalis

1281 4783 1402 4845 Anima,
1419 4783 1462 4838 vel
1478 4784 1635 4856 coequalis

1318 4853 1378 4909 llis.
1395 4853 1487 4910 Homo
1501 4871 1658 4928 corporeus

1283 4925 1401 4994 Passus,
1420 4928 1475 4982 Deo
1491 4927 1677 4994 concedente,

1282 4996 1418 5052 Clamans
1431 4998 1466 5052 ad
1481 5001 1509 5053 te
1524 5015 1599 5070 pura
1614 5003 1713 5056 mente

1283 5068 1443 5124 Sanitatem
1457 5085 1545 5140 quom
1560 5074 1678 5142 repente

1318 5140 1484 5212 Recepisset
1495 5141 1623 5197 saucius.

1282 5210 1457 5283 lnlinitsque
1473 5216 1544 5267 sunt
1559 5213 1636 5268 laeta

1282 5285 1356 5337 hnts
1371 5289 1494 5339 mortem
1511 5287 1556 5340 est
1571 5287 1646 5356 post.
1661 5281 1758 5343 Tacta

1282 5354 1355 5409 Hinc
1370 5371 1421 5427 per
1434 5354 1521 5411 tidem
1538 5355 1649 5411 mundo
1665 5363 1769 5417 uncta.

1318 5426 1459 5483 Posthac
1474 5432 1502 5483 te
1516 5426 1709 5499 Omnipotens

1284 5497 1381 5567 Vocat,
1398 5502 1427 5554 ot
1441 5503 1473 5553 ut
1488 5499 1652 5571 revertaris,

1280 5568 1338 5625 Nec
1351 5569 1382 5626 iu
1397 5585 1493 5626 eremo
1509 5571 1645 5635 moraris,

1279 5639 1442 5699 Prasulatu
1456 5641 1509 5699 sed
1523 5642 1658 5717 tangaris

1313 5711 1450 5787 amptius
1463 5712 1616 5774 obediens.

1279 5784 1345 5845 llox
1357 5784 1388 5845 tn
1402 5784 1452 5849 vis
1463 5784 1637 5869 infirmaris,
