3892 6096
124 334 201 399 ren
748 334 941 401 sanatas.
963 369 1002 384 -
1023 335 1089 400 sn.
1113 335 1203 400 rori.
1455 295 1458 303 ’
1753 337 1833 402 rese

123 468 324 538 inolevissent,
340 471 528 529 consentiens
554 471 581 529 ei
609 474 638 528 et
659 487 712 544 pro
726 471 803 527 virili
818 470 950 546 portione
965 469 993 539 A
1008 470 1174 543 clamasset,
1184 472 1304 530 tandem
1314 467 1834 545 impertratosilentio,conversusad

123 563 294 631 cooperator
307 560 463 630 existeret;
480 561 516 616 ad
542 559 691 629 ultimum,
718 560 743 616 si
759 558 951 633 quid‘horum
1007 576 1105 632 regem
1118 575 1125 616 :
1139 561 1195 616 Fac
1204 576 1280 633 erpo,
1292 561 1399 634 inquit,
1412 558 1468 634 fili,
1483 562 1510 618 si
1526 561 1624 630 prlocd,
1644 561 1722 634 quod
1735 577 1778 617 me
1791 562 1807 632 s
1821 591 1834 602 ·

116 649 375 723 ‚pravaricaratua
408 650 521 705 irritam
551 649 611 706 lore
638 648 723 713 hanc,
740 667 804 722 qua
820 654 891 706 tuno
907 648 952 685 ¹⁹⁸⁸
1006 649 1834 723 cerevidisti.PrincipesTeutonicirepnisuisindiesaccu-

122 741 275 809 tantopere
290 739 418 811 expetita
432 738 482 805 sit,
505 738 702 795 anathematis
726 737 951 811 absolutionem,
1006 738 1835 808 sationibusauresnostrasobtundunt,maanamtiiimolem

123 825 195 899 quin
207 826 298 882 immo
305 827 368 900 jam
379 844 431 900 pro
443 828 573 885 convicto
582 828 774 900 confessoque
784 826 952 883 habendum
1006 827 1834 901 capitaliumcriminumimptnpentes,proquibusnonmcdo

122 931 188 972 asae
200 917 255 984 ¹⁰⁸⁹,
268 932 321 971 nec
333 915 410 972 ultra
420 934 472 990 pro
486 918 644 974 asserenda
658 916 826 974 innocentia
836 932 891 972 sua
901 932 952 971 au·
1007 917 1039 973 ob
1049 916 1126 973 omni
1134 919 1415 988 rerumpublicarum
1425 916 1681 985 administratione,
1691 916 1833 973 sedatae·

122 1004 266 1061 dientiam
280 1005 518 1077 impetraturum,
541 1005 747 1078 principesque
762 1005 856 1079 regni,
872 1004 952 1061 omni
1006 1004 1166 1062 clesiasticu
1173 1008 1259 1062 ctiam
1266 1006 1457 1063 communione
1464 1010 1491 1062 et
1499 1006 1702 1061 abcmnimodu
1709 1007 1771 1061 uita
1778 1021 1834 1064 sa·-

122 1092 262 1166 deinceps
277 1093 450 1167 quastione,
474 1099 580 1151 cuncta
600 1094 798 1168 juristurandt
814 1094 954 1168 religione
1006 1097 1419 1167 colorisconuersationeuspue
1442 1094 1478 1151 ad
1500 1096 1795 1157 extremumsairitum
1809 1104 1835 1152 tc

123 1180 274 1249 liberatos,
292 1199 390 1257 regem
406 1182 510 1251 elium,
526 1183 556 1239 in
573 1200 660 1257 quem
672 1184 839 1240 communis
849 1182 953 1239 electio
1006 1183 1138 1257 suspendi
1146 1193 1272 1258 opertere
1282 1184 1452 1241 existimant.
1461 1182 1619 1240 Petunt¹⁹⁸⁸
1629 1183 1716 1238 etiam
1724 1199 1836 1250 maana·

123 1271 336 1339 consensisset,
352 1276 501 1329 creaturos
515 1289 589 1329 esee.
605 1273 770 1338 Gratanter,
783 1290 832 1330 rex
844 1271 954 1343 accepit
1003 1274 1190 1347 perediemet
1199 1273 1834 1344 lacumstatuiaudientiamqucprastaricano·

122 1360 318 1428 conditiones,
329 1365 358 1416 et
368 1365 551 1418 servaturum
563 1379 593 1418 se
605 1362 715 1429 omnia,
726 1378 816 1435 quam
828 1360 952 1417 sanctis·
1007 1364 1067 1419 nice
1075 1363 1266 1428 discutiendis,
1277 1363 1495 1434 qumodoemum
1507 1366 1533 1418 te
1542 1363 1671 1434 effuant,
1682 1362 1834 1419 accusatio·

123 1447 210 1504 simis
227 1448 272 1484 ¹⁹⁶⁰
287 1452 401 1520 potarat
425 1449 640 1507 assertionibus
665 1449 853 1524 promittebat
867 1449 952 1523 (474).
1007 1453 1099 1509 nibus.
1109 1454 1141 1508 Et
1151 1454 1224 1508 nesti
1231 1452 1345 1525 optime,
1353 1451 1834 1524 bumanaplerumqucuaciltareju·

122 1534 182 1591 Neo
197 1539 296 1591 tamen
309 1536 492 1608 promittenti
508 1541 618 1602 temere
629 1539 701 1595 ildes
713 1539 816 1595 habita
826 1543 871 1594 est
882 1555 889 1606 ;
901 1537 953 1594 sed
1006 1540 1080 1597 dicia
1092 1550 1120 1597 et
1132 1543 1161 1597 in
1169 1541 1291 1614 publicis
1300 1540 1543 1614 disceptationibus
1552 1555 1750 1612 nonnunquam
1759 1539 1834 1612 (4144

122 1623 216 1680 abbas
231 1623 442 1694 Cloniacensis,
459 1627 598 1699 quoniam
613 1629 659 1667 ¹⁹⁸¹
670 1628 773 1700 J'urare
784 1624 952 1684 monastica
1006 1646 1057 1702 pro
1065 1632 1137 1686 ueris
1144 1630 1316 1703 persuaderi,
1327 1631 1393 1687 dum
1398 1646 1449 1702 pro
1458 1630 1625 1687 disertorum
1636 1629 1681 1666 ¹⁹⁸⁶
1690 1629 1834 1686 nominum

121 1710 275 1785 religionis
290 1714 411 1770 obtentu
428 1715 617 1783 detrectabat,
642 1717 730 1772 iidem
755 1731 840 1772 auam
855 1730 953 1771 coram
989 1718 1129 1790 'inpaniis
1158 1720 1203 1759 ¹⁹⁶²
1232 1728 1257 1776 et
1285 1719 1396 1776 dicendi
1420 1721 1504 1792 copia
1533 1719 1834 1791 etsuauitatesalsitas

121 1800 216 1858 oculis
231 1802 331 1858 omnia
345 1803 493 1860 cernentis
508 1804 559 1860 Dei
584 1803 779 1876 interposuit:
796 1803 953 1878 episcopus
1007 1807 1152 1863 cuborum
1163 1808 1287 1880 ptuterts
1301 1808 1435 1865 adamae
1450 1807 1571 1865 lebenter
1585 1807 1708 1880 auditur,
1724 1811 1750 1864 et
1761 1808 1833 1864 ueri·

120 1907 240 1964 quoque
250 1890 403 1950 Citieensis
415 1896 445 1948 et
459 1892 615 1966 episcopus
627 1892 823 1951 vercellensis
839 1893 916 1966 (475)
927 1897 955 1950 et
1008 1901 1053 1952 tos
1067 1897 1157 1953 nuttis
1170 1897 1333 1970 eloquentiae
1346 1898 1417 1952 nina
1430 1897 1610 1953 adminiculis
1620 1898 1832 1968 mutempnitur.

112 1969 200 2037 'Auno
215 1981 347 2038 marchio
364 1985 393 2038 et
407 1980 457 2038 alii
486 1982 687 2039 conventionis
714 1981 954 2056 ejusprincipes,
1010 1985 1078 2042 Cum
1091 2001 1155 2057 erpo
1169 1987 1224 2043 titt
1239 1986 1709 2059 beneconsultumcupiam,proeo,
1722 1983 1834 2058 quadiu

120 2068 221 2125 allatis
236 2074 407 2127 sanctorum
423 2070 566 2144 reliquiis,
582 2070 840 2144 subjurejurando
851 2071 956 2128 contir-
1008 2075 1216 2132 calamitatibus
1230 2077 1286 2132 tuis
1310 2076 1427 2151 supplex
1445 2075 1603 2147 apostaticae
1628 2073 1699 2132 sedis
1711 2074 1833 2148 patroci-

122 2163 291 2228 maverunt,
304 2159 452 2216 iacturum
465 2176 533 2216 enm
544 2176 680 2232 essequa
689 2159 889 2233 pollicebatur,
902 2176 955 2217 nec
1008 2166 1088 2220 nium
1099 2165 1237 2236 expetisti,
1248 2165 1372 2237 [acquod
1381 2179 1487 2220 moneo.
1498 2163 1530 2220 Si
1545 2172 1572 2221 te
1582 2166 1753 2221 innocentem
1762 2163 1835 2219 nosti

123 2245 225 2320 aliqua
237 2265 335 2305 rerum
347 2249 506 2322 asperitate
517 2247 560 2306 vel
571 2265 694 2306 casuum
705 2250 790 2306 varia
799 2249 955 2306 succeden-
1007 2261 1035 2310 et
1049 2253 1282 2310 existimationem
1298 2261 1377 2309 tuam
1392 2254 1427 2309 ab
1455 2252 1567 2310 amulio
1594 2254 1650 2309 tuis
1661 2268 1713 2325 per
1725 2253 1832 2308 catum·

121 2335 200 2394 tium
216 2336 413 2395 mutabilitate
428 2339 464 2395 ab
479 2337 627 2395 sententia
639 2339 685 2374 ¹⁹⁶²
701 2337 917 2395 deducendum.
1006 2344 1104 2415 pniam
1117 2343 1197 2414 tatsis
1217 2341 1461 2399 criminationibus
1480 2342 1585 2414 impeti,
1610 2341 1698 2397 libera
1710 2355 1833 2414 corupen·

162 2426 205 2483 lta
220 2426 354 2483 absoluto
370 2443 403 2483 eo
428 2427 739 2496 excommunicatione,
756 2445 832 2501 papa
846 2427 954 2484 missa·
1008 2430 1085 2488 diosc
1099 2435 1126 2488 et
1140 2431 1289 2488 Ecclesiam
1303 2432 1355 2488 Dei
1365 2429 1495 2487 scandale
1505 2431 1666 2503 etieipsum
1675 2430 1833 2502 14444444-

122 2531 192 2572 rum
208 2515 353 2573 solemnia
367 2516 535 2586 celebravit,
560 2517 750 2591 coniectaque
775 2533 859 2574 sacra
874 2515 953 2574 obla·
1007 2521 1168 2578 certationis
1180 2521 1320 2589 ambiano,
1342 2525 1369 2576 et
1380 2536 1457 2577 sume
1481 2519 1552 2576 banc
1570 2519 1715 2575 residuam
1724 2521 1832 2592 partem

121 2604 213 2678 tione,
231 2621 330 2679 regem
340 2622 407 2662 oum
420 2610 599 2680 ceteraque
611 2606 747 2680 frequens
757 2607 867 2675 aderat,
879 2606 954 2664 mul·
1007 2610 1147 2667 Dominici
1160 2610 1281 2683 corporis
1295 2609 1379 2681 (477),
1395 2612 1427 2665 ut
1449 2608 1622 2682 comprobata
1641 2609 1695 2664 Dea
1708 2611 1776 2666 teste
1790 2609 1834 2665 iu·

122 2692 252 2751 titudine
263 2694 299 2751 ad
309 2695 400 2752 altare
410 2696 547 2765 evocavit,
561 2696 778 2769 proferensque
789 2713 878 2753 manu
889 2713 952 2753 cor·
1006 2699 1133 2754 nocentia
1147 2701 1206 2766 tua,
1235 2698 1394 2755 obstruatur
1421 2713 1499 2754 omne
1520 2714 1549 2755 os
1576 2696 1722 2754 munaum
1741 2698 1833 2754 teini-

119 2797 179 2857 pus
194 2781 382 2840 Dominicum
404 2785 479 2857 (476)
494 2802 501 2841 :
525 2784 591 2857 Epo,
614 2783 722 2857 inquit,
733 2784 918 2858 jampridem
932 2802 953 2843 a
1007 2804 1061 2861 qua
1075 2787 1120 2823 ¹⁰⁵⁸
1133 2788 1329 2860 perrientium,
1343 2791 1369 2843 et
1382 2802 1427 2843 me
1441 2787 1571 2860 deinceps
1580 2800 1673 2845 causa
1682 2790 1741 2845 tusa
1749 2787 1830 2844 adue·

120 2873 151 2928 te
165 2873 273 2944 tuisque
285 2874 445 2945 {autoribus
462 2872 572 2930 litteras
586 2876 691 2947 accepi,
711 2875 809 2948 quibus
822 2891 866 2931 me
880 2876 952 2930 insi·
1006 2881 1067 2934 cato
1076 2883 1103 2933 et
1111 2877 1276 2935 innocentia
1286 2882 1342 2934 tuae
1350 2877 1584 2933 vehementissimo
1595 2879 1738 2944 assedere,
1749 2877 1831 2947 prin·

119 2960 249 3019 mutatus
263 2961 354 3019 sedem
367 2961 549 3035 apostaticam
560 2979 612 3035 per
634 2962 820 3020 simoniacam
834 2965 952 3020 henaim
1005 2967 1078 3038 cipes
1092 2965 1146 3022 titi
1158 2966 1378 3033 reconcilientur,
1395 2980 1510 3038 repuum
1525 2964 1571 3002 ¹⁸⁸⁹
1590 2965 1763 3034 restituatur,
1775 2980 1832 3022 om·

122 3065 281 3121 occupasse,
295 3054 321 3107 et
334 3052 399 3107 aliis
414 3052 589 3124 quibusdum,
614 3060 670 3108 tam
690 3060 754 3108 ante
768 3053 951 3124 episcopatum
1005 3070 1063 3122 nes,
1079 3055 1177 3129 quitus
1186 3055 1250 3129 jam
1276 3054 1326 3110 diu
1352 3070 1395 3111 res
1416 3054 1530 3129 publica
1556 3061 1683 3123 cenatum,
1699 3054 1832 3112 bellorum

119 3154 205 3212 quam
218 3147 278 3212 post
292 3145 433 3213 acceptum
459 3143 655 3213 episcopatum,
685 3141 850 3197 criminibus
865 3143 949 3198 uitam
1005 3144 1129 3199 ciuilium
1140 3145 1310 3216 tempestates
1321 3144 1351 3198 in
1367 3152 1532 3215 perpetuum
1549 3145 1707 3213 sopiantur.
1717 3142 1758 3200 nd
1770 3142 1832 3200 hac

113 3229 283 3300 nsacutasse,
299 3243 363 3301 quac
381 3227 452 3285 milui
474 3228 624 3286 secundum
646 3231 716 3286 scita
740 3245 873 3285 canonum
889 3246 947 3286 am·
960 3214 986 3285 'C
1006 3229 1066 3303 illa,
1079 3230 1232 3305 inopinata
1247 3247 1277 3286 re
1296 3230 1449 3297 attonitus,
1474 3236 1610 3300 estuare,
1634 3230 1830 3306 tergiversari,

118 3331 186 3373 nem
214 3317 249 3373 ad
276 3333 369 3374 sacres
396 3318 509 3375 ordines
536 3333 675 3374 accessum
702 3316 951 3376 obsicianensium
1005 3318 1831 3392 consiliaeumsuiaiamiliaribussegregatusamultitu·

109 3406 184 3463 -licet
196 3407 348 3464 mularum
362 3406 524 3465 idenecmm
537 3409 608 3465 certe
628 3408 739 3464 testium
753 3408 950 3480 astipulatione
1004 3407 1223 3480 dineconierre,
1235 3407 1515 3481 etquidlactoopus
1535 3405 1829 3480 esseuqnatttertam

118 3495 227 3552 crimen
246 3495 376 3569 refellere
402 3511 511 3568 pamm,
539 3511 635 3552 eorum
662 3497 765 3553 scilicet
780 3498 828 3568 qui
842 3513 950 3553 omnem
1004 3498 1143 3556 horrendi
1157 3497 1300 3554 examinis
1315 3496 1521 3554 necessitatem
1536 3496 1681 3565 evaderet,
1697 3494 1830 3569 trepidus

119 3585 190 3642 uita
202 3600 270 3642 mea
283 3584 318 3641 at
333 3587 446 3642 ineunte
459 3589 541 3643 atate
555 3586 758 3642 institutionem
774 3586 950 3657 inteperrime
1005 3585 1165 3644 consulere.
1182 3586 1343 3659 Resumpto
1353 3586 1474 3642 demum
1494 3583 1611 3658 spiritu,
1625 3584 1741 3645 eausam
1751 3586 1829 3658 apud

119 3676 476 3747 immundarumque·
498 3690 565 3730 nuae
586 3675 622 3730 ad
644 3676 828 3748 episcopatum
840 3691 950 3748 momo-
1003 3672 1830 3750 papamcapitaeabsentiaprincipum‚qutsibttnsavar

120 3763 210 3821 tionis
224 3770 353 3821 auctores
366 3766 481 3836 suerunt
493 3780 499 3819 ι
510 3780 557 3836 epo
567 3772 671 3831 tamen,
681 3780 715 3820 ne
727 3763 850 3821 bumana
853 3766 950 3837 pocius
1005 3764 1046 3822 sis
1059 3764 1146 3821 iidem
1163 3763 1259 3820 adhuc
1282 3763 1427 3837 integram
1457 3767 1635 3832 servassent,
1660 3762 1768 3835 quihus
1783 3764 1829 3799 ¹⁸⁷⁰

118 3868 204 3926 quam
218 3853 314 3910 diuina
330 3853 385 3909 niti
399 3851 494 3909 uidear
517 3855 682 3924 testinwnio,
709 3859 740 3910 ut
752 3855 950 3927 satisfactionis
1003 3850 1407 3926 inconsultisetpotissimum
1418 3852 1589 3910 absentibus
1597 3850 1828 3922 accusatoribus,

120 3941 282 4014 compendio
295 3958 404 4000 omnem
432 3943 561 3999 omnibus
588 3942 716 4001 scandali
742 3945 903 4017 scrupulum
918 3943 951 4001 de
1003 3943 1117 4001 irritam
1133 3943 1193 3999 lore
1208 3942 1432 4016 necquicquam
1447 3939 1829 4014 viriumapudincredulas

118 4029 215 4089 nudie
228 4030 369 4107 culmum,
383 4047 443 4089 ecce
457 4048 565 4105 carpus,
587 4033 771 4102 Dominicum,
787 4032 858 4105 quod
871 4050 950 4090 sum·
1003 4030 1171 4089 habituram
1184 4048 1259 4100 esse,
1271 4046 1489 4104 quamcumque
1499 4047 1552 4104 pro
1562 4029 1739 4104 experienda
1747 4030 1830 4089 inno·

118 4123 221 4195 pturus
236 4136 291 4193 aa,
304 4123 335 4177 in
348 4122 571 4194 experimentum
583 4123 653 4178 mitu
667 4122 748 4178 todia
761 4123 949 4194 1411444444-
1004 4121 1099 4178 centia
1110 4138 1163 4178 sua
1174 4120 1403 4179 satisfactionem
1415 4120 1517 4195 paucis
1527 4121 1578 4193 qui
1590 4120 1711 4177 aderant
1720 4136 1828 4194 propo-

118 4211 168 4267 tia
183 4224 262 4281 mcae,
276 4213 307 4266 ut
321 4210 493 4284 omnipotens
508 4210 579 4266 Deus
605 4225 656 4266 suo
684 4227 728 4267 me
754 4211 833 4268 bodie
841 4212 949 4285 judicio
1003 4207 1828 4283 suisset;proindesedulopapamorarentremintegram

118 4299 164 4357 uct
178 4299 301 4356 absolvat
325 4300 423 4373 objecti
444 4299 574 4356 caminis
601 4300 768 4373 suspicione,
780 4299 806 4356 si
820 4301 949 4358 innocens
1003 4298 1132 4374 generali
1142 4297 1264 4356 concilio
1275 4294 1789 4372 communiqueaudientiadiiierret,
1797 4302 1830 4355 ut

118 4403 194 4461 cum,
207 4390 251 4446 oet
264 4389 412 4446 subitanea
427 4390 568 4447 interimat
584 4389 629 4425 ¹⁹⁸³
645 4397 739 4461 morte,
754 4390 782 4446 si
796 4404 867 4447 reus.
883 4388 949 4446 Hac
991 4384 1236 4462 'ibicongregatis
1249 4387 1469 4446 accusatoribus
1480 4388 1680 4445 etsacundum
1691 4386 1827 4462 legecec-

119 4478 152 4535 at
166 4475 233 4550 aliu,
250 4481 283 4534 ut
297 4477 428 4535 solemne
443 4482 498 4550 est,
527 4476 666 4551 praelatus
694 4477 782 4534 verba
795 4476 948 4548 terribilia,
1002 4476 1181 4534 clesiasticas
1195 4476 1339 4533 discussis
1352 4479 1413 4533 1414
1428 4475 1666 4533 accusationibus
1678 4491 1766 4548 quam
1777 4490 1828 4532 ao·

110 4565 232 4641 ‚quibus
247 4570 339 4624 114444
361 4582 456 4624 44444
480 4583 540 4624 sua
562 4564 907 4638 equissimumjudicem
922 4571 951 4625 et
964 4585 989 4653 Β
1004 4569 1173 4623 casatorum
1201 4564 1345 4638 personis,
1375 4563 1602 4631 conditionibus,
1625 4578 1826 4636 quascumque

111 4654 298 4713 innocentia
314 4658 488 4712 assertorem
507 4655 612 4712 adesse
636 4653 820 4729 precabatur,
836 4658 950 4728 partem
1005 4650 1823 4729 principesregniaquasJ'ndicassent,objectarefelleret.

121 4742 269 4803 Dominici
284 4744 414 4819 corporis
429 4743 540 4817 accepit
554 4748 583 4801 et
605 4743 732 4801 comedit
751 4744 877 4814 (Ianuar.
892 4745 949 4818 28).
1004 4743 1082 4802 Haut
1091 4748 1208 4817 gravate
1219 4759 1294 4816 papa
1303 4742 1412 4814 petenti
1428 4741 1587 4814 adquievit,
1599 4740 1770 4814 expletoque
1781 4757 1827 4799 sa·

109 4818 191 4900 'Qua
202 4832 351 4891 liberrima
361 4832 520 4907 absumpta
530 4830 586 4900 ¹⁹⁸⁸,
597 4848 665 4889 cum
676 4831 793 4906 populis
805 4831 835 4888 in
847 4831 950 4890 laudes
1004 4849 1053 4890 cro
1070 4830 1244 4898 ministerio,
1259 4831 1409 4906 regemari
1431 4829 1588 4904 prandium
1608 4830 1728 4900 vocavit,
1744 4829 1826 4888 beni·

120 4918 184 4989 Dei,
196 4922 369 4980 innocentia
388 4921 453 4994 ejas
461 4923 693 4995 congratulatus,
704 4920 887 4995 aliquamdiu
903 4939 949 4980 ac·
1005 4920 1205 4998 guissimeque
1215 4919 1363 4988 relectum,
1375 4920 1448 4978 etde
1467 4919 1679 4992 omnibusque
1691 4933 1758 4976 aum
1774 4919 1827 4976 ob-

798 5029 920 5086 VARIAE
943 5029 1149 5088 taurianas

158 5119 397 5177 ¹⁹⁸⁸nanot.5?
434 5118 481 5156 ¹⁹⁸⁹
494 5119 616 5177 enasib.
655 5119 701 5157 ¹⁸⁶⁰
715 5118 927 5178 sanctissim'ss.
967 5119 1012 5162 ¹⁸⁸¹
1028 5117 1175 5192 quomodo
1190 5116 1217 5173 4.
1258 5115 1640 5173 “vinsontionensi-ua.
1679 5114 1825 5173 ¹⁸⁸⁸inter-

121 5190 221 5248 veniat
236 5192 263 5247 3.
279 5190 491 5248 interminati.
532 5191 579 5228 ¹⁹⁶⁸
592 5195 746 5263 assumpta
760 5193 787 5247 4.
827 5189 1030 5248 111Ῥ4114114
1071 5190 1116 5226 ¹⁰⁸⁴
1136 5186 1350 5245 dadderioram
1375 5189 1401 5244 4.
1426 5187 1619 5245 discretorum
1643 5188 1824 5246 444441444-

120 5267 220 5320 torum
235 5264 263 5320 3.
305 5262 548 5336 ¹⁹⁸⁷ingennsl.
588 5261 633 5299 ¹⁹⁸⁸
648 5261 748 5335 inique
760 5263 787 5317 5.
828 5262 1026 5319 1111411414.
1065 5262 1111 5298 ¹⁰⁷⁰
1126 5276 1155 5333 q.
1171 5259 1192 5315 i.
1208 5264 1277 5332 etp.
1293 5257 1391 5315 desunt
1406 5260 1431 5314 4.

911 5350 1039 5418 NOTAE.

157 5449 236 5523 (474)
250 5449 285 5507 V.
318 5447 545 5523 promissionem
573 5449 663 5522 regia,
690 5452 766 5506 tion.
797 5449 896 5522 legg,
910 5449 949 5519 ll,
1039 5447 1113 5519 (477)
1127 5445 1228 5503 Simile
1256 5460 1377 5502 examen
1401 5461 1452 5518 per
1466 5444 1674 5503 eucharistiam
1688 5444 1826 5504 Lothario

120 5536 151 5595 p.
165 5522 213 5579 50.
1002 5519 1063 5594 regi
1078 5517 1205 5590 injunxit
1218 5515 1357 5573 Nicotaus
1371 5533 1475 5589 paaaa
1495 5517 1560 5588 869,
1583 5516 1648 5575 Vid.
1664 5515 1825 5594 Reginonis

158 5592 224 5735 (475
248 5591 417 5666 Gregorius.
459 5605 467 5618 ·
999 5587 1105 5650 44441.
1121 5588 1204 5648 adh.
1219 5604 1247 5646 a.

171 5663 223 5720 476
247 5660 452 5724 1644144441.
469 5661 491 5736 l,
512 5662 575 5732 411,
591 5664 653 5721 441.
671 5660 715 5721 16.
