<?xml version="1.0" encoding="UTF-8"?>
<!DOCTYPE html PUBLIC "-//W3C//DTD XHTML 1.0 Transitional//EN"
    "http://www.w3.org/TR/xhtml1/DTD/xhtml1-transitional.dtd">
<html xmlns="http://www.w3.org/1999/xhtml" xml:lang="en" lang="en">
 <head>
  <title>
</title>
<meta http-equiv="Content-Type" content="text/html;charset=utf-8" />
  <meta name='ocr-system' content='tesseract 3.04.00' />
  <meta name='ocr-capabilities' content='ocr_page ocr_carea ocr_par ocr_line ocrx_word'/>
</head>
<body>
  <div class='ocr_page' id='page_1' title='image "./patrologiaecurs01unkngoog_0555.png"; bbox 0 0 3892 6096; ppageno 0'>
   <div class='ocr_carea' id='block_1_1' title="bbox 115 305 1819 381">
    <p class='ocr_par' dir='ltr' id='par_1_1' title="bbox 115 305 1819 381">
     <span class='ocr_line' id='line_1_1' title="bbox 115 305 1819 381; baseline 0.008 -17"><span class='ocrx_word' id='word_1_1' title='bbox 115 305 191 364; x_wconf 85' lang='grc'>4404</span> <span class='ocrx_word' id='word_1_2' title='bbox 746 311 942 372; x_wconf 73' lang='lat' dir='ltr'><strong>abolens.</strong></span> <span class='ocrx_word' id='word_1_3' title='bbox 958 344 997 356; x_wconf 95' lang='lat'>-</span> <span class='ocrx_word' id='word_1_4' title='bbox 1011 311 1075 370; x_wconf 83' lang='lat' dir='ltr'><strong>AN.</strong></span> <span class='ocrx_word' id='word_1_5' title='bbox 1100 312 1188 373; x_wconf 76' lang='lat' dir='ltr'><strong>tots.</strong></span> <span class='ocrx_word' id='word_1_6' title='bbox 1740 320 1819 381; x_wconf 73' lang='lat' dir='ltr'><strong>ltus</strong></span> 
     </span>
    </p>
   </div>
   <div class='ocr_carea' id='block_1_2' title="bbox 110 437 1827 4155">
    <p class='ocr_par' dir='ltr' id='par_1_2' title="bbox 110 437 1821 1934">
     <span class='ocr_line' id='line_1_2' title="bbox 117 437 1821 518; baseline 0.009 -24"><span class='ocrx_word' id='word_1_7' title='bbox 117 437 346 506; x_wconf 88' lang='lat' dir='ltr'><strong>detestantibus,</strong></span> <span class='ocrx_word' id='word_1_8' title='bbox 363 441 440 513; x_wconf 92' lang='lat' dir='ltr'><strong>quod</strong></span> <span class='ocrx_word' id='word_1_9' title='bbox 455 440 639 498; x_wconf 89' lang='lat' dir='ltr'><strong>carissimam</strong></span> <span class='ocrx_word' id='word_1_10' title='bbox 664 446 751 516; x_wconf 90' lang='lat' dir='ltr'><strong>atquo</strong></span> <span class='ocrx_word' id='word_1_11' title='bbox 775 442 941 515; x_wconf 89' lang='lat' dir='ltr'><strong>opinatissi·</strong></span> <span class='ocrx_word' id='word_1_12' title='bbox 956 445 983 511; x_wconf 76' lang='grc' dir='ltr'>Α</span> <span class='ocrx_word' id='word_1_13' title='bbox 999 444 1166 511; x_wconf 87' lang='lat' dir='ltr'><strong>abduceret,</strong></span> <span class='ocrx_word' id='word_1_14' title='bbox 1183 461 1272 517; x_wconf 90' lang='lat' dir='ltr'><strong>seque</strong></span> <span class='ocrx_word' id='word_1_15' title='bbox 1287 447 1346 518; x_wconf 79' lang='lat' dir='ltr'><strong>regi</strong></span> <span class='ocrx_word' id='word_1_16' title='bbox 1359 446 1449 517; x_wconf 88' lang='lat' dir='ltr'><strong>justis</strong></span> <span class='ocrx_word' id='word_1_17' title='bbox 1460 447 1722 507; x_wconf 76' lang='lat' dir='ltr'><strong>conditionibus⁶¹’</strong></span> <span class='ocrx_word' id='word_1_18' title='bbox 1733 451 1821 510; x_wconf 90' lang='lat' dir='ltr'><strong>dede·</strong></span> 
     </span>
     <span class='ocr_line' id='line_1_3' title="bbox 115 527 1821 609; baseline 0.006 -25"><span class='ocrx_word' id='word_1_19' title='bbox 115 544 196 584; x_wconf 88' lang='lat' dir='ltr'><strong>mam</strong></span> <span class='ocrx_word' id='word_1_20' title='bbox 212 527 241 582; x_wconf 92' lang='lat' dir='ltr'><strong>in</strong></span> <span class='ocrx_word' id='word_1_21' title='bbox 257 544 288 584; x_wconf 81' lang='lat' dir='ltr'><strong>re</strong></span> <span class='ocrx_word' id='word_1_22' title='bbox 304 527 602 603; x_wconf 83' lang='lat' dir='ltr'><strong>publioadignitatem</strong></span> <span class='ocrx_word' id='word_1_23' title='bbox 618 536 678 586; x_wconf 91' lang='lat' dir='ltr'><strong>tam</strong></span> <span class='ocrx_word' id='word_1_24' title='bbox 695 532 940 589; x_wconf 81' lang='lat' dir='ltr'><strong>ltadaambitione</strong></span> <span class='ocrx_word' id='word_1_25' title='bbox 995 538 1050 601; x_wconf 89' lang='lat' dir='ltr'><strong>ret,</strong></span> <span class='ocrx_word' id='word_1_26' title='bbox 1067 534 1300 603; x_wconf 87' lang='lat' dir='ltr'><strong>subjuramanto</strong></span> <span class='ocrx_word' id='word_1_27' title='bbox 1316 552 1347 591; x_wconf 86' lang='lat' dir='ltr'><strong>se</strong></span> <span class='ocrx_word' id='word_1_28' title='bbox 1361 537 1387 590; x_wconf 86' lang='lat' dir='ltr'><strong>ci</strong></span> <span class='ocrx_word' id='word_1_29' title='bbox 1411 536 1591 608; x_wconf 77' lang='lat' dir='ltr'>promittere,</span> <span class='ocrx_word' id='word_1_30' title='bbox 1617 539 1696 609; x_wconf 93' lang='lat' dir='ltr'><strong>quod</strong></span> <span class='ocrx_word' id='word_1_31' title='bbox 1719 543 1748 594; x_wconf 92' lang='lat' dir='ltr'><strong>st</strong></span> <span class='ocrx_word' id='word_1_32' title='bbox 1771 554 1821 595; x_wconf 88' lang='lat' dir='ltr'><strong>vs·</strong></span> 
     </span>
     <span class='ocr_line' id='line_1_4' title="bbox 114 617 1821 695; baseline 0.006 -23"><span class='ocrx_word' id='word_1_33' title='bbox 114 617 152 654; x_wconf 78' lang='lat'><strong>⁶¹⁹</strong></span> <span class='ocrx_word' id='word_1_34' title='bbox 167 617 319 689; x_wconf 90' lang='lat' dir='ltr'><strong>potuisset.</strong></span> <span class='ocrx_word' id='word_1_35' title='bbox 340 623 462 675; x_wconf 76' lang='lat' dir='ltr'><strong>Noverat</strong></span> <span class='ocrx_word' id='word_1_36' title='bbox 489 635 548 686; x_wconf 83' lang='lat' dir='ltr'><strong>rex,</strong></span> <span class='ocrx_word' id='word_1_37' title='bbox 572 618 644 675; x_wconf 92' lang='lat' dir='ltr'><strong>baut</strong></span> <span class='ocrx_word' id='word_1_38' title='bbox 665 621 737 677; x_wconf 89' lang='lat' dir='ltr'><strong>satis</strong></span> <span class='ocrx_word' id='word_1_39' title='bbox 762 621 938 693; x_wconf 87' lang='lat' dir='ltr'><strong>placiturum</strong></span> <span class='ocrx_word' id='word_1_40' title='bbox 996 623 1074 679; x_wconf 91' lang='lat' dir='ltr'><strong>niam</strong></span> <span class='ocrx_word' id='word_1_41' title='bbox 1091 623 1193 695; x_wconf 79' lang='lat' dir='ltr'><strong>culpa,</strong></span> <span class='ocrx_word' id='word_1_42' title='bbox 1209 625 1297 695; x_wconf 88' lang='lat' dir='ltr'><strong>cujus</strong></span> <span class='ocrx_word' id='word_1_43' title='bbox 1312 624 1503 682; x_wconf 86' lang='lat' dir='ltr'><strong>insimulatus</strong></span> <span class='ocrx_word' id='word_1_44' title='bbox 1519 626 1623 694; x_wconf 84' lang='lat' dir='ltr'><strong>luerat,</strong></span> <span class='ocrx_word' id='word_1_45' title='bbox 1639 630 1669 682; x_wconf 88' lang='lat' dir='ltr'><strong>et</strong></span> <span class='ocrx_word' id='word_1_46' title='bbox 1687 626 1821 684; x_wconf 90' lang='lat' dir='ltr'><strong>omnium</strong></span> 
     </span>
     <span class='ocr_line' id='line_1_5' title="bbox 113 705 1821 788; baseline 0.006 -26"><span class='ocrx_word' id='word_1_47' title='bbox 113 705 300 777; x_wconf 86' lang='lat' dir='ltr'><strong>principibus</strong></span> <span class='ocrx_word' id='word_1_48' title='bbox 316 706 465 777; x_wconf 70' lang='lat' dir='ltr'><strong>baioarica,</strong></span> <span class='ocrx_word' id='word_1_49' title='bbox 482 708 561 778; x_wconf 91' lang='lat' dir='ltr'><strong>quod</strong></span> <span class='ocrx_word' id='word_1_50' title='bbox 577 707 632 764; x_wconf 93' lang='lat' dir='ltr'><strong>hoo</strong></span> <span class='ocrx_word' id='word_1_51' title='bbox 646 713 708 764; x_wconf 90' lang='lat' dir='ltr'><strong>tum</strong></span> <span class='ocrx_word' id='word_1_52' title='bbox 724 710 940 766; x_wconf 69' lang='grc'><strong>04444444444-</strong></span> <span class='ocrx_word' id='word_1_53' title='bbox 995 729 1058 784; x_wconf 78' lang='lat' dir='ltr'><strong>qua</strong></span> <span class='ocrx_word' id='word_1_54' title='bbox 1070 713 1139 783; x_wconf 87' lang='lat' dir='ltr'><strong>jure</strong></span> <span class='ocrx_word' id='word_1_55' title='bbox 1155 711 1224 767; x_wconf 91' lang='lat' dir='ltr'><strong>belli</strong></span> <span class='ocrx_word' id='word_1_56' title='bbox 1240 711 1381 769; x_wconf 88' lang='lat' dir='ltr'><strong>amiserat</strong></span> <span class='ocrx_word' id='word_1_57' title='bbox 1394 714 1610 770; x_wconf 87' lang='lat' dir='ltr'><strong>restitutionem</strong></span> <span class='ocrx_word' id='word_1_58' title='bbox 1632 715 1658 770; x_wconf 91' lang='lat' dir='ltr'><strong>ei</strong></span> <span class='ocrx_word' id='word_1_59' title='bbox 1673 715 1707 752; x_wconf 80' lang='lat'><strong>⁸⁸⁰</strong></span> <span class='ocrx_word' id='word_1_60' title='bbox 1721 733 1739 772; x_wconf 87' lang='lat' dir='ltr'><strong>a</strong></span> <span class='ocrx_word' id='word_1_61' title='bbox 1753 730 1821 788; x_wconf 80' lang='lat' dir='ltr'><strong>rege</strong></span> 
     </span>
     <span class='ocr_line' id='line_1_6' title="bbox 113 795 1820 876; baseline 0.005 -25"><span class='ocrx_word' id='word_1_62' title='bbox 113 795 349 866; x_wconf 89' lang='lat' dir='ltr'><strong>remetjus‚tum</strong></span> <span class='ocrx_word' id='word_1_63' title='bbox 361 795 618 866; x_wconf 85' lang='lat' dir='ltr'><strong>ipsiainconsultis</strong></span> <span class='ocrx_word' id='word_1_64' title='bbox 629 798 938 870; x_wconf 79' lang='lat' dir='ltr'><strong>lactumluissetl239l‚</strong></span> <span class='ocrx_word' id='word_1_65' title='bbox 993 801 1175 872; x_wconf 78' lang='lat' dir='ltr'><strong>impetraret.</strong></span> <span class='ocrx_word' id='word_1_66' title='bbox 1191 803 1347 859; x_wconf 85' lang='lat' dir='ltr'><strong>Annuente</strong></span> <span class='ocrx_word' id='word_1_67' title='bbox 1361 818 1405 872; x_wconf 90' lang='lat' dir='ltr'><strong>eo,</strong></span> <span class='ocrx_word' id='word_1_68' title='bbox 1422 818 1483 858; x_wconf 94' lang='lat' dir='ltr'><strong>rem</strong></span> <span class='ocrx_word' id='word_1_69' title='bbox 1499 803 1535 858; x_wconf 90' lang='lat' dir='ltr'><strong>ad</strong></span> <span class='ocrx_word' id='word_1_70' title='bbox 1551 817 1648 876; x_wconf 83' lang='lat' dir='ltr'><strong>regem</strong></span> <span class='ocrx_word' id='word_1_71' title='bbox 1664 801 1779 872; x_wconf 88' lang='lat' dir='ltr'><strong>detulit,</strong></span> <span class='ocrx_word' id='word_1_72' title='bbox 1790 809 1820 862; x_wconf 87' lang='lat' dir='ltr'><strong>et</strong></span> 
     </span>
     <span class='ocr_line' id='line_1_7' title="bbox 112 884 1819 966; baseline 0.006 -27"><span class='ocrx_word' id='word_1_73' title='bbox 112 886 145 940; x_wconf 91' lang='lat' dir='ltr'><strong>et</strong></span> <span class='ocrx_word' id='word_1_74' title='bbox 161 889 313 956; x_wconf 85' lang='lat' dir='ltr'><strong>propterea</strong></span> <span class='ocrx_word' id='word_1_75' title='bbox 328 884 591 954; x_wconf 88' lang='lat' dir='ltr'><strong>quantociusirein</strong></span> <span class='ocrx_word' id='word_1_76' title='bbox 602 885 766 957; x_wconf 84' lang='lat' dir='ltr'><strong>Bajoariam</strong></span> <span class='ocrx_word' id='word_1_77' title='bbox 781 888 938 960; x_wconf 82' lang='lat' dir='ltr'><strong>cogitabat,</strong></span> <span class='ocrx_word' id='word_1_78' title='bbox 994 906 1061 946; x_wconf 92' lang='lat' dir='ltr'><strong>eum</strong></span> <span class='ocrx_word' id='word_1_79' title='bbox 1078 890 1149 947; x_wconf 90' lang='lat' dir='ltr'><strong>baut</strong></span> <span class='ocrx_word' id='word_1_80' title='bbox 1165 889 1322 946; x_wconf 82' lang='lat' dir='ltr'><strong>difficulter</strong></span> <span class='ocrx_word' id='word_1_81' title='bbox 1335 889 1366 946; x_wconf 91' lang='lat' dir='ltr'><strong>in</strong></span> <span class='ocrx_word' id='word_1_82' title='bbox 1382 891 1555 947; x_wconf 87' lang='lat' dir='ltr'><strong>sententiam</strong></span> <span class='ocrx_word' id='word_1_83' title='bbox 1571 891 1701 959; x_wconf 81' lang='lat' dir='ltr'><strong>adduxit,</strong></span> <span class='ocrx_word' id='word_1_84' title='bbox 1709 892 1819 966; x_wconf 86' lang='lat' dir='ltr'><strong>quippo</strong></span> 
     </span>
     <span class='ocr_line' id='line_1_8' title="bbox 112 972 1819 1053; baseline 0.006 -26"><span class='ocrx_word' id='word_1_85' title='bbox 112 975 149 1028; x_wconf 93' lang='lat' dir='ltr'><strong>ut</strong></span> <span class='ocrx_word' id='word_1_86' title='bbox 168 972 341 1038; x_wconf 90' lang='lat' dir='ltr'><strong>tumultum,</strong></span> <span class='ocrx_word' id='word_1_87' title='bbox 358 972 382 1028; x_wconf 92' lang='lat' dir='ltr'><strong>si</strong></span> <span class='ocrx_word' id='word_1_88' title='bbox 399 972 465 1044; x_wconf 93' lang='lat' dir='ltr'><strong>quis</strong></span> <span class='ocrx_word' id='word_1_89' title='bbox 481 973 555 1029; x_wconf 83' lang='lat' dir='ltr'><strong>forte</strong></span> <span class='ocrx_word' id='word_1_90' title='bbox 570 975 706 1043; x_wconf 86' lang='lat' dir='ltr'><strong>oriretur,</strong></span> <span class='ocrx_word' id='word_1_91' title='bbox 723 993 776 1049; x_wconf 88' lang='lat' dir='ltr'><strong>per</strong></span> <span class='ocrx_word' id='word_1_92' title='bbox 791 993 822 1032; x_wconf 93' lang='lat' dir='ltr'><strong>se</strong></span> <span class='ocrx_word' id='word_1_93' title='bbox 841 976 940 1048; x_wconf 89' lang='lat' dir='ltr'><strong>ipsum</strong></span> <span class='ocrx_word' id='word_1_94' title='bbox 994 979 1179 1035; x_wconf 81' lang='lat' dir='ltr'><strong>cumtadere</strong></span> <span class='ocrx_word' id='word_1_95' title='bbox 1191 995 1257 1039; x_wconf 87' lang='lat' dir='ltr'><strong>eum</strong></span> <span class='ocrx_word' id='word_1_96' title='bbox 1271 979 1334 1050; x_wconf 81' lang='lat' dir='ltr'><strong>jam</strong></span> <span class='ocrx_word' id='word_1_97' title='bbox 1350 978 1418 1034; x_wconf 85' lang='lat' dir='ltr'><strong>belli</strong></span> <span class='ocrx_word' id='word_1_98' title='bbox 1434 980 1579 1052; x_wconf 84' lang='lat' dir='ltr'><strong>ooepissat,</strong></span> <span class='ocrx_word' id='word_1_99' title='bbox 1595 980 1673 1052; x_wconf 92' lang='lat' dir='ltr'><strong>quod</strong></span> <span class='ocrx_word' id='word_1_100' title='bbox 1699 986 1819 1053; x_wconf 85' lang='lat' dir='ltr'><strong>propter</strong></span> 
     </span>
     <span class='ocr_line' id='line_1_9' title="bbox 112 1061 1817 1142; baseline 0.005 -25"><span class='ocrx_word' id='word_1_101' title='bbox 112 1061 296 1134; x_wconf 77' lang='lat' dir='ltr'><strong>reprimeret.</strong></span> <span class='ocrx_word' id='word_1_102' title='bbox 312 1061 367 1116; x_wconf 85' lang='lat' dir='ltr'><strong>Sed</strong></span> <span class='ocrx_word' id='word_1_103' title='bbox 383 1061 530 1118; x_wconf 89' lang='lat' dir='ltr'><strong>ediverso</strong></span> <span class='ocrx_word' id='word_1_104' title='bbox 546 1062 617 1119; x_wconf 90' lang='lat' dir='ltr'><strong>haut</strong></span> <span class='ocrx_word' id='word_1_105' title='bbox 627 1065 745 1121; x_wconf 89' lang='lat' dir='ltr'><strong>nescius</strong></span> <span class='ocrx_word' id='word_1_106' title='bbox 758 1071 830 1133; x_wconf 90' lang='lat' dir='ltr'><strong>erat,</strong></span> <span class='ocrx_word' id='word_1_107' title='bbox 843 1067 868 1123; x_wconf 92' lang='lat' dir='ltr'><strong>si</strong></span> <span class='ocrx_word' id='word_1_108' title='bbox 878 1065 941 1136; x_wconf 87' lang='lat' dir='ltr'><strong>ipse</strong></span> <span class='ocrx_word' id='word_1_109' title='bbox 995 1068 1141 1142; x_wconf 88' lang='lat' dir='ltr'><strong>privatum</strong></span> <span class='ocrx_word' id='word_1_110' title='bbox 1158 1067 1285 1123; x_wconf 90' lang='lat' dir='ltr'><strong>bominis</strong></span> <span class='ocrx_word' id='word_1_111' title='bbox 1300 1083 1429 1125; x_wconf 87' lang='lat' dir='ltr'><strong>amoram</strong></span> <span class='ocrx_word' id='word_1_112' title='bbox 1445 1085 1462 1124; x_wconf 88' lang='lat' dir='ltr'><strong>a</strong></span> <span class='ocrx_word' id='word_1_113' title='bbox 1477 1067 1659 1142; x_wconf 89' lang='lat' dir='ltr'><strong>principibus</strong></span> <span class='ocrx_word' id='word_1_114' title='bbox 1670 1084 1723 1141; x_wconf 88' lang='lat' dir='ltr'><strong>per</strong></span> <span class='ocrx_word' id='word_1_115' title='bbox 1735 1068 1817 1142; x_wconf 81' lang='lat' dir='ltr'><strong>inge·</strong></span> 
     </span>
     <span class='ocr_line' id='line_1_10' title="bbox 111 1148 1817 1229; baseline 0.005 -24"><span class='ocrx_word' id='word_1_116' title='bbox 111 1148 232 1222; x_wconf 84' lang='lat' dir='ltr'><strong>longius</strong></span> <span class='ocrx_word' id='word_1_117' title='bbox 248 1150 369 1219; x_wconf 88' lang='lat' dir='ltr'><strong>abisset,</strong></span> <span class='ocrx_word' id='word_1_118' title='bbox 384 1149 611 1224; x_wconf 75' lang='lat' dir='ltr'><strong>bostesillicolin</strong></span> <span class='ocrx_word' id='word_1_119' title='bbox 622 1152 785 1210; x_wconf 86' lang='lat' dir='ltr'><strong>Goslariam</strong></span> <span class='ocrx_word' id='word_1_120' title='bbox 796 1154 940 1226; x_wconf 88' lang='lat' dir='ltr'><strong>impetum</strong></span> <span class='ocrx_word' id='word_1_121' title='bbox 996 1156 1078 1211; x_wconf 91' lang='lat' dir='ltr'><strong>nium</strong></span> <span class='ocrx_word' id='word_1_122' title='bbox 1094 1155 1172 1212; x_wconf 87' lang='lat' dir='ltr'><strong>trabi</strong></span> <span class='ocrx_word' id='word_1_123' title='bbox 1188 1171 1221 1211; x_wconf 89' lang='lat' dir='ltr'><strong>ac</strong></span> <span class='ocrx_word' id='word_1_124' title='bbox 1236 1155 1364 1228; x_wconf 80' lang='lat' dir='ltr'><strong>seguiter</strong></span> <span class='ocrx_word' id='word_1_125' title='bbox 1377 1156 1439 1227; x_wconf 80' lang='lat' dir='ltr'><strong>geri</strong></span> <span class='ocrx_word' id='word_1_126' title='bbox 1450 1157 1577 1214; x_wconf 84' lang='lat' dir='ltr'><strong>videbat.</strong></span> <span class='ocrx_word' id='word_1_127' title='bbox 1593 1156 1667 1214; x_wconf 87' lang='lat' dir='ltr'><strong>Pace</strong></span> <span class='ocrx_word' id='word_1_128' title='bbox 1691 1157 1817 1229; x_wconf 75' lang='lat' dir='ltr'><strong>perlue·</strong></span> 
     </span>
     <span class='ocr_line' id='line_1_11' title="bbox 111 1238 1819 1317; baseline 0.005 -24"><span class='ocrx_word' id='word_1_129' title='bbox 111 1239 242 1295; x_wconf 78' lang='lat' dir='ltr'><strong>facturos</strong></span> <span class='ocrx_word' id='word_1_130' title='bbox 257 1243 286 1294; x_wconf 90' lang='lat' dir='ltr'><strong>et</strong></span> <span class='ocrx_word' id='word_1_131' title='bbox 301 1238 498 1295; x_wconf 88' lang='lat' dir='ltr'><strong>clarissimum</strong></span> <span class='ocrx_word' id='word_1_132' title='bbox 515 1239 589 1296; x_wconf 90' lang='lat' dir='ltr'><strong>illud</strong></span> <span class='ocrx_word' id='word_1_133' title='bbox 605 1242 686 1312; x_wconf 72' lang='lat' dir='ltr'><strong>regni</strong></span> <span class='ocrx_word' id='word_1_134' title='bbox 708 1242 890 1299; x_wconf 82' lang='lat' dir='ltr'><strong>domicilium</strong></span> <span class='ocrx_word' id='word_1_135' title='bbox 909 1243 939 1299; x_wconf 91' lang='lat' dir='ltr'><strong>in</strong></span> <span class='ocrx_word' id='word_1_136' title='bbox 992 1245 1154 1317; x_wconf 90' lang='lat' dir='ltr'><strong>jurandum</strong></span> <span class='ocrx_word' id='word_1_137' title='bbox 1174 1245 1323 1315; x_wconf 88' lang='lat' dir='ltr'><strong>utrimque</strong></span> <span class='ocrx_word' id='word_1_138' title='bbox 1346 1243 1474 1313; x_wconf 89' lang='lat' dir='ltr'><strong>llrmata,</strong></span> <span class='ocrx_word' id='word_1_139' title='bbox 1501 1245 1628 1303; x_wconf 78' lang='lat' dir='ltr'><strong>inducias</strong></span> <span class='ocrx_word' id='word_1_140' title='bbox 1649 1246 1724 1302; x_wconf 83' lang='lat' dir='ltr'><strong>data</strong></span> <span class='ocrx_word' id='word_1_141' title='bbox 1747 1248 1819 1302; x_wconf 91' lang='lat' dir='ltr'><strong>aunt</strong></span> 
     </span>
     <span class='ocr_line' id='line_1_12' title="bbox 110 1327 1819 1406; baseline 0.005 -23"><span class='ocrx_word' id='word_1_142' title='bbox 110 1327 148 1364; x_wconf 81' lang='lat'><strong>‘¹¹</strong></span> <span class='ocrx_word' id='word_1_143' title='bbox 166 1328 293 1384; x_wconf 87' lang='lat' dir='ltr'><strong>cinerem</strong></span> <span class='ocrx_word' id='word_1_144' title='bbox 309 1329 489 1385; x_wconf 87' lang='lat' dir='ltr'><strong>redacturos.</strong></span> <span class='ocrx_word' id='word_1_145' title='bbox 505 1335 632 1402; x_wconf 82' lang='lat' dir='ltr'><strong>Accepto</strong></span> <span class='ocrx_word' id='word_1_146' title='bbox 643 1347 660 1386; x_wconf 91' lang='lat' dir='ltr'><strong>a</strong></span> <span class='ocrx_word' id='word_1_147' title='bbox 672 1330 867 1388; x_wconf 79' lang='lat' dir='ltr'><strong>familiaribus</strong></span> <span class='ocrx_word' id='word_1_148' title='bbox 878 1332 940 1389; x_wconf 89' lang='lat' dir='ltr'><strong>suis</strong></span> <span class='ocrx_word' id='word_1_149' title='bbox 994 1333 1093 1390; x_wconf 89' lang='lat' dir='ltr'><strong>Ottoni</strong></span> <span class='ocrx_word' id='word_1_150' title='bbox 1108 1333 1176 1389; x_wconf 91' lang='lat' dir='ltr'><strong>duci</strong></span> <span class='ocrx_word' id='word_1_151' title='bbox 1193 1331 1331 1406; x_wconf 86' lang='lat' dir='ltr'><strong>usquein</strong></span> <span class='ocrx_word' id='word_1_152' title='bbox 1347 1334 1467 1405; x_wconf 90' lang='lat' dir='ltr'><strong>pascha,</strong></span> <span class='ocrx_word' id='word_1_153' title='bbox 1478 1333 1670 1390; x_wconf 88' lang='lat' dir='ltr'><strong>utColoniam</strong></span> <span class='ocrx_word' id='word_1_154' title='bbox 1686 1333 1819 1403; x_wconf 87' lang='lat' dir='ltr'><strong>veniens,</strong></span> 
     </span>
     <span class='ocr_line' id='line_1_13' title="bbox 111 1416 1819 1495; baseline 0.003 -21"><span class='ocrx_word' id='word_1_155' title='bbox 111 1416 247 1484; x_wconf 86' lang='lat' dir='ltr'><strong>oonsilio,</strong></span> <span class='ocrx_word' id='word_1_156' title='bbox 264 1417 408 1489; x_wconf 92' lang='lat' dir='ltr'><strong>quosdam</strong></span> <span class='ocrx_word' id='word_1_157' title='bbox 423 1417 554 1474; x_wconf 76' lang='lat' dir='ltr'><strong>Saxonis</strong></span> <span class='ocrx_word' id='word_1_158' title='bbox 570 1419 716 1491; x_wconf 87' lang='lat' dir='ltr'><strong>principes</strong></span> <span class='ocrx_word' id='word_1_159' title='bbox 729 1419 788 1476; x_wconf 90' lang='lat' dir='ltr'><strong>illic</strong></span> <span class='ocrx_word' id='word_1_160' title='bbox 813 1421 939 1493; x_wconf 77' lang='lat' dir='ltr'><strong>presidii</strong></span> <span class='ocrx_word' id='word_1_161' title='bbox 995 1421 1177 1478; x_wconf 83' lang='lat' dir='ltr'><strong>dedicionem</strong></span> <span class='ocrx_word' id='word_1_162' title='bbox 1194 1421 1257 1494; x_wconf 84' lang='lat' dir='ltr'><strong>lega</strong></span> <span class='ocrx_word' id='word_1_163' title='bbox 1271 1436 1361 1493; x_wconf 92' lang='lat' dir='ltr'><strong>quam</strong></span> <span class='ocrx_word' id='word_1_164' title='bbox 1377 1422 1524 1495; x_wconf 88' lang='lat' dir='ltr'><strong>principes</strong></span> <span class='ocrx_word' id='word_1_165' title='bbox 1549 1438 1664 1495; x_wconf 81' lang='lat' dir='ltr'><strong>requam</strong></span> <span class='ocrx_word' id='word_1_166' title='bbox 1685 1420 1819 1493; x_wconf 84' lang='lat' dir='ltr'><strong>judicus·</strong></span> 
     </span>
     <span class='ocr_line' id='line_1_14' title="bbox 111 1504 1819 1582; baseline 0.003 -19"><span class='ocrx_word' id='word_1_167' title='bbox 111 1521 205 1563; x_wconf 83' lang='lat' dir='ltr'><strong>causa</strong></span> <span class='ocrx_word' id='word_1_168' title='bbox 219 1504 356 1577; x_wconf 87' lang='lat' dir='ltr'><strong>reliquit;</strong></span> <span class='ocrx_word' id='word_1_169' title='bbox 372 1510 401 1562; x_wconf 89' lang='lat' dir='ltr'><strong>et</strong></span> <span class='ocrx_word' id='word_1_170' title='bbox 416 1505 490 1580; x_wconf 84' lang='lat' dir='ltr'><strong>ipae,</strong></span> <span class='ocrx_word' id='word_1_171' title='bbox 507 1508 584 1563; x_wconf 88' lang='lat' dir='ltr'><strong>sicut</strong></span> <span class='ocrx_word' id='word_1_172' title='bbox 598 1508 775 1577; x_wconf 91' lang='lat' dir='ltr'><strong>instituerat,</strong></span> <span class='ocrx_word' id='word_1_173' title='bbox 792 1510 822 1565; x_wconf 91' lang='lat' dir='ltr'><strong>in</strong></span> <span class='ocrx_word' id='word_1_174' title='bbox 837 1510 940 1581; x_wconf 76' lang='lat' dir='ltr'><strong>Baioa·</strong></span> <span class='ocrx_word' id='word_1_175' title='bbox 995 1515 1059 1567; x_wconf 89' lang='lat' dir='ltr'><strong>seut</strong></span> <span class='ocrx_word' id='word_1_176' title='bbox 1074 1510 1234 1582; x_wconf 86' lang='lat' dir='ltr'><strong>perliceret.</strong></span> <span class='ocrx_word' id='word_1_177' title='bbox 1253 1510 1331 1569; x_wconf 90' lang='lat' dir='ltr'><strong>lnter</strong></span> <span class='ocrx_word' id='word_1_178' title='bbox 1346 1511 1400 1568; x_wconf 90' lang='lat' dir='ltr'><strong>bas</strong></span> <span class='ocrx_word' id='word_1_179' title='bbox 1416 1511 1561 1578; x_wconf 87' lang='lat' dir='ltr'><strong>inducias,</strong></span> <span class='ocrx_word' id='word_1_180' title='bbox 1577 1512 1649 1567; x_wconf 91' lang='lat' dir='ltr'><strong>dum</strong></span> <span class='ocrx_word' id='word_1_181' title='bbox 1669 1511 1729 1568; x_wconf 85' lang='lat' dir='ltr'><strong>dux</strong></span> <span class='ocrx_word' id='word_1_182' title='bbox 1751 1510 1819 1568; x_wconf 90' lang='lat' dir='ltr'><strong>Otto</strong></span> 
     </span>
     <span class='ocr_line' id='line_1_15' title="bbox 111 1594 1817 1671; baseline 0.002 -19"><span class='ocrx_word' id='word_1_183' title='bbox 111 1595 189 1652; x_wconf 86' lang='lat' dir='ltr'><strong>riam</strong></span> <span class='ocrx_word' id='word_1_184' title='bbox 204 1594 349 1667; x_wconf 84' lang='lat' dir='ltr'><strong>pmficisci</strong></span> <span class='ocrx_word' id='word_1_185' title='bbox 360 1595 491 1667; x_wconf 89' lang='lat' dir='ltr'><strong>parabat.</strong></span> <span class='ocrx_word' id='word_1_186' title='bbox 505 1597 688 1654; x_wconf 84' lang='lat' dir='ltr'><strong>intereadux</strong></span> <span class='ocrx_word' id='word_1_187' title='bbox 697 1597 764 1655; x_wconf 85' lang='lat' dir='ltr'><strong>Otto</strong></span> <span class='ocrx_word' id='word_1_188' title='bbox 771 1599 873 1654; x_wconf 89' lang='lat' dir='ltr'><strong>videns</strong></span> <span class='ocrx_word' id='word_1_189' title='bbox 883 1598 939 1655; x_wconf 91' lang='lat' dir='ltr'><strong>sibi</strong></span> <span class='ocrx_word' id='word_1_190' title='bbox 994 1600 1165 1667; x_wconf 84' lang='lat' dir='ltr'><strong>exercitum,</strong></span> <span class='ocrx_word' id='word_1_191' title='bbox 1181 1598 1314 1671; x_wconf 79' lang='lat' dir='ltr'><strong>singulos</strong></span> <span class='ocrx_word' id='word_1_192' title='bbox 1328 1601 1358 1656; x_wconf 92' lang='lat' dir='ltr'><strong>in</strong></span> <span class='ocrx_word' id='word_1_193' title='bbox 1374 1616 1440 1666; x_wconf 88' lang='lat' dir='ltr'><strong>sua,</strong></span> <span class='ocrx_word' id='word_1_194' title='bbox 1457 1599 1628 1668; x_wconf 88' lang='lat' dir='ltr'><strong>dimisisset,</strong></span> <span class='ocrx_word' id='word_1_195' title='bbox 1654 1598 1817 1657; x_wconf 70' lang='lat' dir='ltr'><strong>ltsthori⁸²¹</strong></span> 
     </span>
     <span class='ocr_line' id='line_1_16' title="bbox 111 1682 1817 1759; baseline 0.002 -18"><span class='ocrx_word' id='word_1_196' title='bbox 111 1682 189 1741; x_wconf 90' lang='lat' dir='ltr'><strong>nibil</strong></span> <span class='ocrx_word' id='word_1_197' title='bbox 199 1683 263 1755; x_wconf 87' lang='lat' dir='ltr'><strong>jam</strong></span> <span class='ocrx_word' id='word_1_198' title='bbox 276 1683 339 1756; x_wconf 89' lang='lat' dir='ltr'><strong>spei</strong></span> <span class='ocrx_word' id='word_1_199' title='bbox 355 1683 500 1755; x_wconf 90' lang='lat' dir='ltr'><strong>reliquum</strong></span> <span class='ocrx_word' id='word_1_200' title='bbox 516 1701 591 1753; x_wconf 87' lang='lat' dir='ltr'><strong>ease,</strong></span> <span class='ocrx_word' id='word_1_201' title='bbox 607 1687 731 1757; x_wconf 88' lang='lat' dir='ltr'><strong>cujusot</strong></span> <span class='ocrx_word' id='word_1_202' title='bbox 750 1687 826 1744; x_wconf 88' lang='lat' dir='ltr'><strong>bona</strong></span> <span class='ocrx_word' id='word_1_203' title='bbox 841 1686 941 1744; x_wconf 89' lang='lat' dir='ltr'><strong>omnia</strong></span> <span class='ocrx_word' id='word_1_204' title='bbox 994 1701 1092 1742; x_wconf 89' lang='lat' dir='ltr'><strong>comes</strong></span> <span class='ocrx_word' id='word_1_205' title='bbox 1108 1685 1194 1757; x_wconf 87' lang='grc'>(243),</span> <span class='ocrx_word' id='word_1_206' title='bbox 1210 1688 1339 1758; x_wconf 88' lang='lat' dir='ltr'><strong>partium</strong></span> <span class='ocrx_word' id='word_1_207' title='bbox 1354 1689 1419 1758; x_wconf 85' lang='lat' dir='ltr'><strong>ejus</strong></span> <span class='ocrx_word' id='word_1_208' title='bbox 1443 1687 1516 1743; x_wconf 88' lang='lat' dir='ltr'><strong>baut</strong></span> <span class='ocrx_word' id='word_1_209' title='bbox 1536 1686 1599 1744; x_wconf 85' lang='lat' dir='ltr'><strong>love</strong></span> <span class='ocrx_word' id='word_1_210' title='bbox 1622 1691 1817 1759; x_wconf 88' lang='lat' dir='ltr'><strong>momentum,</strong></span> 
     </span>
     <span class='ocr_line' id='line_1_17' title="bbox 113 1771 1817 1848; baseline 0.001 -19"><span class='ocrx_word' id='word_1_211' title='bbox 113 1772 236 1829; x_wconf 85' lang='lat' dir='ltr'><strong>flamma</strong></span> <span class='ocrx_word' id='word_1_212' title='bbox 250 1771 367 1828; x_wconf 90' lang='lat' dir='ltr'><strong>hostilis</strong></span> <span class='ocrx_word' id='word_1_213' title='bbox 383 1772 582 1846; x_wconf 88' lang='lat' dir='ltr'><strong>absumpisset</strong></span> <span class='ocrx_word' id='word_1_214' title='bbox 596 1778 625 1830; x_wconf 89' lang='lat' dir='ltr'><strong>et</strong></span> <span class='ocrx_word' id='word_1_215' title='bbox 647 1775 788 1831; x_wconf 90' lang='lat' dir='ltr'><strong>ducatum</strong></span> <span class='ocrx_word' id='word_1_216' title='bbox 809 1775 885 1832; x_wconf 91' lang='lat' dir='ltr'><strong>alius</strong></span> <span class='ocrx_word' id='word_1_217' title='bbox 909 1776 938 1831; x_wconf 91' lang='lat' dir='ltr'><strong>in</strong></span> <span class='ocrx_word' id='word_1_218' title='bbox 995 1775 1110 1831; x_wconf 88' lang='lat' dir='ltr'><strong>occisus</strong></span> <span class='ocrx_word' id='word_1_219' title='bbox 1119 1778 1164 1830; x_wconf 89' lang='lat' dir='ltr'><strong>est</strong></span> <span class='ocrx_word' id='word_1_220' title='bbox 1172 1775 1208 1830; x_wconf 89' lang='lat' dir='ltr'><strong>ab</strong></span> <span class='ocrx_word' id='word_1_221' title='bbox 1220 1774 1355 1832; x_wconf 90' lang='lat' dir='ltr'><strong>hostibus</strong></span> <span class='ocrx_word' id='word_1_222' title='bbox 1364 1774 1426 1832; x_wconf 91' lang='lat' dir='ltr'><strong>suis</strong></span> <span class='ocrx_word' id='word_1_223' title='bbox 1437 1775 1703 1847; x_wconf 84' lang='lat' dir='ltr'><strong>propterquasdam</strong></span> <span class='ocrx_word' id='word_1_224' title='bbox 1711 1773 1749 1811; x_wconf 77' lang='lat'><strong>“¹</strong></span> <span class='ocrx_word' id='word_1_225' title='bbox 1757 1774 1817 1848; x_wconf 91' lang='lat' dir='ltr'><strong>pri-</strong></span> 
     </span>
     <span class='ocr_line' id='line_1_18' title="bbox 113 1860 1264 1934; baseline 0.001 -15"><span class='ocrx_word' id='word_1_226' title='bbox 113 1877 201 1919; x_wconf 87' lang='lat' dir='ltr'><strong>suam</strong></span> <span class='ocrx_word' id='word_1_227' title='bbox 218 1861 406 1934; x_wconf 87' lang='lat' dir='ltr'><strong>potissimum</strong></span> <span class='ocrx_word' id='word_1_228' title='bbox 426 1860 633 1919; x_wconf 88' lang='lat' dir='ltr'><strong>contumeliam</strong></span> <span class='ocrx_word' id='word_1_229' title='bbox 644 1863 811 1930; x_wconf 74' lang='lat' dir='ltr'><strong>invasisset,</strong></span> <span class='ocrx_word' id='word_1_230' title='bbox 825 1863 939 1931; x_wconf 76' lang='lat' dir='ltr'><strong>statuit,</strong></span> <span class='ocrx_word' id='word_1_231' title='bbox 993 1866 1075 1920; x_wconf 85' lang='lat' dir='ltr'><strong>vataa</strong></span> <span class='ocrx_word' id='word_1_232' title='bbox 1089 1862 1264 1920; x_wconf 86' lang='lat' dir='ltr'><strong>simultates.</strong></span> 
     </span>
    </p>

    <p class='ocr_par' dir='ltr' id='par_1_3' title="bbox 110 1949 1818 2113">
     <span class='ocr_line' id='line_1_19' title="bbox 111 1949 1818 2024; baseline 0.001 -18"><span class='ocrx_word' id='word_1_233' title='bbox 111 1966 176 2007; x_wconf 89' lang='lat' dir='ltr'><strong>rem</strong></span> <span class='ocrx_word' id='word_1_234' title='bbox 192 1950 222 2005; x_wconf 92' lang='lat' dir='ltr'><strong>in</strong></span> <span class='ocrx_word' id='word_1_235' title='bbox 233 1954 394 2005; x_wconf 87' lang='lat' dir='ltr'><strong>extmmum</strong></span> <span class='ocrx_word' id='word_1_236' title='bbox 406 1949 564 2005; x_wconf 80' lang='lat' dir='ltr'><strong>discrimen</strong></span> <span class='ocrx_word' id='word_1_237' title='bbox 576 1950 730 2018; x_wconf 86' lang='lat' dir='ltr'><strong>adducere,</strong></span> <span class='ocrx_word' id='word_1_238' title='bbox 742 1956 771 2008; x_wconf 90' lang='lat' dir='ltr'><strong>et</strong></span> <span class='ocrx_word' id='word_1_239' title='bbox 784 1967 850 2008; x_wconf 92' lang='lat' dir='ltr'><strong>cum</strong></span> <span class='ocrx_word' id='word_1_240' title='bbox 862 1967 939 2024; x_wconf 84' lang='lat' dir='ltr'><strong>rege,</strong></span> <span class='ocrx_word' id='word_1_241' title='bbox 1030 1952 1150 2008; x_wconf 88' lang='lat' dir='ltr'><strong>Sarioho</strong></span> <span class='ocrx_word' id='word_1_242' title='bbox 1165 1952 1257 2009; x_wconf 90' lang='lat' dir='ltr'><strong>abbas</strong></span> <span class='ocrx_word' id='word_1_243' title='bbox 1284 1952 1468 2009; x_wconf 78' lang='lat' dir='ltr'><strong>corbeiensis</strong></span> <span class='ocrx_word' id='word_1_244' title='bbox 1491 1951 1564 2007; x_wconf 91' lang='lat' dir='ltr'><strong>obiit</strong></span> <span class='ocrx_word' id='word_1_245' title='bbox 1574 1968 1583 2020; x_wconf 78' lang='lat'><em>3</em></span> <span class='ocrx_word' id='word_1_246' title='bbox 1593 1951 1641 2009; x_wconf 90' lang='lat' dir='ltr'><strong>oui</strong></span> <span class='ocrx_word' id='word_1_247' title='bbox 1662 1950 1818 2010; x_wconf 88' lang='lat' dir='ltr'><strong>Wernberl</strong></span> 
     </span>
     <span class='ocr_line' id='line_1_20' title="bbox 110 2037 1683 2113; baseline 0 -18"><span class='ocrx_word' id='word_1_248' title='bbox 110 2040 162 2095; x_wconf 92' lang='lat' dir='ltr'><strong>ubi</strong></span> <span class='ocrx_word' id='word_1_249' title='bbox 179 2037 309 2112; x_wconf 85' lang='lat' dir='ltr'><strong>primam</strong></span> <span class='ocrx_word' id='word_1_250' title='bbox 324 2037 406 2109; x_wconf 89' lang='lat' dir='ltr'><strong>copia</strong></span> <span class='ocrx_word' id='word_1_251' title='bbox 424 2037 516 2109; x_wconf 82' lang='lat' dir='ltr'><strong>fieret,</strong></span> <span class='ocrx_word' id='word_1_252' title='bbox 533 2037 649 2096; x_wconf 87' lang='lat' dir='ltr'><strong>collatis</strong></span> <span class='ocrx_word' id='word_1_253' title='bbox 674 2038 767 2113; x_wconf 81' lang='lat' dir='ltr'><strong>signis</strong></span> <span class='ocrx_word' id='word_1_254' title='bbox 789 2039 938 2098; x_wconf 84' lang='lat' dir='ltr'><strong>dimicare.</strong></span> <span class='ocrx_word' id='word_1_255' title='bbox 994 2041 1039 2111; x_wconf 78' lang='lat'><strong>⁸³⁸,</strong></span> <span class='ocrx_word' id='word_1_256' title='bbox 1056 2040 1189 2111; x_wconf 79' lang='lat' dir='ltr'><strong>eiusdem</strong></span> <span class='ocrx_word' id='word_1_257' title='bbox 1202 2040 1323 2097; x_wconf 88' lang='lat' dir='ltr'><strong>coenobii</strong></span> <span class='ocrx_word' id='word_1_258' title='bbox 1341 2040 1513 2107; x_wconf 88' lang='lat' dir='ltr'><strong>monachus,</strong></span> <span class='ocrx_word' id='word_1_259' title='bbox 1530 2040 1683 2097; x_wconf 86' lang='lat' dir='ltr'><strong>successit.</strong></span> 
     </span>
    </p>

    <p class='ocr_par' dir='ltr' id='par_1_4' title="bbox 111 2127 1821 3355">
     <span class='ocr_line' id='line_1_21' title="bbox 111 2127 1819 2201; baseline 0.001 -16"><span class='ocrx_word' id='word_1_260' title='bbox 111 2130 217 2200; x_wconf 84' lang='lat' dir='ltr'><strong>ltaque</strong></span> <span class='ocrx_word' id='word_1_261' title='bbox 228 2131 359 2183; x_wconf 90' lang='lat' dir='ltr'><strong>montem</strong></span> <span class='ocrx_word' id='word_1_262' title='bbox 376 2127 425 2198; x_wconf 91' lang='lat' dir='ltr'><strong>qui</strong></span> <span class='ocrx_word' id='word_1_263' title='bbox 443 2127 551 2182; x_wconf 87' lang='lat' dir='ltr'><strong>dicitur</strong></span> <span class='ocrx_word' id='word_1_264' title='bbox 564 2131 721 2201; x_wconf 82' lang='lat' dir='ltr'><strong>Hasengun</strong></span> <span class='ocrx_word' id='word_1_265' title='bbox 733 2128 807 2201; x_wconf 86' lang='grc'>(240)</span> <span class='ocrx_word' id='word_1_266' title='bbox 815 2145 940 2200; x_wconf 88' lang='lat' dir='ltr'><strong>occupa·</strong></span> <span class='ocrx_word' id='word_1_267' title='bbox 1031 2130 1098 2196; x_wconf 82' lang='lat' dir='ltr'><strong>Rex,</strong></span> <span class='ocrx_word' id='word_1_268' title='bbox 1111 2129 1187 2185; x_wconf 88' lang='lat' dir='ltr'><strong>siout</strong></span> <span class='ocrx_word' id='word_1_269' title='bbox 1202 2129 1381 2195; x_wconf 88' lang='lat' dir='ltr'><strong>instituerat,</strong></span> <span class='ocrx_word' id='word_1_270' title='bbox 1398 2129 1428 2184; x_wconf 94' lang='lat' dir='ltr'><strong>in</strong></span> <span class='ocrx_word' id='word_1_271' title='bbox 1443 2129 1607 2198; x_wconf 87' lang='lat' dir='ltr'><strong>Baj0ariam</strong></span> <span class='ocrx_word' id='word_1_272' title='bbox 1619 2127 1702 2195; x_wconf 86' lang='lat' dir='ltr'><strong>abiit,</strong></span> <span class='ocrx_word' id='word_1_273' title='bbox 1719 2129 1819 2201; x_wconf 86' lang='lat' dir='ltr'><strong>ibique</strong></span> 
     </span>
     <span class='ocr_line' id='line_1_22' title="bbox 111 2214 1818 2291; baseline -0.001 -19"><span class='ocrx_word' id='word_1_274' title='bbox 111 2217 153 2272; x_wconf 82' lang='lat' dir='ltr'><strong>rit</strong></span> <span class='ocrx_word' id='word_1_275' title='bbox 169 2215 206 2251; x_wconf 80' lang='lat'><strong>⁸¹¹</strong></span> <span class='ocrx_word' id='word_1_276' title='bbox 221 2216 371 2286; x_wconf 69' lang='grc'>(444444),</span> <span class='ocrx_word' id='word_1_277' title='bbox 387 2219 421 2270; x_wconf 88' lang='lat' dir='ltr'><strong>ut</strong></span> <span class='ocrx_word' id='word_1_278' title='bbox 434 2214 459 2269; x_wconf 89' lang='lat' dir='ltr'><strong>is</strong></span> <span class='ocrx_word' id='word_1_279' title='bbox 475 2214 586 2270; x_wconf 87' lang='lat' dir='ltr'><strong>scilicet</strong></span> <span class='ocrx_word' id='word_1_280' title='bbox 601 2215 746 2272; x_wconf 88' lang='lat' dir='ltr'><strong>militibus</strong></span> <span class='ocrx_word' id='word_1_281' title='bbox 768 2217 841 2281; x_wconf 89' lang='lat' dir='ltr'><strong>suis,</strong></span> <span class='ocrx_word' id='word_1_282' title='bbox 868 2232 941 2289; x_wconf 93' lang='lat' dir='ltr'><strong>quo·</strong></span> <span class='ocrx_word' id='word_1_283' title='bbox 995 2217 1167 2289; x_wconf 89' lang='lat' dir='ltr'><strong>compositis</strong></span> <span class='ocrx_word' id='word_1_284' title='bbox 1183 2218 1379 2287; x_wconf 87' lang='lat' dir='ltr'><strong>mediocriter,</strong></span> <span class='ocrx_word' id='word_1_285' title='bbox 1390 2221 1476 2291; x_wconf 90' lang='lat' dir='ltr'><strong>prout</strong></span> <span class='ocrx_word' id='word_1_286' title='bbox 1486 2220 1550 2272; x_wconf 93' lang='lat' dir='ltr'><strong>tum</strong></span> <span class='ocrx_word' id='word_1_287' title='bbox 1561 2215 1723 2290; x_wconf 88' lang='lat' dir='ltr'><strong>oopiaarat,</strong></span> <span class='ocrx_word' id='word_1_288' title='bbox 1735 2216 1818 2289; x_wconf 76' lang='lat' dir='ltr'><strong>regni</strong></span> 
     </span>
     <span class='ocr_line' id='line_1_23' title="bbox 113 2300 1818 2379; baseline -0.002 -16"><span class='ocrx_word' id='word_1_289' title='bbox 113 2305 332 2376; x_wconf 89' lang='lat' dir='ltr'><strong>modocumque</strong></span> <span class='ocrx_word' id='word_1_290' title='bbox 349 2320 394 2360; x_wconf 87' lang='lat' dir='ltr'><strong>res</strong></span> <span class='ocrx_word' id='word_1_291' title='bbox 406 2302 436 2359; x_wconf 91' lang='lat' dir='ltr'><strong>in</strong></span> <span class='ocrx_word' id='word_1_292' title='bbox 452 2300 552 2375; x_wconf 83' lang='lat' dir='ltr'><strong>prelio</strong></span> <span class='ocrx_word' id='word_1_293' title='bbox 563 2304 748 2372; x_wconf 88' lang='lat' dir='ltr'><strong>cecidissent,</strong></span> <span class='ocrx_word' id='word_1_294' title='bbox 759 2304 887 2377; x_wconf 88' lang='lat' dir='ltr'><strong>receptui</strong></span> <span class='ocrx_word' id='word_1_295' title='bbox 897 2306 940 2361; x_wconf 91' lang='lat' dir='ltr'><strong>l&#39;o-</strong></span> <span class='ocrx_word' id='word_1_296' title='bbox 995 2307 1135 2379; x_wconf 78' lang='lat' dir='ltr'><strong>negociis.</strong></span> <span class='ocrx_word' id='word_1_297' title='bbox 1148 2306 1183 2362; x_wconf 90' lang='lat' dir='ltr'><strong>ad</strong></span> <span class='ocrx_word' id='word_1_298' title='bbox 1200 2306 1313 2362; x_wconf 80' lang='lat' dir='ltr'><strong>Renum</strong></span> <span class='ocrx_word' id='word_1_299' title='bbox 1337 2307 1373 2348; x_wconf 70' lang='lat'><strong>⁶³⁴</strong></span> <span class='ocrx_word' id='word_1_300' title='bbox 1397 2305 1484 2362; x_wconf 88' lang='lat' dir='ltr'><strong>rediit</strong></span> <span class='ocrx_word' id='word_1_301' title='bbox 1507 2304 1631 2377; x_wconf 73' lang='lat' dir='ltr'><strong>(April).</strong></span> <span class='ocrx_word' id='word_1_302' title='bbox 1656 2303 1818 2361; x_wconf 81' lang='lat' dir='ltr'><strong>Castellum</strong></span> 
     </span>
     <span class='ocr_line' id='line_1_24' title="bbox 111 2392 1818 2466; baseline -0.002 -13"><span class='ocrx_word' id='word_1_303' title='bbox 111 2399 170 2453; x_wconf 82' lang='lat' dir='ltr'><strong>ret.</strong></span> <span class='ocrx_word' id='word_1_304' title='bbox 185 2393 259 2450; x_wconf 79' lang='grc'>44444</span> <span class='ocrx_word' id='word_1_305' title='bbox 271 2393 316 2461; x_wconf 72' lang='lat'><strong>⁶²⁸,</strong></span> <span class='ocrx_word' id='word_1_306' title='bbox 333 2392 387 2448; x_wconf 90' lang='lat' dir='ltr'><strong>etsi</strong></span> <span class='ocrx_word' id='word_1_307' title='bbox 403 2397 508 2449; x_wconf 90' lang='lat' dir='ltr'><strong>natura</strong></span> <span class='ocrx_word' id='word_1_308' title='bbox 518 2397 546 2448; x_wconf 93' lang='lat' dir='ltr'><strong>et</strong></span> <span class='ocrx_word' id='word_1_309' title='bbox 555 2393 613 2448; x_wconf 92' lang='lat' dir='ltr'><strong>situ</strong></span> <span class='ocrx_word' id='word_1_310' title='bbox 624 2392 687 2465; x_wconf 89' lang='lat' dir='ltr'><strong>ipso</strong></span> <span class='ocrx_word' id='word_1_311' title='bbox 697 2394 769 2450; x_wconf 84' lang='lat' dir='ltr'><strong>satis</strong></span> <span class='ocrx_word' id='word_1_312' title='bbox 780 2395 939 2464; x_wconf 89' lang='lat' dir='ltr'><strong>munitum,</strong></span> <span class='ocrx_word' id='word_1_313' title='bbox 994 2395 1180 2452; x_wconf 85' lang='lat' dir='ltr'><strong>Hemerstein</strong></span> <span class='ocrx_word' id='word_1_314' title='bbox 1194 2395 1229 2431; x_wconf 77' lang='lat'><strong>⁶⁸⁸</strong></span> <span class='ocrx_word' id='word_1_315' title='bbox 1243 2394 1330 2466; x_wconf 90' lang='grc'>(244),</span> <span class='ocrx_word' id='word_1_316' title='bbox 1345 2394 1423 2466; x_wconf 94' lang='lat' dir='ltr'><strong>quod</strong></span> <span class='ocrx_word' id='word_1_317' title='bbox 1438 2411 1457 2450; x_wconf 86' lang='lat' dir='ltr'><strong>a</strong></span> <span class='ocrx_word' id='word_1_318' title='bbox 1470 2392 1673 2465; x_wconf 87' lang='lat' dir='ltr'><strong>superioribus</strong></span> <span class='ocrx_word' id='word_1_319' title='bbox 1699 2393 1818 2465; x_wconf 82' lang='lat' dir='ltr'><strong>regibus</strong></span> 
     </span>
     <span class='ocr_line' id='line_1_25' title="bbox 112 2480 1818 2556; baseline -0.002 -15"><span class='ocrx_word' id='word_1_320' title='bbox 112 2482 305 2541; x_wconf 88' lang='lat' dir='ltr'><strong>munitiorem</strong></span> <span class='ocrx_word' id='word_1_321' title='bbox 321 2485 420 2538; x_wconf 87' lang='lat' dir='ltr'><strong>tamen</strong></span> <span class='ocrx_word' id='word_1_322' title='bbox 438 2497 526 2537; x_wconf 90' lang='lat' dir='ltr'><strong>manu</strong></span> <span class='ocrx_word' id='word_1_323' title='bbox 543 2486 631 2553; x_wconf 88' lang='lat' dir='ltr'><strong>atque</strong></span> <span class='ocrx_word' id='word_1_324' title='bbox 647 2498 734 2555; x_wconf 90' lang='lat' dir='ltr'><strong>opere</strong></span> <span class='ocrx_word' id='word_1_325' title='bbox 748 2483 827 2548; x_wconf 84' lang='lat' dir='ltr'><strong>lecit,</strong></span> <span class='ocrx_word' id='word_1_326' title='bbox 839 2482 941 2556; x_wconf 87' lang='lat' dir='ltr'><strong>ibique</strong></span> <span class='ocrx_word' id='word_1_327' title='bbox 991 2485 1054 2556; x_wconf 78' lang='lat' dir='ltr'><strong>lam</strong></span> <span class='ocrx_word' id='word_1_328' title='bbox 1069 2484 1138 2540; x_wconf 89' lang='lat' dir='ltr'><strong>olim</strong></span> <span class='ocrx_word' id='word_1_329' title='bbox 1148 2483 1281 2541; x_wconf 91' lang='lat' dir='ltr'><strong>dirutum</strong></span> <span class='ocrx_word' id='word_1_330' title='bbox 1293 2484 1387 2539; x_wconf 88' lang='lat' dir='ltr'><strong>luerat</strong></span> <span class='ocrx_word' id='word_1_331' title='bbox 1398 2482 1486 2552; x_wconf 88' lang='grc'>(245),</span> <span class='ocrx_word' id='word_1_332' title='bbox 1498 2497 1615 2538; x_wconf 86' lang='lat' dir='ltr'><strong>summo</strong></span> <span class='ocrx_word' id='word_1_333' title='bbox 1625 2482 1692 2538; x_wconf 88' lang='lat' dir='ltr'><strong>nisu</strong></span> <span class='ocrx_word' id='word_1_334' title='bbox 1704 2480 1818 2537; x_wconf 87' lang='lat' dir='ltr'><strong>instau-</strong></span> 
     </span>
     <span class='ocr_line' id='line_1_26' title="bbox 115 2569 1818 2645; baseline -0.002 -16"><span class='ocrx_word' id='word_1_335' title='bbox 115 2577 257 2630; x_wconf 83' lang='lat' dir='ltr'><strong>ecnveota</strong></span> <span class='ocrx_word' id='word_1_336' title='bbox 269 2588 306 2627; x_wconf 83' lang='lat' dir='ltr'><strong>ex</strong></span> <span class='ocrx_word' id='word_1_337' title='bbox 318 2569 595 2641; x_wconf 86' lang='lat' dir='ltr'><strong>circumjacentibus</strong></span> <span class='ocrx_word' id='word_1_338' title='bbox 615 2572 694 2643; x_wconf 82' lang='lat' dir='ltr'><strong>agris</strong></span> <span class='ocrx_word' id='word_1_339' title='bbox 709 2571 817 2643; x_wconf 78' lang='lat' dir='ltr'><strong>praeda,</strong></span> <span class='ocrx_word' id='word_1_340' title='bbox 840 2588 940 2645; x_wconf 80' lang='lat' dir='ltr'><strong>regem</strong></span> <span class='ocrx_word' id='word_1_341' title='bbox 995 2573 1079 2629; x_wconf 89' lang='lat' dir='ltr'><strong>ravit.</strong></span> <span class='ocrx_word' id='word_1_342' title='bbox 1096 2571 1208 2628; x_wconf 80' lang='lat' dir='ltr'><strong>Pasrba</strong></span> <span class='ocrx_word' id='word_1_343' title='bbox 1222 2570 1346 2628; x_wconf 80' lang='lat' dir='ltr'><strong>Colonia</strong></span> <span class='ocrx_word' id='word_1_344' title='bbox 1357 2570 1519 2627; x_wconf 83' lang='lat' dir='ltr'><strong>&#39;celebravit</strong></span> <span class='ocrx_word' id='word_1_345' title='bbox 1532 2571 1631 2643; x_wconf 79' lang='lat' dir='ltr'><strong>(April.</strong></span> <span class='ocrx_word' id='word_1_346' title='bbox 1643 2571 1701 2642; x_wconf 89' lang='grc'>24),</span> <span class='ocrx_word' id='word_1_347' title='bbox 1717 2569 1818 2642; x_wconf 91' lang='lat' dir='ltr'><strong>ibique</strong></span> 
     </span>
     <span class='ocr_line' id='line_1_27' title="bbox 116 2657 1818 2735; baseline -0.002 -18"><span class='ocrx_word' id='word_1_348' title='bbox 116 2659 351 2735; x_wconf 70' lang='lat' dir='ltr'><strong>prestolabatur.</strong></span> <span class='ocrx_word' id='word_1_349' title='bbox 368 2660 429 2716; x_wconf 83' lang='lat' dir='ltr'><strong>Rex</strong></span> <span class='ocrx_word' id='word_1_350' title='bbox 442 2663 559 2731; x_wconf 86' lang='lat' dir='ltr'><strong>accepto</strong></span> <span class='ocrx_word' id='word_1_351' title='bbox 574 2659 681 2715; x_wconf 87' lang='lat' dir='ltr'><strong>nuncio</strong></span> <span class='ocrx_word' id='word_1_352' title='bbox 697 2658 770 2715; x_wconf 92' lang='lat' dir='ltr'><strong>nihil</strong></span> <span class='ocrx_word' id='word_1_353' title='bbox 797 2666 939 2731; x_wconf 91' lang='lat' dir='ltr'><strong>moratus,</strong></span> <span class='ocrx_word' id='word_1_354' title='bbox 995 2678 1099 2718; x_wconf 88' lang='lat' dir='ltr'><strong>rursus</strong></span> <span class='ocrx_word' id='word_1_355' title='bbox 1114 2659 1212 2716; x_wconf 87' lang='lat' dir='ltr'><strong>Ottoni</strong></span> <span class='ocrx_word' id='word_1_356' title='bbox 1226 2659 1293 2716; x_wconf 93' lang='lat' dir='ltr'><strong>duoi</strong></span> <span class='ocrx_word' id='word_1_357' title='bbox 1308 2657 1442 2715; x_wconf 90' lang='lat' dir='ltr'><strong>inducias</strong></span> <span class='ocrx_word' id='word_1_358' title='bbox 1466 2659 1604 2730; x_wconf 90' lang='lat' dir='ltr'><strong>usquein</strong></span> <span class='ocrx_word' id='word_1_359' title='bbox 1629 2661 1818 2731; x_wconf 84' lang='lat' dir='ltr'><strong>pentecosten</strong></span> 
     </span>
     <span class='ocr_line' id='line_1_28' title="bbox 116 2745 1818 2824; baseline -0.004 -17"><span class='ocrx_word' id='word_1_360' title='bbox 116 2754 247 2824; x_wconf 86' lang='lat' dir='ltr'><strong>quantas</strong></span> <span class='ocrx_word' id='word_1_361' title='bbox 262 2749 291 2804; x_wconf 91' lang='lat' dir='ltr'><strong>in</strong></span> <span class='ocrx_word' id='word_1_362' title='bbox 306 2765 340 2805; x_wconf 91' lang='lat' dir='ltr'><strong>ea</strong></span> <span class='ocrx_word' id='word_1_363' title='bbox 350 2748 544 2821; x_wconf 85' lang='lat' dir='ltr'><strong>trepidatione</strong></span> <span class='ocrx_word' id='word_1_364' title='bbox 553 2748 793 2821; x_wconf 84' lang='lat' dir='ltr'><strong>potuitcopiaaex</strong></span> <span class='ocrx_word' id='word_1_365' title='bbox 803 2749 939 2819; x_wconf 83' lang='lat' dir='ltr'><strong>Saxonis,</strong></span> <span class='ocrx_word' id='word_1_366' title='bbox 995 2750 1086 2806; x_wconf 89' lang='lat' dir='ltr'><strong>dedit.</strong></span> <span class='ocrx_word' id='word_1_367' title='bbox 1103 2750 1210 2805; x_wconf 82' lang='lat' dir='ltr'><strong>Exacta</strong></span> <span class='ocrx_word' id='word_1_368' title='bbox 1220 2747 1406 2807; x_wconf 88' lang='lat' dir='ltr'><strong>solemnitate</strong></span> <span class='ocrx_word' id='word_1_369' title='bbox 1423 2746 1563 2822; x_wconf 85' lang='lat' dir='ltr'><strong>paaobali.</strong></span> <span class='ocrx_word' id='word_1_370' title='bbox 1579 2747 1721 2804; x_wconf 90' lang='lat' dir='ltr'><strong>Laodium</strong></span> <span class='ocrx_word' id='word_1_371' title='bbox 1744 2745 1818 2802; x_wconf 89' lang='lat' dir='ltr'><strong>abiit</strong></span> 
     </span>
     <span class='ocr_line' id='line_1_29' title="bbox 113 2834 1817 2910; baseline -0.004 -13"><span class='ocrx_word' id='word_1_372' title='bbox 113 2856 150 2897; x_wconf 84' lang='lat' dir='ltr'><strong>ex</strong></span> <span class='ocrx_word' id='word_1_373' title='bbox 164 2840 202 2876; x_wconf 77' lang='lat'><strong>⁶²⁸</strong></span> <span class='ocrx_word' id='word_1_374' title='bbox 217 2837 380 2910; x_wconf 82' lang='lat' dir='ltr'><strong>Thuringia</strong></span> <span class='ocrx_word' id='word_1_375' title='bbox 395 2841 482 2910; x_wconf 90' lang='lat' dir='ltr'><strong>atque</strong></span> <span class='ocrx_word' id='word_1_376' title='bbox 496 2836 533 2873; x_wconf 78' lang='lat'><strong>⁸²⁸</strong></span> <span class='ocrx_word' id='word_1_377' title='bbox 546 2852 581 2893; x_wconf 82' lang='lat' dir='ltr'><strong>ex</strong></span> <span class='ocrx_word' id='word_1_378' title='bbox 594 2836 699 2894; x_wconf 87' lang='lat' dir='ltr'><strong>Hassis</strong></span> <span class='ocrx_word' id='word_1_379' title='bbox 710 2836 861 2895; x_wconf 88' lang='lat' dir='ltr'><strong>celerrime</strong></span> <span class='ocrx_word' id='word_1_380' title='bbox 875 2855 940 2895; x_wconf 89' lang='lat' dir='ltr'><strong>con·</strong></span> <span class='ocrx_word' id='word_1_381' title='bbox 994 2839 1039 2895; x_wconf 76' lang='lat'><strong>⁰⁸⁶.</strong></span> <span class='ocrx_word' id='word_1_382' title='bbox 1055 2838 1097 2895; x_wconf 93' lang='lat' dir='ltr'><strong>lbi</strong></span> <span class='ocrx_word' id='word_1_383' title='bbox 1112 2837 1147 2893; x_wconf 90' lang='lat' dir='ltr'><strong>ad</strong></span> <span class='ocrx_word' id='word_1_384' title='bbox 1163 2853 1231 2894; x_wconf 90' lang='lat' dir='ltr'><strong>sum</strong></span> <span class='ocrx_word' id='word_1_385' title='bbox 1251 2837 1341 2892; x_wconf 87' lang='lat' dir='ltr'><strong>vidua</strong></span> <span class='ocrx_word' id='word_1_386' title='bbox 1356 2834 1522 2893; x_wconf 87' lang='lat' dir='ltr'><strong>Balduwini</strong></span> <span class='ocrx_word' id='word_1_387' title='bbox 1534 2836 1567 2872; x_wconf 72' lang='lat'><strong>⁸⁸⁷</strong></span> <span class='ocrx_word' id='word_1_388' title='bbox 1589 2835 1706 2892; x_wconf 87' lang='lat' dir='ltr'><strong>comitis</strong></span> <span class='ocrx_word' id='word_1_389' title='bbox 1728 2834 1817 2903; x_wconf 77' lang='lat' dir='ltr'><strong>venit,</strong></span> 
     </span>
     <span class='ocr_line' id='line_1_30' title="bbox 113 2923 1820 3000; baseline -0.003 -15"><span class='ocrx_word' id='word_1_390' title='bbox 113 2928 217 2985; x_wconf 84' lang='lat' dir='ltr'><strong>traxit.</strong></span> <span class='ocrx_word' id='word_1_391' title='bbox 243 2926 352 2983; x_wconf 87' lang='lat' dir='ltr'><strong>Ceteris</strong></span> <span class='ocrx_word' id='word_1_392' title='bbox 378 2924 570 2998; x_wconf 85' lang='lat' dir='ltr'><strong>principibus,</strong></span> <span class='ocrx_word' id='word_1_393' title='bbox 594 2926 644 2998; x_wconf 94' lang='lat' dir='ltr'><strong>qui</strong></span> <span class='ocrx_word' id='word_1_394' title='bbox 670 2925 786 2999; x_wconf 79' lang='lat' dir='ltr'><strong>longius</strong></span> <span class='ocrx_word' id='word_1_395' title='bbox 808 2927 939 2998; x_wconf 89' lang='lat' dir='ltr'><strong>aberant,</strong></span> <span class='ocrx_word' id='word_1_396' title='bbox 995 2927 1080 3000; x_wconf 80' lang='lat' dir='ltr'><strong>regia</strong></span> <span class='ocrx_word' id='word_1_397' title='bbox 1097 2926 1261 2998; x_wconf 83' lang='lat' dir='ltr'><strong>majestatis</strong></span> <span class='ocrx_word' id='word_1_398' title='bbox 1276 2925 1471 2998; x_wconf 88' lang='lat' dir='ltr'><strong>patrocinium</strong></span> <span class='ocrx_word' id='word_1_399' title='bbox 1486 2929 1624 2998; x_wconf 81' lang='lat' dir='ltr'><strong>expetens</strong></span> <span class='ocrx_word' id='word_1_400' title='bbox 1646 2923 1820 2981; x_wconf 78' lang='lat' dir='ltr'><strong>contrario·</strong></span> 
     </span>
     <span class='ocr_line' id='line_1_31' title="bbox 113 3013 1820 3087; baseline -0.004 -12"><span class='ocrx_word' id='word_1_401' title='bbox 113 3016 278 3086; x_wconf 84' lang='lat' dir='ltr'><strong>mandavit,</strong></span> <span class='ocrx_word' id='word_1_402' title='bbox 294 3015 371 3082; x_wconf 87' lang='lat' dir='ltr'><strong>ut,si</strong></span> <span class='ocrx_word' id='word_1_403' title='bbox 387 3014 458 3070; x_wconf 86' lang='lat' dir='ltr'><strong>lorte</strong></span> <span class='ocrx_word' id='word_1_404' title='bbox 473 3031 520 3070; x_wconf 85' lang='lat' dir='ltr'><strong>res</strong></span> <span class='ocrx_word' id='word_1_405' title='bbox 535 3014 600 3070; x_wconf 89' lang='lat' dir='ltr'><strong>sine</strong></span> <span class='ocrx_word' id='word_1_406' title='bbox 611 3020 732 3071; x_wconf 87' lang='lat' dir='ltr'><strong>morast</strong></span> <span class='ocrx_word' id='word_1_407' title='bbox 747 3015 941 3072; x_wconf 86' lang='lat' dir='ltr'><strong>diuturnitate</strong></span> <span class='ocrx_word' id='word_1_408' title='bbox 995 3014 1117 3072; x_wconf 89' lang='lat' dir='ltr'><strong>lentiam</strong></span> <span class='ocrx_word' id='word_1_409' title='bbox 1134 3015 1412 3087; x_wconf 88' lang='lat' dir='ltr'><strong>impmbitatemqua</strong></span> <span class='ocrx_word' id='word_1_410' title='bbox 1426 3014 1460 3050; x_wconf 79' lang='lat'><strong>⁶⁸⁸</strong></span> <span class='ocrx_word' id='word_1_411' title='bbox 1484 3014 1634 3070; x_wconf 80' lang='lat' dir='ltr'><strong>Ruotberti</strong></span> <span class='ocrx_word' id='word_1_412' title='bbox 1650 3013 1695 3079; x_wconf 75' lang='lat'><strong>⁶³⁹,</strong></span> <span class='ocrx_word' id='word_1_413' title='bbox 1720 3013 1820 3070; x_wconf 77' lang='lat' dir='ltr'><strong>fratris</strong></span> 
     </span>
     <span class='ocr_line' id='line_1_32' title="bbox 114 3101 1821 3181; baseline -0.004 -18"><span class='ocrx_word' id='word_1_414' title='bbox 114 3104 222 3163; x_wconf 80' lang='lat' dir='ltr'><strong>conlisi</strong></span> <span class='ocrx_word' id='word_1_415' title='bbox 237 3121 295 3160; x_wconf 94' lang='lat' dir='ltr'><strong>non</strong></span> <span class='ocrx_word' id='word_1_416' title='bbox 310 3108 418 3176; x_wconf 87' lang='lat' dir='ltr'><strong>posset,</strong></span> <span class='ocrx_word' id='word_1_417' title='bbox 436 3102 491 3159; x_wconf 93' lang='lat' dir='ltr'><strong>sibi</strong></span> <span class='ocrx_word' id='word_1_418' title='bbox 501 3120 591 3175; x_wconf 91' lang='lat' dir='ltr'><strong>quarn</strong></span> <span class='ocrx_word' id='word_1_419' title='bbox 602 3102 689 3159; x_wconf 88' lang='lat' dir='ltr'><strong>citius</strong></span> <span class='ocrx_word' id='word_1_420' title='bbox 700 3109 942 3177; x_wconf 88' lang='lat' dir='ltr'><strong>possentarmata</strong></span> <span class='ocrx_word' id='word_1_421' title='bbox 997 3103 1176 3160; x_wconf 86' lang='lat' dir='ltr'><strong>Baldulwini</strong></span> <span class='ocrx_word' id='word_1_422' title='bbox 1190 3103 1235 3173; x_wconf 78' lang='lat'><strong>⁶⁸⁷,</strong></span> <span class='ocrx_word' id='word_1_423' title='bbox 1251 3103 1302 3174; x_wconf 92' lang='lat' dir='ltr'><strong>qui</strong></span> <span class='ocrx_word' id='word_1_424' title='bbox 1318 3107 1348 3158; x_wconf 90' lang='lat' dir='ltr'><strong>et</strong></span> <span class='ocrx_word' id='word_1_425' title='bbox 1371 3103 1490 3158; x_wconf 84' lang='lat' dir='ltr'><strong>tratrem</strong></span> <span class='ocrx_word' id='word_1_426' title='bbox 1507 3101 1606 3174; x_wconf 84' lang='lat' dir='ltr'><strong>pralio</strong></span> <span class='ocrx_word' id='word_1_427' title='bbox 1629 3101 1738 3158; x_wconf 87' lang='lat' dir='ltr'><strong>victum</strong></span> <span class='ocrx_word' id='word_1_428' title='bbox 1748 3101 1821 3181; x_wconf 79' lang='lat' dir='ltr'><strong>¹vita</strong></span> 
     </span>
     <span class='ocr_line' id='line_1_33' title="bbox 115 3168 1821 3265; baseline -0.005 -13"><span class='ocrx_word' id='word_1_429' title='bbox 115 3211 208 3252; x_wconf 89' lang='lat' dir='ltr'><strong>manu</strong></span> <span class='ocrx_word' id='word_1_430' title='bbox 224 3197 440 3250; x_wconf 86' lang='lat' dir='ltr'><strong>concurrerent.</strong></span> <span class='ocrx_word' id='word_1_431' title='bbox 453 3191 619 3248; x_wconf 89' lang='lat' dir='ltr'><strong>Plurimum</strong></span> <span class='ocrx_word' id='word_1_432' title='bbox 629 3197 801 3264; x_wconf 84' lang='lat' dir='ltr'><strong>cotempore</strong></span> <span class='ocrx_word' id='word_1_433' title='bbox 813 3209 941 3251; x_wconf 76' lang='lat' dir='ltr'><strong>macon-</strong></span> <span class='ocrx_word' id='word_1_434' title='bbox 956 3168 978 3235; x_wconf 74' lang='lat' dir='ltr'>C</span> <span class='ocrx_word' id='word_1_435' title='bbox 996 3192 1151 3265; x_wconf 83' lang='lat' dir='ltr'><strong>privasset,</strong></span> <span class='ocrx_word' id='word_1_436' title='bbox 1167 3197 1195 3247; x_wconf 91' lang='lat' dir='ltr'><strong>et</strong></span> <span class='ocrx_word' id='word_1_437' title='bbox 1205 3192 1379 3248; x_wconf 88' lang='lat' dir='ltr'><strong>comitatum</strong></span> <span class='ocrx_word' id='word_1_438' title='bbox 1390 3191 1466 3262; x_wconf 89' lang='lat' dir='ltr'><strong>ejus,</strong></span> <span class='ocrx_word' id='word_1_439' title='bbox 1476 3189 1606 3262; x_wconf 86' lang='lat' dir='ltr'><strong>expulsis</strong></span> <span class='ocrx_word' id='word_1_440' title='bbox 1616 3188 1821 3246; x_wconf 83' lang='lat' dir='ltr'><strong>uroreetlibe·</strong></span> 
     </span>
     <span class='ocr_line' id='line_1_34' title="bbox 114 3277 1585 3355; baseline -0.005 -14"><span class='ocrx_word' id='word_1_441' title='bbox 114 3283 195 3341; x_wconf 84' lang='lat' dir='ltr'><strong>siliis</strong></span> <span class='ocrx_word' id='word_1_442' title='bbox 216 3282 353 3340; x_wconf 86' lang='lat' dir='ltr'><strong>utebatur</strong></span> <span class='ocrx_word' id='word_1_443' title='bbox 378 3280 538 3337; x_wconf 78' lang='grc'>4444444444</span> <span class='ocrx_word' id='word_1_444' title='bbox 565 3281 680 3337; x_wconf 89' lang='lat' dir='ltr'><strong>comitis</strong></span> <span class='ocrx_word' id='word_1_445' title='bbox 703 3282 779 3354; x_wconf 90' lang='grc'>(244)</span> <span class='ocrx_word' id='word_1_446' title='bbox 798 3282 940 3355; x_wconf 90' lang='lat' dir='ltr'><strong>sapientia</strong></span> <span class='ocrx_word' id='word_1_447' title='bbox 996 3281 1048 3346; x_wconf 88' lang='lat' dir='ltr'><strong>ris,</strong></span> <span class='ocrx_word' id='word_1_448' title='bbox 1065 3278 1209 3336; x_wconf 87' lang='lat' dir='ltr'><strong>tirannica</strong></span> <span class='ocrx_word' id='word_1_449' title='bbox 1223 3277 1585 3350; x_wconf 86' lang='lat' dir='ltr'><strong>crudelitateoccupasset.</strong></span> 
     </span>
    </p>

    <p class='ocr_par' dir='ltr' id='par_1_5' title="bbox 113 3364 1827 4155">
     <span class='ocr_line' id='line_1_35' title="bbox 116 3364 1819 3439; baseline -0.005 -10"><span class='ocrx_word' id='word_1_450' title='bbox 116 3371 278 3430; x_wconf 90' lang='lat' dir='ltr'><strong>admodum</strong></span> <span class='ocrx_word' id='word_1_451' title='bbox 299 3371 363 3426; x_wconf 87' lang='lat' dir='ltr'><strong>viri.</strong></span> <span class='ocrx_word' id='word_1_452' title='bbox 389 3372 415 3426; x_wconf 91' lang='lat' dir='ltr'><strong>ls</strong></span> <span class='ocrx_word' id='word_1_453' title='bbox 439 3370 541 3426; x_wconf 84' lang='lat' dir='ltr'><strong>videns</strong></span> <span class='ocrx_word' id='word_1_454' title='bbox 564 3369 674 3435; x_wconf 87' lang='lat' dir='ltr'><strong>hostes,</strong></span> <span class='ocrx_word' id='word_1_455' title='bbox 702 3371 744 3426; x_wconf 86' lang='lat' dir='ltr'><strong>aio</strong></span> <span class='ocrx_word' id='word_1_456' title='bbox 768 3372 805 3427; x_wconf 93' lang='lat' dir='ltr'><strong>ad</strong></span> <span class='ocrx_word' id='word_1_457' title='bbox 831 3369 941 3427; x_wconf 93' lang='lat' dir='ltr'><strong>bellum</strong></span> <span class='ocrx_word' id='word_1_458' title='bbox 1031 3369 1094 3424; x_wconf 91' lang='lat' dir='ltr'><strong>Non</strong></span> <span class='ocrx_word' id='word_1_459' title='bbox 1111 3369 1260 3439; x_wconf 82' lang='lat' dir='ltr'><strong>ingratum</strong></span> <span class='ocrx_word' id='word_1_460' title='bbox 1276 3364 1410 3424; x_wconf 79' lang='lat' dir='ltr'><strong>fortassis</strong></span> <span class='ocrx_word' id='word_1_461' title='bbox 1428 3365 1529 3422; x_wconf 90' lang='lat' dir='ltr'><strong>lectori</strong></span> <span class='ocrx_word' id='word_1_462' title='bbox 1554 3364 1659 3434; x_wconf 89' lang='lat' dir='ltr'><strong>leeero,</strong></span> <span class='ocrx_word' id='word_1_463' title='bbox 1684 3364 1710 3422; x_wconf 92' lang='lat' dir='ltr'><strong>si</strong></span> <span class='ocrx_word' id='word_1_464' title='bbox 1731 3367 1819 3438; x_wconf 81' lang='lat' dir='ltr'><strong>gesta</strong></span> 
     </span>
     <span class='ocr_line' id='line_1_36' title="bbox 114 3451 1819 3532; baseline -0.006 -14"><span class='ocrx_word' id='word_1_465' title='bbox 114 3461 303 3529; x_wconf 83' lang='lat' dir='ltr'><strong>exercitatos,</strong></span> <span class='ocrx_word' id='word_1_466' title='bbox 318 3460 361 3517; x_wconf 91' lang='lat' dir='ltr'><strong>sic</strong></span> <span class='ocrx_word' id='word_1_467' title='bbox 377 3458 442 3530; x_wconf 90' lang='lat' dir='ltr'><strong>ipsa</strong></span> <span class='ocrx_word' id='word_1_468' title='bbox 452 3459 516 3529; x_wconf 87' lang='lat' dir='ltr'><strong>jam</strong></span> <span class='ocrx_word' id='word_1_469' title='bbox 532 3459 567 3494; x_wconf 75' lang='lat'><strong>⁰⁹⁶</strong></span> <span class='ocrx_word' id='word_1_470' title='bbox 582 3459 792 3530; x_wconf 87' lang='lat' dir='ltr'><strong>desparatione.</strong></span> <span class='ocrx_word' id='word_1_471' title='bbox 805 3476 869 3532; x_wconf 83' lang='lat' dir='ltr'><strong>qua</strong></span> <span class='ocrx_word' id='word_1_472' title='bbox 880 3459 941 3532; x_wconf 88' lang='lat' dir='ltr'><strong>plo·</strong></span> <span class='ocrx_word' id='word_1_473' title='bbox 997 3459 1037 3515; x_wconf 86' lang='lat' dir='ltr'><strong>rei</strong></span> <span class='ocrx_word' id='word_1_474' title='bbox 1052 3456 1207 3513; x_wconf 90' lang='lat' dir='ltr'><strong>historiam</strong></span> <span class='ocrx_word' id='word_1_475' title='bbox 1223 3471 1312 3528; x_wconf 93' lang='lat' dir='ltr'><strong>quam</strong></span> <span class='ocrx_word' id='word_1_476' title='bbox 1329 3454 1430 3528; x_wconf 89' lang='lat' dir='ltr'><strong>paucis</strong></span> <span class='ocrx_word' id='word_1_477' title='bbox 1444 3460 1545 3528; x_wconf 91' lang='lat' dir='ltr'><strong>potero</strong></span> <span class='ocrx_word' id='word_1_478' title='bbox 1555 3451 1714 3510; x_wconf 83' lang='lat' dir='ltr'><strong>absolvam.</strong></span> <span class='ocrx_word' id='word_1_479' title='bbox 1726 3455 1757 3509; x_wconf 90' lang='lat' dir='ltr'><strong>ln</strong></span> <span class='ocrx_word' id='word_1_480' title='bbox 1770 3468 1819 3509; x_wconf 90' lang='lat' dir='ltr'><strong>co·</strong></span> 
     </span>
     <span class='ocr_line' id='line_1_37' title="bbox 113 3541 1817 3623; baseline -0.006 -15"><span class='ocrx_word' id='word_1_481' title='bbox 113 3566 244 3623; x_wconf 85' lang='lat' dir='ltr'><strong>rumque</strong></span> <span class='ocrx_word' id='word_1_482' title='bbox 254 3548 645 3607; x_wconf 73' lang='lat' dir='ltr'><strong>timidis⁶²⁷ctiamvirtutem</strong></span> <span class='ocrx_word' id='word_1_483' title='bbox 655 3548 845 3605; x_wconf 88' lang='lat' dir='ltr'><strong>adderesolet</strong></span> <span class='ocrx_word' id='word_1_484' title='bbox 855 3548 940 3621; x_wconf 89' lang='grc'>(242),</span> <span class='ocrx_word' id='word_1_485' title='bbox 997 3547 1102 3603; x_wconf 90' lang='lat' dir='ltr'><strong>mitatu</strong></span> <span class='ocrx_word' id='word_1_486' title='bbox 1119 3544 1285 3601; x_wconf 73' lang='lat' dir='ltr'><strong>balduwini</strong></span> <span class='ocrx_word' id='word_1_487' title='bbox 1300 3545 1334 3580; x_wconf 70' lang='lat'><strong>⁸³¹</strong></span> <span class='ocrx_word' id='word_1_488' title='bbox 1349 3545 1473 3616; x_wconf 87' lang='lat' dir='ltr'><strong>ejusque</strong></span> <span class='ocrx_word' id='word_1_489' title='bbox 1483 3542 1595 3599; x_wconf 80' lang='lat' dir='ltr'><strong>familia</strong></span> <span class='ocrx_word' id='word_1_490' title='bbox 1605 3542 1634 3598; x_wconf 91' lang='lat' dir='ltr'><strong>id</strong></span> <span class='ocrx_word' id='word_1_491' title='bbox 1646 3541 1817 3613; x_wconf 87' lang='lat' dir='ltr'><strong>multisjam</strong></span> 
     </span>
     <span class='ocr_line' id='line_1_38' title="bbox 115 3630 1816 3710; baseline -0.006 -14"><span class='ocrx_word' id='word_1_492' title='bbox 115 3640 266 3706; x_wconf 79' lang='lat' dir='ltr'><strong>efferatos,</strong></span> <span class='ocrx_word' id='word_1_493' title='bbox 281 3639 345 3695; x_wconf 91' lang='lat' dir='ltr'><strong>sine</strong></span> <span class='ocrx_word' id='word_1_494' title='bbox 361 3653 467 3710; x_wconf 83' lang='lat' dir='ltr'><strong>magno</strong></span> <span class='ocrx_word' id='word_1_495' title='bbox 483 3636 658 3693; x_wconf 88' lang='lat' dir='ltr'><strong>detrimento</strong></span> <span class='ocrx_word' id='word_1_496' title='bbox 677 3637 718 3692; x_wconf 93' lang='lat' dir='ltr'><strong>rei</strong></span> <span class='ocrx_word' id='word_1_497' title='bbox 743 3636 865 3710; x_wconf 81' lang='lat' dir='ltr'><strong>publicae</strong></span> <span class='ocrx_word' id='word_1_498' title='bbox 889 3654 942 3693; x_wconf 90' lang='lat' dir='ltr'><strong>neo</strong></span> <span class='ocrx_word' id='word_1_499' title='bbox 997 3632 1105 3691; x_wconf 87' lang='lat' dir='ltr'><strong>seculis</strong></span> <span class='ocrx_word' id='word_1_500' title='bbox 1120 3632 1388 3705; x_wconf 89' lang='lat' dir='ltr'><strong>servabaturquasi</strong></span> <span class='ocrx_word' id='word_1_501' title='bbox 1413 3631 1559 3687; x_wconf 90' lang='lat' dir='ltr'><strong>sancitum</strong></span> <span class='ocrx_word' id='word_1_502' title='bbox 1581 3630 1644 3704; x_wconf 83' lang='lat' dir='ltr'><strong>lage</strong></span> <span class='ocrx_word' id='word_1_503' title='bbox 1666 3635 1816 3704; x_wconf 85' lang='lat' dir='ltr'><strong>perpetua.</strong></span> 
     </span>
     <span class='ocr_line' id='line_1_39' title="bbox 113 3717 1819 3800; baseline -0.008 -13"><span class='ocrx_word' id='word_1_504' title='bbox 113 3728 264 3787; x_wconf 73' lang='lat' dir='ltr'><strong>cincimo</strong></span> <span class='ocrx_word' id='word_1_505' title='bbox 279 3727 393 3783; x_wconf 87' lang='lat' dir='ltr'><strong>vincere</strong></span> <span class='ocrx_word' id='word_1_506' title='bbox 403 3742 500 3800; x_wconf 83' lang='lat' dir='ltr'><strong>posse,</strong></span> <span class='ocrx_word' id='word_1_507' title='bbox 510 3725 583 3780; x_wconf 90' lang='lat' dir='ltr'><strong>abiit</strong></span> <span class='ocrx_word' id='word_1_508' title='bbox 593 3725 628 3780; x_wconf 90' lang='lat' dir='ltr'><strong>ad</strong></span> <span class='ocrx_word' id='word_1_509' title='bbox 640 3725 785 3782; x_wconf 66' lang='grc' dir='ltr'><strong>4444444ὀ</strong></span> <span class='ocrx_word' id='word_1_510' title='bbox 795 3725 941 3794; x_wconf 88' lang='lat' dir='ltr'><strong>Ottonem,</strong></span> <span class='ocrx_word' id='word_1_511' title='bbox 998 3728 1031 3780; x_wconf 92' lang='lat' dir='ltr'><strong>ut</strong></span> <span class='ocrx_word' id='word_1_512' title='bbox 1046 3739 1123 3779; x_wconf 89' lang='lat' dir='ltr'><strong>unus</strong></span> <span class='ocrx_word' id='word_1_513' title='bbox 1142 3721 1284 3793; x_wconf 87' lang='lat' dir='ltr'><strong>liliorum,</strong></span> <span class='ocrx_word' id='word_1_514' title='bbox 1300 3720 1350 3794; x_wconf 93' lang='lat' dir='ltr'><strong>qui</strong></span> <span class='ocrx_word' id='word_1_515' title='bbox 1361 3720 1436 3793; x_wconf 91' lang='lat' dir='ltr'><strong>patri</strong></span> <span class='ocrx_word' id='word_1_516' title='bbox 1456 3719 1644 3792; x_wconf 88' lang='lat' dir='ltr'><strong>potissimum</strong></span> <span class='ocrx_word' id='word_1_517' title='bbox 1659 3717 1819 3792; x_wconf 89' lang='lat' dir='ltr'><strong>placuisset</strong></span> 
     </span>
     <span class='ocr_line' id='line_1_40' title="bbox 115 3806 1821 3889; baseline -0.008 -14"><span class='ocrx_word' id='word_1_518' title='bbox 115 3832 249 3889; x_wconf 86' lang='lat' dir='ltr'><strong>sumque</strong></span> <span class='ocrx_word' id='word_1_519' title='bbox 258 3833 309 3889; x_wconf 90' lang='lat' dir='ltr'><strong>per</strong></span> <span class='ocrx_word' id='word_1_520' title='bbox 320 3821 410 3873; x_wconf 84' lang='lat' dir='ltr'><strong>Deum</strong></span> <span class='ocrx_word' id='word_1_521' title='bbox 423 3815 564 3871; x_wconf 89' lang='lat' dir='ltr'><strong>obtestari</strong></span> <span class='ocrx_word' id='word_1_522' title='bbox 576 3814 723 3886; x_wconf 69' lang='lat' dir='ltr'><strong>crepitus</strong></span> <span class='ocrx_word' id='word_1_523' title='bbox 734 3831 764 3870; x_wconf 87' lang='lat' dir='ltr'><strong>se</strong></span> <span class='ocrx_word' id='word_1_524' title='bbox 773 3815 942 3887; x_wconf 90' lang='lat' dir='ltr'><strong>suosquein</strong></span> <span class='ocrx_word' id='word_1_525' title='bbox 998 3828 1105 3869; x_wconf 89' lang='lat' dir='ltr'><strong>nomen</strong></span> <span class='ocrx_word' id='word_1_526' title='bbox 1121 3811 1212 3884; x_wconf 89' lang='lat' dir='ltr'><strong>patris</strong></span> <span class='ocrx_word' id='word_1_527' title='bbox 1229 3810 1371 3882; x_wconf 86' lang='lat' dir='ltr'><strong>acciperet</strong></span> <span class='ocrx_word' id='word_1_528' title='bbox 1395 3809 1430 3849; x_wconf 67' lang='lat'><strong>⁶⁸⁰</strong></span> <span class='ocrx_word' id='word_1_529' title='bbox 1453 3812 1482 3864; x_wconf 91' lang='lat' dir='ltr'><strong>et</strong></span> <span class='ocrx_word' id='word_1_530' title='bbox 1504 3807 1537 3845; x_wconf 77' lang='lat'><strong>⁸⁸¹</strong></span> <span class='ocrx_word' id='word_1_531' title='bbox 1563 3808 1657 3864; x_wconf 89' lang='lat' dir='ltr'><strong>tocius</strong></span> <span class='ocrx_word' id='word_1_532' title='bbox 1679 3806 1821 3865; x_wconf 81' lang='lat' dir='ltr'><strong>l&#39;landria</strong></span> 
     </span>
     <span class='ocr_line' id='line_1_41' title="bbox 115 3895 1823 3976; baseline -0.008 -12"><span class='ocrx_word' id='word_1_533' title='bbox 115 3910 237 3964; x_wconf 78' lang='lat' dir='ltr'><strong>rantum</strong></span> <span class='ocrx_word' id='word_1_534' title='bbox 254 3905 412 3962; x_wconf 89' lang='lat' dir='ltr'><strong>discrimen</strong></span> <span class='ocrx_word' id='word_1_535' title='bbox 424 3903 770 3976; x_wconf 80' lang='lat' dir='ltr'><strong>praeoipitaret;necdum</strong></span> <span class='ocrx_word' id='word_1_536' title='bbox 787 3904 812 3959; x_wconf 95' lang='lat' dir='ltr'><strong>ei</strong></span> <span class='ocrx_word' id='word_1_537' title='bbox 826 3919 944 3959; x_wconf 90' lang='lat' dir='ltr'><strong>omnem</strong></span> <span class='ocrx_word' id='word_1_538' title='bbox 998 3900 1197 3974; x_wconf 88' lang='lat' dir='ltr'><strong>principatum</strong></span> <span class='ocrx_word' id='word_1_539' title='bbox 1228 3898 1311 3954; x_wconf 92' lang='lat' dir='ltr'><strong>solus</strong></span> <span class='ocrx_word' id='word_1_540' title='bbox 1335 3896 1510 3954; x_wconf 89' lang='lat' dir='ltr'><strong>hereditaria</strong></span> <span class='ocrx_word' id='word_1_541' title='bbox 1535 3897 1722 3953; x_wconf 89' lang='lat' dir='ltr'><strong>suceessione</strong></span> <span class='ocrx_word' id='word_1_542' title='bbox 1746 3895 1823 3953; x_wconf 88' lang='lat' dir='ltr'><strong>obti-</strong></span> 
     </span>
     <span class='ocr_line' id='line_1_42' title="bbox 118 3984 1825 4069; baseline -0.007 -17"><span class='ocrx_word' id='word_1_543' title='bbox 118 4010 205 4069; x_wconf 86' lang='lat' dir='ltr'><strong>spem</strong></span> <span class='ocrx_word' id='word_1_544' title='bbox 220 3996 320 4066; x_wconf 79' lang='lat' dir='ltr'><strong>vania,</strong></span> <span class='ocrx_word' id='word_1_545' title='bbox 332 4010 449 4051; x_wconf 92' lang='lat' dir='ltr'><strong>omnem</strong></span> <span class='ocrx_word' id='word_1_546' title='bbox 460 3992 623 4066; x_wconf 89' lang='lat' dir='ltr'><strong>respirandi</strong></span> <span class='ocrx_word' id='word_1_547' title='bbox 638 3992 803 4048; x_wconf 78' lang='lat' dir='ltr'><strong>facultatem</strong></span> <span class='ocrx_word' id='word_1_548' title='bbox 815 3996 945 4065; x_wconf 90' lang='lat' dir='ltr'><strong>ereptam</strong></span> <span class='ocrx_word' id='word_1_549' title='bbox 1000 3993 1092 4059; x_wconf 90' lang='lat' dir='ltr'><strong>neret,</strong></span> <span class='ocrx_word' id='word_1_550' title='bbox 1109 3987 1197 4044; x_wconf 88' lang='lat' dir='ltr'><strong>ceteri</strong></span> <span class='ocrx_word' id='word_1_551' title='bbox 1212 4003 1280 4043; x_wconf 89' lang='lat' dir='ltr'><strong>vero</strong></span> <span class='ocrx_word' id='word_1_552' title='bbox 1296 3986 1400 4043; x_wconf 82' lang='lat' dir='ltr'><strong>fratres</strong></span> <span class='ocrx_word' id='word_1_553' title='bbox 1416 3990 1467 4042; x_wconf 89' lang='lat' dir='ltr'><strong>aut</strong></span> <span class='ocrx_word' id='word_1_554' title='bbox 1481 3984 1551 4041; x_wconf 91' lang='lat' dir='ltr'><strong>bulo</strong></span> <span class='ocrx_word' id='word_1_555' title='bbox 1565 3984 1677 4041; x_wconf 89' lang='lat' dir='ltr'><strong>subditi</strong></span> <span class='ocrx_word' id='word_1_556' title='bbox 1688 3984 1825 4057; x_wconf 90' lang='lat' dir='ltr'><strong>dictoque</strong></span> 
     </span>
     <span class='ocr_line' id='line_1_43' title="bbox 118 4074 1827 4155; baseline -0.007 -14"><span class='ocrx_word' id='word_1_557' title='bbox 118 4099 207 4153; x_wconf 81' lang='lat' dir='ltr'><strong>esse3</strong></span> <span class='ocrx_word' id='word_1_558' title='bbox 225 4084 250 4140; x_wconf 92' lang='lat' dir='ltr'><strong>si</strong></span> <span class='ocrx_word' id='word_1_559' title='bbox 265 4085 301 4140; x_wconf 93' lang='lat' dir='ltr'><strong>de</strong></span> <span class='ocrx_word' id='word_1_560' title='bbox 316 4086 425 4151; x_wconf 90' lang='lat' dir='ltr'><strong>monte,</strong></span> <span class='ocrx_word' id='word_1_561' title='bbox 451 4097 539 4155; x_wconf 93' lang='lat' dir='ltr'><strong>quem</strong></span> <span class='ocrx_word' id='word_1_562' title='bbox 561 4085 760 4152; x_wconf 87' lang='lat' dir='ltr'><strong>occupaverat,</strong></span> <span class='ocrx_word' id='word_1_563' title='bbox 786 4082 945 4137; x_wconf 86' lang='lat' dir='ltr'><strong>exercitum</strong></span> <span class='ocrx_word' id='word_1_564' title='bbox 1001 4079 1238 4150; x_wconf 89' lang='lat' dir='ltr'><strong>obtemperantes</strong></span> <span class='ocrx_word' id='word_1_565' title='bbox 1253 4076 1289 4111; x_wconf 68' lang='lat'><strong>“²</strong></span> <span class='ocrx_word' id='word_1_566' title='bbox 1306 4074 1462 4148; x_wconf 81' lang='lat' dir='ltr'><strong>ingloriam</strong></span> <span class='ocrx_word' id='word_1_567' title='bbox 1484 4074 1574 4130; x_wconf 87' lang='lat' dir='ltr'><strong>vitam</strong></span> <span class='ocrx_word' id='word_1_568' title='bbox 1598 4074 1750 4143; x_wconf 89' lang='lat' dir='ltr'><strong>ducerent,</strong></span> <span class='ocrx_word' id='word_1_569' title='bbox 1775 4075 1827 4129; x_wconf 89' lang='lat' dir='ltr'><strong>aut</strong></span> 
     </span>
    </p>
   </div>
   <div class='ocr_carea' id='block_1_3' title="bbox 802 4175 1148 4235">
    <p class='ocr_par' dir='ltr' id='par_1_6' title="bbox 802 4175 1148 4235">
     <span class='ocr_line' id='line_1_44' title="bbox 802 4175 1148 4235; baseline -0.003 -3"><span class='ocrx_word' id='word_1_570' title='bbox 802 4178 923 4235; x_wconf 78' lang='lat' dir='ltr'>VARIAE</span> <span class='ocrx_word' id='word_1_571' title='bbox 942 4175 1148 4234; x_wconf 67' lang='lat' dir='ltr'><strong>baduarius.</strong></span> 
     </span>
    </p>
   </div>
   <div class='ocr_carea' id='block_1_4' title="bbox 122 4260 1828 4471">
    <p class='ocr_par' dir='ltr' id='par_1_7' title="bbox 122 4260 1828 4471">
     <span class='ocr_line' id='line_1_45' title="bbox 162 4260 1826 4344; baseline -0.007 -18"><span class='ocrx_word' id='word_1_572' title='bbox 162 4270 272 4344; x_wconf 77' lang='lat' dir='ltr'><strong>⁸¹⁹poll</strong></span> <span class='ocrx_word' id='word_1_573' title='bbox 296 4270 420 4326; x_wconf 76' lang='lat' dir='ltr'><strong>ambi.</strong></span> <span class='ocrx_word' id='word_1_574' title='bbox 464 4269 499 4307; x_wconf 80' lang='lat'><strong>⁶¹⁰</strong></span> <span class='ocrx_word' id='word_1_575' title='bbox 513 4268 584 4323; x_wconf 90' lang='lat' dir='ltr'><strong>dum</strong></span> <span class='ocrx_word' id='word_1_576' title='bbox 598 4268 626 4323; x_wconf 86' lang='lat'><strong>3.</strong></span> <span class='ocrx_word' id='word_1_577' title='bbox 664 4267 698 4302; x_wconf 73' lang='lat'><strong>⁶²¹</strong></span> <span class='ocrx_word' id='word_1_578' title='bbox 714 4268 743 4322; x_wconf 93' lang='lat' dir='ltr'><strong>in</strong></span> <span class='ocrx_word' id='word_1_579' title='bbox 760 4283 785 4323; x_wconf 92' lang='grc'><strong>4.</strong></span> <span class='ocrx_word' id='word_1_580' title='bbox 803 4284 825 4322; x_wconf 90' lang='grc'><strong>4.</strong></span> <span class='ocrx_word' id='word_1_581' title='bbox 852 4266 952 4322; x_wconf 83' lang='lat' dir='ltr'><strong>derant</strong></span> <span class='ocrx_word' id='word_1_582' title='bbox 966 4266 992 4321; x_wconf 85' lang='lat'><strong>3.</strong></span> <span class='ocrx_word' id='word_1_583' title='bbox 1030 4265 1065 4300; x_wconf 73' lang='lat'><strong>⁶¹⁸</strong></span> <span class='ocrx_word' id='word_1_584' title='bbox 1088 4263 1161 4319; x_wconf 82' lang='lat' dir='ltr'><strong>deest</strong></span> <span class='ocrx_word' id='word_1_585' title='bbox 1183 4262 1211 4315; x_wconf 85' lang='grc'><strong>3.</strong></span> <span class='ocrx_word' id='word_1_586' title='bbox 1249 4262 1285 4297; x_wconf 81' lang='lat'><strong>⁸¹³</strong></span> <span class='ocrx_word' id='word_1_587' title='bbox 1309 4276 1376 4318; x_wconf 86' lang='lat' dir='ltr'><strong>oum</strong></span> <span class='ocrx_word' id='word_1_588' title='bbox 1400 4260 1427 4315; x_wconf 97' lang='grc'><strong>4.</strong></span> <span class='ocrx_word' id='word_1_589' title='bbox 1451 4261 1479 4316; x_wconf 90' lang='grc'>5.</span> <span class='ocrx_word' id='word_1_590' title='bbox 1517 4261 1601 4316; x_wconf 71' lang='lat' dir='ltr'><strong>met</strong></span> <span class='ocrx_word' id='word_1_591' title='bbox 1626 4261 1653 4316; x_wconf 88' lang='grc'><strong>4.</strong></span> <span class='ocrx_word' id='word_1_592' title='bbox 1690 4260 1726 4295; x_wconf 79' lang='lat'><strong>⁶¹⁸</strong></span> <span class='ocrx_word' id='word_1_593' title='bbox 1749 4260 1826 4341; x_wconf 74' lang='lat' dir='ltr'><strong>etl.</strong></span> 
     </span>
     <span class='ocr_line' id='line_1_46' title="bbox 122 4330 1827 4467; baseline -0.009 -67"><span class='ocrx_word' id='word_1_594' title='bbox 122 4345 165 4383; x_wconf 74' lang='lat'><strong>⁸²⁸</strong></span> <span class='ocrx_word' id='word_1_595' title='bbox 179 4342 252 4400; x_wconf 81' lang='lat' dir='ltr'><strong>deest</strong></span> <span class='ocrx_word' id='word_1_596' title='bbox 266 4343 293 4398; x_wconf 87' lang='lat'><strong>3.</strong></span> <span class='ocrx_word' id='word_1_597' title='bbox 303 4343 366 4413; x_wconf 86' lang='lat' dir='ltr'><strong>jam</strong></span> <span class='ocrx_word' id='word_1_598' title='bbox 383 4340 449 4467; x_wconf 61' lang='lat' dir='ltr'><strong>ipsa</strong></span> <span class='ocrx_word' id='word_1_599' title='bbox 462 4342 490 4396; x_wconf 90' lang='lat'><strong>5.</strong></span> <span class='ocrx_word' id='word_1_600' title='bbox 542 4340 576 4374; x_wconf 73' lang='lat'><strong>⁶²⁷</strong></span> <span class='ocrx_word' id='word_1_601' title='bbox 592 4339 685 4395; x_wconf 86' lang='lat' dir='ltr'><strong>eciam</strong></span> <span class='ocrx_word' id='word_1_602' title='bbox 701 4339 765 4394; x_wconf 90' lang='lat' dir='ltr'><strong>tim.</strong></span> <span class='ocrx_word' id='word_1_603' title='bbox 781 4339 808 4393; x_wconf 87' lang='lat'><strong>3</strong></span> <span class='ocrx_word' id='word_1_604' title='bbox 859 4338 893 4376; x_wconf 71' lang='lat'><strong>⁶³⁸</strong></span> <span class='ocrx_word' id='word_1_605' title='bbox 922 4337 1066 4392; x_wconf 84' lang='lat' dir='ltr'><strong>adducere</strong></span> <span class='ocrx_word' id='word_1_606' title='bbox 1079 4335 1106 4389; x_wconf 91' lang='lat'><strong>5.</strong></span> <span class='ocrx_word' id='word_1_607' title='bbox 1131 4334 1193 4439; x_wconf 48' lang='lat'><strong>⁸⁶⁸⁰</strong></span> <span class='ocrx_word' id='word_1_608' title='bbox 1215 4331 1288 4389; x_wconf 81' lang='lat' dir='ltr'><strong>deest</strong></span> <span class='ocrx_word' id='word_1_609' title='bbox 1301 4333 1348 4416; x_wconf 41' lang='grc'><strong>4..</strong></span> <span class='ocrx_word' id='word_1_610' title='bbox 1379 4331 1414 4366; x_wconf 78' lang='lat'><strong>⁸⁸⁰</strong></span> <span class='ocrx_word' id='word_1_611' title='bbox 1428 4331 1501 4438; x_wconf 46' lang='lat' dir='ltr'><strong>dgae‘at</strong></span> <span class='ocrx_word' id='word_1_612' title='bbox 1524 4331 1558 4413; x_wconf 55' lang='lat'><strong>33</strong></span> <span class='ocrx_word' id='word_1_613' title='bbox 1602 4330 1827 4436; x_wconf 45' lang='lat' dir='ltr'><strong>⁸⁸¹oeltecberr33</strong></span> 
     </span>
     <span class='ocr_line' id='line_1_47' title="bbox 126 4399 1828 4471; baseline -0.01 0"><span class='ocrx_word' id='word_1_614' title='bbox 126 4418 167 4454; x_wconf 80' lang='lat'><strong>‘³²</strong></span> <span class='ocrx_word' id='word_1_615' title='bbox 181 4414 257 4471; x_wconf 82' lang='lat' dir='ltr'><strong>deest</strong></span> <span class='ocrx_word' id='word_1_616' title='bbox 270 4413 297 4468; x_wconf 86' lang='lat'><strong>3.</strong></span> <span class='ocrx_word' id='word_1_617' title='bbox 335 4411 543 4469; x_wconf 63' lang='grc'><strong>034444444444</strong></span> <span class='ocrx_word' id='word_1_618' title='bbox 556 4411 583 4466; x_wconf 87' lang='grc'>5.</span> <span class='ocrx_word' id='word_1_619' title='bbox 600 4409 806 4466; x_wconf 86' lang='lat' dir='ltr'><strong>Vnernherl.</strong></span> <span class='ocrx_word' id='word_1_620' title='bbox 844 4409 879 4444; x_wconf 75' lang='lat'><strong>⁶³⁴</strong></span> <span class='ocrx_word' id='word_1_621' title='bbox 894 4408 1028 4464; x_wconf 77' lang='lat' dir='ltr'><strong>libanum</strong></span> <span class='ocrx_word' id='word_1_622' title='bbox 1041 4407 1067 4461; x_wconf 91' lang='grc'><strong>4.</strong></span> <span class='ocrx_word' id='word_1_623' title='bbox 1106 4406 1129 4440; x_wconf 77' lang='lat'><strong>⁸³</strong></span> <span class='ocrx_word' id='word_1_624' title='bbox 1156 4403 1371 4459; x_wconf 85' lang='lat' dir='ltr'><strong>Hammerslain</strong></span> <span class='ocrx_word' id='word_1_625' title='bbox 1382 4403 1408 4456; x_wconf 85' lang='lat'><strong>3.</strong></span> <span class='ocrx_word' id='word_1_626' title='bbox 1493 4401 1610 4457; x_wconf 80' lang='lat' dir='ltr'><strong>additi.</strong></span> <span class='ocrx_word' id='word_1_627' title='bbox 1691 4399 1828 4456; x_wconf 89' lang='lat' dir='ltr'><strong>Baldumr</strong></span> 
     </span>
    </p>
   </div>
   <div class='ocr_carea' id='block_1_5' title="bbox 126 4470 1829 4678">
    <p class='ocr_par' dir='ltr' id='par_1_8' title="bbox 126 4470 1829 4678">
     <span class='ocr_line' id='line_1_48' title="bbox 126 4470 1829 4554; baseline -0.012 -9"><span class='ocrx_word' id='word_1_628' title='bbox 126 4486 157 4545; x_wconf 87' lang='grc'><strong>3.</strong></span> <span class='ocrx_word' id='word_1_629' title='bbox 197 4486 232 4527; x_wconf 77' lang='lat'><strong>‘³⁸</strong></span> <span class='ocrx_word' id='word_1_630' title='bbox 246 4483 319 4541; x_wconf 81' lang='lat' dir='ltr'><strong>deest</strong></span> <span class='ocrx_word' id='word_1_631' title='bbox 333 4485 360 4539; x_wconf 89' lang='lat'><strong>3.</strong></span> <span class='ocrx_word' id='word_1_632' title='bbox 398 4482 700 4539; x_wconf 78' lang='lat' dir='ltr'><strong>⁶³⁹Rutbartiomnea.</strong></span> <span class='ocrx_word' id='word_1_633' title='bbox 738 4480 773 4517; x_wconf 77' lang='lat'><strong>⁶⁸⁰</strong></span> <span class='ocrx_word' id='word_1_634' title='bbox 786 4497 815 4554; x_wconf 94' lang='lat' dir='ltr'><strong>p.</strong></span> <span class='ocrx_word' id='word_1_635' title='bbox 832 4496 861 4553; x_wconf 93' lang='lat' dir='ltr'><strong>p.</strong></span> <span class='ocrx_word' id='word_1_636' title='bbox 877 4494 985 4536; x_wconf 91' lang='lat' dir='ltr'><strong>nomen</strong></span> <span class='ocrx_word' id='word_1_637' title='bbox 997 4474 1267 4551; x_wconf 89' lang='lat' dir='ltr'><strong>patrisplacuisset,</strong></span> <span class='ocrx_word' id='word_1_638' title='bbox 1279 4489 1385 4530; x_wconf 89' lang='lat' dir='ltr'><strong>nomen</strong></span> <span class='ocrx_word' id='word_1_639' title='bbox 1398 4473 1491 4545; x_wconf 88' lang='lat' dir='ltr'><strong>patris</strong></span> <span class='ocrx_word' id='word_1_640' title='bbox 1502 4471 1677 4544; x_wconf 85' lang='lat' dir='ltr'><strong>acciperet3.</strong></span> <span class='ocrx_word' id='word_1_641' title='bbox 1714 4470 1829 4526; x_wconf 67' lang='grc' dir='ltr'><strong>Μ44·-</strong></span> 
     </span>
     <span class='ocr_line' id='line_1_49' title="bbox 127 4554 1033 4678; baseline -0.012 -62"><span class='ocrx_word' id='word_1_642' title='bbox 127 4557 276 4617; x_wconf 85' lang='lat' dir='ltr'><strong>obtineret</strong></span> <span class='ocrx_word' id='word_1_643' title='bbox 289 4555 385 4612; x_wconf 73' lang='lat' dir='ltr'><strong>deccat</strong></span> <span class='ocrx_word' id='word_1_644' title='bbox 398 4556 425 4610; x_wconf 91' lang='lat'><strong>5.</strong></span> <span class='ocrx_word' id='word_1_645' title='bbox 463 4554 498 4589; x_wconf 74' lang='lat'><strong>⁸⁸¹</strong></span> <span class='ocrx_word' id='word_1_646' title='bbox 513 4558 635 4626; x_wconf 82' lang='lat' dir='ltr'><strong>temper.</strong></span> <span class='ocrx_word' id='word_1_647' title='bbox 651 4554 679 4609; x_wconf 90' lang='grc'><strong>3.</strong></span> <span class='ocrx_word' id='word_1_648' title='bbox 917 4620 1033 4678; x_wconf 59' lang='lat' dir='ltr'><strong>Nom</strong></span> 
     </span>
    </p>
   </div>
   <div class='ocr_carea' id='block_1_6' title="bbox 123 4699 1723 4880">
    <p class='ocr_par' dir='ltr' id='par_1_9' title="bbox 123 4699 1723 4880">
     <span class='ocr_line' id='line_1_50' title="bbox 123 4699 1698 4789; baseline -0.007 -17"><span class='ocrx_word' id='word_1_649' title='bbox 123 4778 129 4787; x_wconf 62' lang='grc'>,</span> <span class='ocrx_word' id='word_1_650' title='bbox 163 4715 242 4789; x_wconf 83' lang='grc'>(230)</span> <span class='ocrx_word' id='word_1_651' title='bbox 257 4714 298 4771; x_wconf 85' lang='grc'><strong>04.</strong></span> <span class='ocrx_word' id='word_1_652' title='bbox 325 4715 500 4782; x_wconf 76' lang='grc'>4444444444,</span> <span class='ocrx_word' id='word_1_653' title='bbox 524 4712 591 4783; x_wconf 89' lang='lat' dir='ltr'><strong>V,8</strong></span> <span class='ocrx_word' id='word_1_654' title='bbox 613 4712 658 4784; x_wconf 80' lang='lat' dir='ltr'><strong>(ex</strong></span> <span class='ocrx_word' id='word_1_655' title='bbox 681 4729 739 4784; x_wconf 90' lang='lat' dir='ltr'><strong>quo</strong></span> <span class='ocrx_word' id='word_1_656' title='bbox 764 4709 994 4777; x_wconf 66' lang='lat' dir='ltr'><strong>adelboldum)</strong></span> <span class='ocrx_word' id='word_1_657' title='bbox 1125 4744 1131 4755; x_wconf 90' lang='lat'><strong>·</strong></span> <span class='ocrx_word' id='word_1_658' title='bbox 1165 4741 1172 4754; x_wconf 90' lang='lat'><strong>·</strong></span> <span class='ocrx_word' id='word_1_659' title='bbox 1206 4739 1214 4755; x_wconf 91' lang='lat'><strong>·</strong></span> <span class='ocrx_word' id='word_1_660' title='bbox 1247 4699 1664 4774; x_wconf 62' lang='grc' dir='ltr'><strong>Ιᾶδῡῐῦῑῑὶωῦῦῡωῦἰῌθῦῦω,</strong></span> <span class='ocrx_word' id='word_1_661' title='bbox 1693 4762 1698 4774; x_wconf 79' lang='grc'>,</span> 
     </span>
     <span class='ocr_line' id='line_1_51' title="bbox 128 4762 1723 4880; baseline -0.017 -41"><span class='ocrx_word' id='word_1_662' title='bbox 128 4806 154 4848; x_wconf 79' lang='lat' dir='ltr'><strong>e,</strong></span> <span class='ocrx_word' id='word_1_663' title='bbox 169 4791 210 4852; x_wconf 70' lang='grc' dir='ltr'>ο).</span> <span class='ocrx_word' id='word_1_664' title='bbox 1043 4769 1070 4820; x_wconf 83' lang='lat' dir='ltr'><strong>Si</strong></span> <span class='ocrx_word' id='word_1_665' title='bbox 1085 4767 1217 4880; x_wconf 60' lang='grc'>44434444,</span> <span class='ocrx_word' id='word_1_666' title='bbox 1232 4765 1330 4826; x_wconf 86' lang='lat' dir='ltr'><strong>babet;</strong></span> <span class='ocrx_word' id='word_1_667' title='bbox 1346 4764 1404 4815; x_wconf 88' lang='lat' dir='ltr'><strong>sola</strong></span> <span class='ocrx_word' id='word_1_668' title='bbox 1417 4765 1457 4815; x_wconf 82' lang='lat' dir='ltr'><strong>ast</strong></span> <span class='ocrx_word' id='word_1_669' title='bbox 1466 4763 1511 4814; x_wconf 81' lang='lat' dir='ltr'><strong>vla</strong></span> <span class='ocrx_word' id='word_1_670' title='bbox 1521 4776 1628 4815; x_wconf 83' lang='lat' dir='ltr'><strong>vincere</strong></span> <span class='ocrx_word' id='word_1_671' title='bbox 1637 4762 1723 4823; x_wconf 81' lang='lat' dir='ltr'><strong>victis,</strong></span> 
     </span>
    </p>
   </div>
   <div class='ocr_carea' id='block_1_7' title="bbox 131 4828 1833 5054">
    <p class='ocr_par' dir='ltr' id='par_1_10' title="bbox 131 4828 1833 5054">
     <span class='ocr_line' id='line_1_52' title="bbox 162 4828 1714 4931; baseline -0.02 -15"><span class='ocrx_word' id='word_1_672' title='bbox 162 4859 241 4931; x_wconf 86' lang='grc'>(240)</span> <span class='ocrx_word' id='word_1_673' title='bbox 256 4861 289 4913; x_wconf 92' lang='lat' dir='ltr'><strong>In</strong></span> <span class='ocrx_word' id='word_1_674' title='bbox 309 4856 422 4928; x_wconf 83' lang='lat' dir='ltr'><strong>Haseia,</strong></span> <span class='ocrx_word' id='word_1_675' title='bbox 447 4860 622 4928; x_wconf 79' lang='lat' dir='ltr'><strong>Haasungen</strong></span> <span class='ocrx_word' id='word_1_676' title='bbox 637 4871 685 4911; x_wconf 90' lang='lat' dir='ltr'><strong>am</strong></span> <span class='ocrx_word' id='word_1_677' title='bbox 709 4852 955 4911; x_wconf 87' lang='lat' dir='ltr'><strong>Habiohtawalds.</strong></span> <span class='ocrx_word' id='word_1_678' title='bbox 1044 4831 1132 4882; x_wconf 54' lang='lat' dir='ltr'><strong>pmii</strong></span> <span class='ocrx_word' id='word_1_679' title='bbox 1153 4844 1196 4929; x_wconf 48' lang='lat'><strong>⁸5⁰</strong></span> <span class='ocrx_word' id='word_1_680' title='bbox 1211 4828 1277 4879; x_wconf 70' lang='lat' dir='ltr'><strong>⁰¹¹¹ss</strong></span> <span class='ocrx_word' id='word_1_681' title='bbox 1308 4861 1318 4926; x_wconf 64' lang='lat' dir='ltr'><strong>j</strong></span> <span class='ocrx_word' id='word_1_682' title='bbox 1352 4861 1526 4877; x_wconf 85' lang='lat'><strong>·····</strong></span> <span class='ocrx_word' id='word_1_683' title='bbox 1708 4911 1714 4925; x_wconf 34' lang='grc' dir='ltr'>ι</span> 
     </span>
     <span class='ocr_line' id='line_1_53' title="bbox 131 4911 1833 5054; baseline -0.015 -60"><span class='ocrx_word' id='word_1_684' title='bbox 131 4931 174 4991; x_wconf 79' lang='lat' dir='ltr'><strong>Cf·</strong></span> <span class='ocrx_word' id='word_1_685' title='bbox 193 4929 315 4997; x_wconf 82' lang='lat' dir='ltr'><strong>Wenck‚</strong></span> <span class='ocrx_word' id='word_1_686' title='bbox 330 4928 351 4984; x_wconf 93' lang='lat' dir='ltr'><strong>l.</strong></span> <span class='ocrx_word' id='word_1_687' title='bbox 367 4928 387 4998; x_wconf 92' lang='lat' dir='ltr'><strong>l,</strong></span> <span class='ocrx_word' id='word_1_688' title='bbox 404 4928 453 4996; x_wconf 91' lang='grc'>444,</span> <span class='ocrx_word' id='word_1_689' title='bbox 470 4944 499 5054; x_wconf 58' lang='grc' dir='ltr'>Ε.</span> <span class='ocrx_word' id='word_1_690' title='bbox 512 4927 557 4991; x_wconf 91' lang='grc'><strong>40,</strong></span> <span class='ocrx_word' id='word_1_691' title='bbox 573 4943 602 4981; x_wconf 91' lang='lat' dir='ltr'><strong>n.</strong></span> <span class='ocrx_word' id='word_1_692' title='bbox 620 4926 649 4980; x_wconf 95' lang='lat' dir='ltr'><strong>b.</strong></span> <span class='ocrx_word' id='word_1_693' title='bbox 1049 4920 1123 4993; x_wconf 91' lang='grc'>(243)</span> <span class='ocrx_word' id='word_1_694' title='bbox 1138 4917 1260 4974; x_wconf 82' lang='lat' dir='ltr'><strong>Videtur</strong></span> <span class='ocrx_word' id='word_1_695' title='bbox 1274 4915 1366 4971; x_wconf 81' lang='lat' dir='ltr'><strong>luisse</strong></span> <span class='ocrx_word' id='word_1_696' title='bbox 1380 4930 1479 4970; x_wconf 89' lang='lat' dir='ltr'><strong>comes</strong></span> <span class='ocrx_word' id='word_1_697' title='bbox 1494 4913 1529 4969; x_wconf 90' lang='grc'><strong>44</strong></span> <span class='ocrx_word' id='word_1_698' title='bbox 1543 4911 1643 4969; x_wconf 89' lang='lat' dir='ltr'><strong>Insula</strong></span> <span class='ocrx_word' id='word_1_699' title='bbox 1670 4911 1833 5038; x_wconf 35' lang='grc'>8044444444·</span> 
     </span>
    </p>
   </div>
   <div class='ocr_carea' id='block_1_8' title="bbox 130 4982 1836 5253">
    <p class='ocr_par' dir='ltr' id='par_1_11' title="bbox 130 4982 1836 5253">
     <span class='ocr_line' id='line_1_54' title="bbox 165 4982 1833 5110; baseline -0.01 -54"><span class='ocrx_word' id='word_1_700' title='bbox 165 5002 245 5072; x_wconf 88' lang='grc'>(244)</span> <span class='ocrx_word' id='word_1_701' title='bbox 259 4999 300 5055; x_wconf 83' lang='lat' dir='ltr'><strong>Ex</strong></span> <span class='ocrx_word' id='word_1_702' title='bbox 315 5004 413 5056; x_wconf 88' lang='lat' dir='ltr'><strong>menta</strong></span> <span class='ocrx_word' id='word_1_703' title='bbox 429 4998 469 5055; x_wconf 88' lang='grc'><strong>04</strong></span> <span class='ocrx_word' id='word_1_704' title='bbox 491 4997 587 5063; x_wconf 86' lang='lat' dir='ltr'><strong>bardi,</strong></span> <span class='ocrx_word' id='word_1_705' title='bbox 602 4998 674 5053; x_wconf 90' lang='lat' dir='ltr'><strong>bist.</strong></span> <span class='ocrx_word' id='word_1_706' title='bbox 703 5012 768 5078; x_wconf 74' lang='lat' dir='ltr'><strong>gon.</strong></span> <span class='ocrx_word' id='word_1_707' title='bbox 794 4995 882 5078; x_wconf 60' lang='lat' dir='ltr'><strong>Abla,</strong></span> <span class='ocrx_word' id='word_1_708' title='bbox 908 4994 957 5076; x_wconf 82' lang='lat' dir='ltr'><strong>lll,</strong></span> <span class='ocrx_word' id='word_1_709' title='bbox 1013 4993 1085 5063; x_wconf 89' lang='grc'>444).</span> <span class='ocrx_word' id='word_1_710' title='bbox 1102 4990 1145 5075; x_wconf 65' lang='lat' dir='ltr'><strong>(ll.</strong></span> <span class='ocrx_word' id='word_1_711' title='bbox 1161 4989 1286 5048; x_wconf 88' lang='lat' dir='ltr'><strong>Guden..</strong></span> <span class='ocrx_word' id='word_1_712' title='bbox 1303 4986 1367 5070; x_wconf 81' lang='grc'>444.</span> <span class='ocrx_word' id='word_1_713' title='bbox 1391 4985 1462 5058; x_wconf 88' lang='lat' dir='ltr'><strong>dipl.</strong></span> <span class='ocrx_word' id='word_1_714' title='bbox 1486 4988 1534 5053; x_wconf 73' lang='lat' dir='ltr'><strong>lt,</strong></span> <span class='ocrx_word' id='word_1_715' title='bbox 1559 4982 1581 5066; x_wconf 76' lang='lat' dir='ltr'><strong>l,</strong></span> <span class='ocrx_word' id='word_1_716' title='bbox 1601 5001 1630 5110; x_wconf 44' lang='grc' dir='ltr'>ᾖ</span> <span class='ocrx_word' id='word_1_717' title='bbox 1654 4982 1718 5050; x_wconf 83' lang='grc'><strong>27,</strong></span> <span class='ocrx_word' id='word_1_718' title='bbox 1740 4985 1789 5040; x_wconf 93' lang='lat' dir='ltr'><strong>nbi</strong></span> <span class='ocrx_word' id='word_1_719' title='bbox 1806 5000 1833 5039; x_wconf 89' lang='lat' dir='ltr'><strong>a.</strong></span> 
     </span>
     <span class='ocr_line' id='line_1_55' title="bbox 130 5055 1835 5151; baseline -0.012 -22"><span class='ocrx_word' id='word_1_720' title='bbox 130 5088 161 5145; x_wconf 87' lang='lat' dir='ltr'><strong>p.</strong></span> <span class='ocrx_word' id='word_1_721' title='bbox 177 5074 232 5129; x_wconf 86' lang='grc'><strong>102</strong></span> <span class='ocrx_word' id='word_1_722' title='bbox 246 5088 326 5143; x_wconf 88' lang='lat' dir='ltr'><strong>sqq.,</strong></span> <span class='ocrx_word' id='word_1_723' title='bbox 342 5071 396 5126; x_wconf 89' lang='lat' dir='ltr'><strong>luit</strong></span> <span class='ocrx_word' id='word_1_724' title='bbox 412 5068 633 5151; x_wconf 24' lang='lat' dir='ltr'><strong>iraternllutgeri</strong></span> <span class='ocrx_word' id='word_1_725' title='bbox 649 5068 810 5124; x_wconf 81' lang='lat' dir='ltr'><strong>comitrsde</strong></span> <span class='ocrx_word' id='word_1_726' title='bbox 821 5065 959 5122; x_wconf 81' lang='lat' dir='ltr'><strong>Bielstern</strong></span> <span class='ocrx_word' id='word_1_727' title='bbox 1014 5064 1081 5120; x_wconf 87' lang='grc'>1454</span> <span class='ocrx_word' id='word_1_728' title='bbox 1091 5062 1223 5144; x_wconf 74' lang='lat' dir='ltr'><strong>ejusdam</strong></span> <span class='ocrx_word' id='word_1_729' title='bbox 1236 5055 1597 5140; x_wconf 79' lang='lat' dir='ltr'><strong>nomrnracomes,0ttonrs</strong></span> <span class='ocrx_word' id='word_1_730' title='bbox 1621 5055 1835 5138; x_wconf 66' lang='lat' dir='ltr'><strong>⁸runautrasal3</strong></span> 
     </span>
     <span class='ocr_line' id='line_1_56' title="bbox 130 5126 1836 5253; baseline -0.011 -52"><span class='ocrx_word' id='word_1_731' title='bbox 130 5143 170 5201; x_wconf 85' lang='lat' dir='ltr'><strong>ad</strong></span> <span class='ocrx_word' id='word_1_732' title='bbox 189 5143 389 5208; x_wconf 69' lang='lat' dir='ltr'><strong>Werramrel.</strong></span> <span class='ocrx_word' id='word_1_733' title='bbox 401 5140 541 5198; x_wconf 85' lang='lat' dir='ltr'><strong>Scbnerdt</strong></span> <span class='ocrx_word' id='word_1_734' title='bbox 552 5156 617 5195; x_wconf 90' lang='lat' dir='ltr'><strong>vom</strong></span> <span class='ocrx_word' id='word_1_735' title='bbox 628 5138 709 5206; x_wconf 85' lang='lat' dir='ltr'><strong>Adai,</strong></span> <span class='ocrx_word' id='word_1_736' title='bbox 723 5155 751 5211; x_wconf 91' lang='lat' dir='ltr'><strong>p.</strong></span> <span class='ocrx_word' id='word_1_737' title='bbox 765 5139 825 5194; x_wconf 85' lang='lat'><strong>175.</strong></span> <span class='ocrx_word' id='word_1_738' title='bbox 834 5136 958 5194; x_wconf 78' lang='lat' dir='ltr'><strong>Wencls.</strong></span> <span class='ocrx_word' id='word_1_739' title='bbox 1013 5134 1070 5200; x_wconf 90' lang='lat' dir='ltr'><strong>lus,</strong></span> <span class='ocrx_word' id='word_1_740' title='bbox 1083 5132 1224 5189; x_wconf 78' lang='lat' dir='ltr'><strong>familiam</strong></span> <span class='ocrx_word' id='word_1_741' title='bbox 1237 5126 1532 5253; x_wconf 52' lang='lat' dir='ltr'><strong>nostrrarpgnatbdde</strong></span> <span class='ocrx_word' id='word_1_742' title='bbox 1544 5126 1663 5182; x_wconf 82' lang='lat' dir='ltr'><strong>Scherdt</strong></span> <span class='ocrx_word' id='word_1_743' title='bbox 1683 5126 1836 5183; x_wconf 81' lang='lat' dir='ltr'><strong>adldoaort</strong></span> 
     </span>
    </p>
   </div>
   <div class='ocr_carea' id='block_1_9' title="bbox 130 5196 1837 5410">
    <p class='ocr_par' dir='ltr' id='par_1_12' title="bbox 130 5196 1837 5410">
     <span class='ocr_line' id='line_1_57' title="bbox 130 5196 1578 5340; baseline -0.012 -70"><span class='ocrx_word' id='word_1_744' title='bbox 130 5213 152 5272; x_wconf 93' lang='lat' dir='ltr'><strong>l.</strong></span> <span class='ocrx_word' id='word_1_745' title='bbox 167 5213 203 5281; x_wconf 92' lang='lat' dir='ltr'><strong>l.,</strong></span> <span class='ocrx_word' id='word_1_746' title='bbox 220 5212 266 5280; x_wconf 89' lang='grc'><strong>44;</strong></span> <span class='ocrx_word' id='word_1_747' title='bbox 282 5213 345 5269; x_wconf 92' lang='grc'>444.</span> <span class='ocrx_word' id='word_1_748' title='bbox 362 5211 445 5340; x_wconf 46' lang='lat' dir='ltr'><strong>dipl,</strong></span> <span class='ocrx_word' id='word_1_749' title='bbox 458 5229 486 5284; x_wconf 95' lang='lat' dir='ltr'><strong>p.</strong></span> <span class='ocrx_word' id='word_1_750' title='bbox 504 5211 601 5266; x_wconf 84' lang='grc'>47-50.</span> <span class='ocrx_word' id='word_1_751' title='bbox 1010 5208 1063 5279; x_wconf 81' lang='grc' dir='ltr'><strong>Ι(44</strong></span> <span class='ocrx_word' id='word_1_752' title='bbox 1078 5203 1159 5276; x_wconf 91' lang='lat' dir='ltr'><strong>publ.</strong></span> <span class='ocrx_word' id='word_1_753' title='bbox 1173 5203 1310 5267; x_wconf 67' lang='lat' dir='ltr'><strong>Brunsv,</strong></span> <span class='ocrx_word' id='word_1_754' title='bbox 1326 5217 1355 5273; x_wconf 89' lang='lat' dir='ltr'><strong>p.</strong></span> <span class='ocrx_word' id='word_1_755' title='bbox 1388 5204 1416 5267; x_wconf 92' lang='grc'>2,</span> <span class='ocrx_word' id='word_1_756' title='bbox 1437 5203 1491 5254; x_wconf 87' lang='grc'>444.</span> <span class='ocrx_word' id='word_1_757' title='bbox 1507 5201 1527 5250; x_wconf 80' lang='lat' dir='ltr'><strong>K</strong></span> <span class='ocrx_word' id='word_1_758' title='bbox 1543 5196 1578 5253; x_wconf 86' lang='grc'><strong>44.</strong></span> 
     </span>
     <span class='ocr_line' id='line_1_58' title="bbox 165 5265 1837 5410; baseline -0.01 -69"><span class='ocrx_word' id='word_1_759' title='bbox 165 5284 247 5410; x_wconf 54' lang='grc'>(242)</span> <span class='ocrx_word' id='word_1_760' title='bbox 264 5283 343 5341; x_wconf 83' lang='lat' dir='ltr'><strong>Hane</strong></span> <span class='ocrx_word' id='word_1_761' title='bbox 358 5300 395 5340; x_wconf 94' lang='lat' dir='ltr'><strong>no</strong></span> <span class='ocrx_word' id='word_1_762' title='bbox 419 5284 486 5339; x_wconf 91' lang='lat' dir='ltr'><strong>ilem</strong></span> <span class='ocrx_word' id='word_1_763' title='bbox 503 5281 679 5339; x_wconf 87' lang='lat' dir='ltr'><strong>sententiam</strong></span> <span class='ocrx_word' id='word_1_764' title='bbox 695 5296 751 5336; x_wconf 90' lang='lat' dir='ltr'><strong>usu</strong></span> <span class='ocrx_word' id='word_1_765' title='bbox 764 5296 802 5335; x_wconf 83' lang='lat' dir='ltr'><strong>sas</strong></span> <span class='ocrx_word' id='word_1_766' title='bbox 824 5277 960 5351; x_wconf 89' lang='lat' dir='ltr'><strong>eproba·</strong></span> <span class='ocrx_word' id='word_1_767' title='bbox 1052 5276 1126 5347; x_wconf 87' lang='grc'>(244)</span> <span class='ocrx_word' id='word_1_768' title='bbox 1138 5273 1172 5328; x_wconf 89' lang='lat' dir='ltr'><strong>V.</strong></span> <span class='ocrx_word' id='word_1_769' title='bbox 1185 5270 1321 5344; x_wconf 81' lang='lat' dir='ltr'><strong>Sohoepll</strong></span> <span class='ocrx_word' id='word_1_770' title='bbox 1329 5269 1585 5395; x_wconf 49' lang='lat' dir='ltr'><strong>Ausfubrnnffiaon</strong></span> <span class='ocrx_word' id='word_1_771' title='bbox 1598 5265 1837 5340; x_wconf 77' lang='lat' dir='ltr'><strong>MarggralOtten</strong></span> 
     </span>
    </p>
   </div>
   <div class='ocr_carea' id='block_1_10' title="bbox 127 5339 1837 5422">
    <p class='ocr_par' dir='ltr' id='par_1_13' title="bbox 127 5339 1837 5422">
     <span class='ocr_line' id='line_1_59' title="bbox 127 5339 1837 5422; baseline -0.012 -7"><span class='ocrx_word' id='word_1_772' title='bbox 127 5360 197 5415; x_wconf 87' lang='lat' dir='ltr'><strong>tam</strong></span> <span class='ocrx_word' id='word_1_773' title='bbox 208 5354 228 5411; x_wconf 93' lang='lat' dir='ltr'><strong>il</strong></span> <span class='ocrx_word' id='word_1_774' title='bbox 243 5360 339 5412; x_wconf 89' lang='lat' dir='ltr'><strong>ustrat</strong></span> <span class='ocrx_word' id='word_1_775' title='bbox 355 5354 454 5411; x_wconf 83' lang='lat' dir='ltr'><strong>Barth.</strong></span> <span class='ocrx_word' id='word_1_776' title='bbox 467 5354 502 5409; x_wconf 93' lang='lat' dir='ltr'><strong>ad</strong></span> <span class='ocrx_word' id='word_1_777' title='bbox 514 5354 624 5409; x_wconf 87' lang='lat' dir='ltr'><strong>Britan.</strong></span> <span class='ocrx_word' id='word_1_778' title='bbox 637 5351 723 5420; x_wconf 82' lang='lat' dir='ltr'><strong>Phil,</strong></span> <span class='ocrx_word' id='word_1_779' title='bbox 736 5350 770 5419; x_wconf 90' lang='lat' dir='ltr'><strong>V,</strong></span> <span class='ocrx_word' id='word_1_780' title='bbox 782 5351 806 5405; x_wconf 69' lang='grc' dir='ltr'><strong>5ι</strong></span> <span class='ocrx_word' id='word_1_781' title='bbox 839 5348 960 5422; x_wconf 76' lang='grc'>,(4.330,</span> <span class='ocrx_word' id='word_1_782' title='bbox 1017 5363 1070 5404; x_wconf 88' lang='grc'><strong>444</strong></span> <span class='ocrx_word' id='word_1_783' title='bbox 1085 5347 1152 5402; x_wconf 89' lang='lat' dir='ltr'><strong>dem</strong></span> <span class='ocrx_word' id='word_1_784' title='bbox 1168 5343 1304 5415; x_wconf 82' lang='lat' dir='ltr'><strong>Nordgan</strong></span> <span class='ocrx_word' id='word_1_785' title='bbox 1319 5342 1379 5398; x_wconf 91' lang='lat' dir='ltr'><strong>und</strong></span> <span class='ocrx_word' id='word_1_786' title='bbox 1394 5339 1505 5413; x_wconf 78' lang='lat' dir='ltr'><strong>augleic</strong></span> <span class='ocrx_word' id='word_1_787' title='bbox 1541 5339 1837 5396; x_wconf 85' lang='lat' dir='ltr'><strong>voaHammorstein.</strong></span> 
     </span>
    </p>
   </div>
   <div class='ocr_carea' id='block_1_11' title="bbox 122 5413 1839 5701">
    <p class='ocr_par' dir='ltr' id='par_1_14' title="bbox 122 5413 1839 5701">
     <span class='ocr_line' id='line_1_60' title="bbox 126 5413 1477 5490; baseline -0.014 -5"><span class='ocrx_word' id='word_1_788' title='bbox 126 5424 209 5487; x_wconf 87' lang='lat' dir='ltr'><strong>locis</strong></span> <span class='ocrx_word' id='word_1_789' title='bbox 223 5424 372 5483; x_wconf 87' lang='lat' dir='ltr'><strong>similibus</strong></span> <span class='ocrx_word' id='word_1_790' title='bbox 387 5425 471 5483; x_wconf 90' lang='lat' dir='ltr'><strong>Statii</strong></span> <span class='ocrx_word' id='word_1_791' title='bbox 487 5424 579 5481; x_wconf 84' lang='lat' dir='ltr'><strong>Tbeb.</strong></span> <span class='ocrx_word' id='word_1_792' title='bbox 594 5423 629 5490; x_wconf 88' lang='lat' dir='ltr'><strong>X,</strong></span> <span class='ocrx_word' id='word_1_793' title='bbox 645 5423 717 5488; x_wconf 88' lang='grc'>493;</span> <span class='ocrx_word' id='word_1_794' title='bbox 733 5420 823 5477; x_wconf 87' lang='lat' dir='ltr'><strong>Curtii</strong></span> <span class='ocrx_word' id='word_1_795' title='bbox 841 5421 917 5487; x_wconf 77' lang='lat' dir='ltr'><strong>lini,</strong></span> <span class='ocrx_word' id='word_1_796' title='bbox 928 5419 961 5484; x_wconf 81' lang='lat' dir='ltr'><strong>V.</strong></span> <span class='ocrx_word' id='word_1_797' title='bbox 1016 5417 1163 5481; x_wconf 86' lang='lat' dir='ltr'><strong>Laubaob,</strong></span> <span class='ocrx_word' id='word_1_798' title='bbox 1181 5415 1261 5471; x_wconf 79' lang='grc'>4455.</span> <span class='ocrx_word' id='word_1_799' title='bbox 1277 5415 1303 5469; x_wconf 79' lang='lat' dir='ltr'><strong>l.</strong></span> <span class='ocrx_word' id='word_1_800' title='bbox 1317 5429 1345 5485; x_wconf 94' lang='lat' dir='ltr'><strong>p.</strong></span> <span class='ocrx_word' id='word_1_801' title='bbox 1361 5413 1396 5467; x_wconf 82' lang='lat'><strong>28</strong></span> <span class='ocrx_word' id='word_1_802' title='bbox 1411 5427 1477 5485; x_wconf 93' lang='lat' dir='ltr'><strong>sqq.</strong></span> 
     </span>
     <span class='ocr_line' id='line_1_61' title="bbox 124 5479 1839 5617; baseline -0.01 -59"><span class='ocrx_word' id='word_1_803' title='bbox 124 5501 156 5568; x_wconf 79' lang='lat'><strong>4,</strong></span> <span class='ocrx_word' id='word_1_804' title='bbox 173 5498 231 5556; x_wconf 82' lang='lat'><strong>31:</strong></span> <span class='ocrx_word' id='word_1_805' title='bbox 250 5498 282 5555; x_wconf 84' lang='lat' dir='ltr'><strong>lit</strong></span> <span class='ocrx_word' id='word_1_806' title='bbox 295 5499 400 5581; x_wconf 26' lang='lat' dir='ltr'><strong>opinor,</strong></span> <span class='ocrx_word' id='word_1_807' title='bbox 411 5497 552 5581; x_wconf 74' lang='lat' dir='ltr'><strong>ipaociam</strong></span> <span class='ocrx_word' id='word_1_808' title='bbox 579 5509 684 5567; x_wconf 81' lang='lat' dir='ltr'><strong>qaoque</strong></span> <span class='ocrx_word' id='word_1_809' title='bbox 707 5493 855 5576; x_wconf 73' lang='grc'>44444444</span> <span class='ocrx_word' id='word_1_810' title='bbox 876 5491 962 5556; x_wconf 83' lang='lat' dir='ltr'><strong>acuit,</strong></span> <span class='ocrx_word' id='word_1_811' title='bbox 1051 5486 1177 5617; x_wconf 59' lang='grc' dir='ltr'>(245)Ι4’.</span> <span class='ocrx_word' id='word_1_812' title='bbox 1193 5488 1269 5543; x_wconf 80' lang='lat' dir='ltr'><strong>Ann.</strong></span> <span class='ocrx_word' id='word_1_813' title='bbox 1285 5482 1400 5550; x_wconf 79' lang='grc'>04444,</span> <span class='ocrx_word' id='word_1_814' title='bbox 1417 5500 1444 5540; x_wconf 90' lang='grc'><strong>4.</strong></span> <span class='ocrx_word' id='word_1_815' title='bbox 1461 5481 1540 5538; x_wconf 89' lang='grc'>4020.</span> <span class='ocrx_word' id='word_1_816' title='bbox 1557 5479 1608 5536; x_wconf 88' lang='grc'>88.</span> <span class='ocrx_word' id='word_1_817' title='bbox 1625 5479 1839 5556; x_wconf 54' lang='lat' dir='ltr'><strong>depastus</strong></span> 
     </span>
     <span class='ocr_line' id='line_1_62' title="bbox 122 5550 1675 5701; baseline -0.014 -69"><span class='ocrx_word' id='word_1_818' title='bbox 122 5581 154 5632; x_wconf 83' lang='lat' dir='ltr'><strong>et</strong></span> <span class='ocrx_word' id='word_1_819' title='bbox 168 5584 250 5643; x_wconf 76' lang='lat' dir='ltr'><strong>saepe</strong></span> <span class='ocrx_word' id='word_1_820' title='bbox 265 5568 415 5701; x_wconf 44' lang='lat' dir='ltr'><strong>deasseratro</strong></span> <span class='ocrx_word' id='word_1_821' title='bbox 429 5582 587 5644; x_wconf 76' lang='lat' dir='ltr'><strong>sparorum</strong></span> <span class='ocrx_word' id='word_1_822' title='bbox 601 5569 649 5624; x_wconf 82' lang='lat' dir='ltr'><strong>est.</strong></span> <span class='ocrx_word' id='word_1_823' title='bbox 665 5565 791 5635; x_wconf 73' lang='lat' dir='ltr'><strong>Aratea,</strong></span> <span class='ocrx_word' id='word_1_824' title='bbox 807 5561 877 5622; x_wconf 83' lang='lat' dir='ltr'><strong>brat.</strong></span> <span class='ocrx_word' id='word_1_825' title='bbox 893 5575 963 5639; x_wconf 88' lang='lat' dir='ltr'><strong>apo·</strong></span> <span class='ocrx_word' id='word_1_826' title='bbox 1019 5559 1094 5637; x_wconf 88' lang='lat' dir='ltr'><strong>parti</strong></span> <span class='ocrx_word' id='word_1_827' title='bbox 1135 5562 1207 5617; x_wconf 80' lang='grc'>4444</span> <span class='ocrx_word' id='word_1_828' title='bbox 1220 5556 1250 5616; x_wconf 95' lang='grc'>8.</span> <span class='ocrx_word' id='word_1_829' title='bbox 1266 5553 1420 5630; x_wconf 86' lang='lat' dir='ltr'><strong>Herlberti,</strong></span> <span class='ocrx_word' id='word_1_830' title='bbox 1437 5553 1489 5615; x_wconf 89' lang='grc'>88.</span> <span class='ocrx_word' id='word_1_831' title='bbox 1503 5553 1550 5627; x_wconf 85' lang='lat' dir='ltr'><strong>lv,</strong></span> <span class='ocrx_word' id='word_1_832' title='bbox 1567 5567 1596 5629; x_wconf 89' lang='lat' dir='ltr'><strong>p.</strong></span> <span class='ocrx_word' id='word_1_833' title='bbox 1611 5550 1675 5617; x_wconf 82' lang='grc'>440,</span> 
     </span>
    </p>
   </div>
   <div class='ocr_carea' id='block_1_12' title="bbox 122 5638 359 5718">
    <p class='ocr_par' dir='ltr' id='par_1_15' title="bbox 122 5638 359 5718">
     <span class='ocr_line' id='line_1_63' title="bbox 122 5638 359 5718; baseline -0.046 -9"><span class='ocrx_word' id='word_1_834' title='bbox 122 5638 304 5718; x_wconf 80' lang='lat' dir='ltr'><strong>rtot.,11,7</strong></span> <span class='ocrx_word' id='word_1_835' title='bbox 351 5655 359 5699; x_wconf 74' lang='lat' dir='ltr'><strong>t</strong></span> 
     </span>
    </p>
   </div>
   <div class='ocr_carea' id='block_1_13' title="bbox 0 0 1950 6096">
    <p class='ocr_par' dir='ltr' id='par_1_16' title="bbox 0 0 1950 6096">
     <span class='ocr_line' id='line_1_64' title="bbox 0 0 1950 6096; baseline 0 0"><span class='ocrx_word' id='word_1_836' title='bbox 0 0 1950 6096; x_wconf 95' lang='lat' dir='ltr'><strong> </strong></span> 
     </span>
    </p>
   </div>
  </div>
 </body>
</html>
