3892 6096
114 245 152 312 tt
425 248 500 313 hlB.
523 248 576 311 bb
596 249 912 315 redemerimus
934 251 1021 316 sols
1042 252 1093 314 ΕΤ
1115 252 1300 316 soateets.
1316 288 1355 299 —
1370 256 1470 318 PARS
1493 255 1518 317 l.
1786 262 1827 323 ts

113 380 316 455 scandaloqui
331 399 384 455 per
395 386 423 437 te
438 382 586 454 depravati
602 387 693 439 sunt:
710 382 789 456 quod
803 387 835 439 tu
851 382 944 455 pluri·
960 386 988 452 Α
1004 384 1079 440 Petri
1095 385 1217 457 apostoli
1228 387 1334 458 legitur
1351 404 1357 441 :
1375 389 1456 456 Deua,
1470 388 1577 460 inquit,
1589 388 1697 460 arrectis
1709 406 1825 462 percoo-

114 474 172 529 mis
187 472 217 527 in
232 478 359 544 utroque
374 471 493 527 homine
514 471 666 529 laureatus
696 473 856 540 beneficiis,
877 489 950 544 pene
1006 473 1078 530 tibus
1093 490 1148 529 rica
1162 477 1292 546 pepercit.
1309 477 1344 536 Et
1359 477 1387 530 in
1400 476 1613 548 epistolatudae
1624 496 1634 534 :
1651 480 1763 550 inpetus
1777 484 1826 552 qui

111 579 201 618 omne
216 567 337 635 tempas
350 561 527 633 praeteritum
544 562 757 634 consumpsisti
772 562 801 617 in
817 562 947 634 flagitiis.
1003 580 1061 618 aori
1074 569 1252 619 seruauerunt
1264 582 1345 620 surim
1359 567 1555 636 principatum,
1585 567 1630 623 eet
1649 568 1827 641 reliquerunt

111 650 221 708 Finitis
252 649 490 722 igiturllagitii5‚
516 651 607 706 finitis
632 651 721 724 igitur
739 651 947 720 solutionibus,
1003 655 1268 709 scarritiomicitieur
1288 656 1317 708 in
1337 655 1478 726 judiciam
1503 655 1559 710 diei
1586 659 1691 728 rriupni,
1716 661 1827 716 eternis

109 757 188 814 quaa
203 756 256 812 pro
267 741 356 795 rebus
372 740 563 811 quibusdam,
594 740 757 812 inquibus
786 741 948 797 dubitando
1003 743 1288 798 uincatisresereonit.
1306 742 1511 814 Notaquoquc
1533 747 1561 798 et
1590 743 1673 817 illud,
1699 747 1769 816 quia
1800 749 1826 804 si

110 830 280 898 laborabas,
296 829 403 902 protuli
420 847 426 895 ;
440 831 575 900 nunquid
591 830 718 895 adhaec
734 836 847 885 amator
863 831 947 885 dubi·
1004 829 1090 885 iidem
1107 831 1203 901 angeli
1224 832 1251 885 in
1269 832 1386 887 exordio
1402 830 1555 886 creationis
1571 848 1630 886 suas
1646 833 1686 888 ita
1710 834 1827 905 probati
1891 822 1894 840 ¹

111 918 234 979 tationis
250 917 352 985 totius,
370 916 482 990 aliquid
498 922 611 972 certum
627 924 656 973 et
671 919 827 974 delinitum
844 919 948 991 proha·
1004 934 1062 974 non
1079 925 1186 987 essent,
1202 920 1270 975 licet
1284 927 1390 975 natura
1405 919 1630 992 praeclarissima
1651 921 1825 996 potirentur,

110 996 515 1079 tioneullaaecepistithn
545 1008 663 1080 ignoras
687 1008 826 1081 quoniam
859 1008 945 1063 doru·
1003 1026 1092 1082 perse
1103 1014 1201 1065 tamen
1222 1009 1332 1081 aliquid
1350 1025 1434 1081 posse
1445 1008 1657 1077 existimantes,
1674 1014 1755 1067 tanto
1775 1028 1825 1068 ne·

112 1103 214 1154 menta
228 1102 319 1164 tanta
334 1109 510 1168 quacunque
536 1097 649 1152 rationo
678 1101 730 1172 aut
757 1096 948 1152 meditatione
1002 1098 1090 1169 quius
1104 1098 1483 1170 quandoquesuparhiendo
1495 1099 1826 1172 caderent,quantojam

114 1177 268 1260 concepta,
284 1202 471 1258 naquaquam
489 1185 612 1258 adeptus
627 1202 658 1242 es
671 1187 782 1242 trustra
796 1187 810 1241 ‘t
822 1187 947 1257 ideoque
1001 1185 1114 1242 diutius
1129 1204 1160 1242 se
1175 1186 1285 1242 viribus
1306 1185 1432 1259 propriis
1457 1187 1574 1243 stetisse
1590 1187 1741 1245 crederent
1760 1205 1767 1245 z
1797 1195 1827 1246 et

115 1275 149 1331 in
165 1276 333 1332 eorumdem
347 1275 591 1330 documentorum
612 1274 782 1347 cognitione
809 1274 945 1330 stabilem
1001 1273 1030 1330 in
1047 1274 1218 1346 hujusmodi
1234 1275 1372 1331 dilatione
1383 1293 1441 1330 non
1458 1280 1574 1330 tantum
1603 1276 1750 1348 angelica,
1775 1279 1827 1334 sed

115 1365 334 1437 mentiaretine
359 1363 566 1430 intentionem,
595 1368 624 1418 et
655 1381 705 1436 per
733 1363 788 1418 hoc
815 1380 946 1435 prepara
1000 1364 1240 1419 etiamhumanm
1255 1364 1657 1434 damnaevenireutnaturae,
1672 1367 1826 1438 quiscum

112 1455 249 1510 animum
267 1458 347 1507 tuum
364 1452 399 1507 ad
414 1450 692 1507 tentationemNam
709 1458 818 1524 quanto
835 1454 944 1523 majore
1000 1453 1143 1508 districtio
1159 1453 1380 1524 divinaangalis
1391 1453 1667 1525 superbientibusin
1682 1454 1828 1513 initiomi·

112 1542 319 1615 inspirationis
335 1541 439 1597 divine
453 1546 548 1614 gratia
561 1558 623 1613 jam
636 1541 826 1615 premonitus
837 1542 944 1597 instru·
1000 1542 1079 1613 nime
1094 1543 1252 1610 resisteret,
1270 1543 1400 1598 humana
1410 1544 1539 1613 prolecto
1552 1543 1689 1616 superbia
1700 1545 1827 1618 impuni-

112 1639 237 1704 ctusque
252 1648 294 1697 es,
310 1635 393 1686 tanto
411 1629 578 1686 ualidiorem
592 1630 761 1687 tentationis
777 1631 942 1686 molestiam
998 1631 1067 1688 tatis
1078 1633 1363 1704 tantecausamagis
1376 1632 1611 1704 armagislteum
1622 1638 1824 1704 contemnens,

111 1720 452 1794 patierislterumatquc
463 1721 571 1775 iterum
583 1719 685 1775 cadem
700 1725 831 1792 repetens
839 1721 942 1776 admo·
997 1721 1123 1793 graviori
1139 1722 1258 1777 demum
1282 1721 1426 1793 supplicio
1454 1722 1668 1792 prosternenda
1695 1724 1825 1780 caderet.

112 1827 178 1878 neo,
195 1827 231 1867 ne
247 1810 320 1866 torte
332 1808 470 1865 intereos
485 1808 633 1881 deputeris
649 1809 710 1881 qui,
738 1813 770 1865 ut
798 1811 941 1881 scriptum
996 1813 1089 1877 Quam
1103 1811 1140 1866 ob
1155 1827 1217 1866 rem
1228 1811 1299 1882 quid
1310 1809 1707 1882 autangelica,authnmana
1720 1818 1826 1870 natura

111 1906 165 1968 est,
183 1899 219 1955 ad
235 1905 354 1973 tempus
367 1899 500 1967 credunt,
517 1903 546 1953 et
561 1897 592 1952 in
610 1903 741 1970 tempore
772 1898 942 1955 tentationis
997 1915 1048 1972 per
1062 1917 1093 1955 se
1117 1900 1220 1974 possit,
1238 1917 1305 1954 mox
1334 1901 1363 1954 in
1398 1900 1553 1972 utriusqus
1581 1900 1665 1956 initio
1684 1918 1825 1975 apparere

114 1987 267 2043 recedunt.
996 1990 1134 2061 oportuit,
1151 1995 1183 2044 ut
1197 2006 1299 2044 eorum
1315 2006 1401 2044 casus
1422 2005 1478 2043 non
1493 1995 1553 2045 tarn
1571 1989 1627 2045 sibi
1653 1991 1827 2064 ceterisque
1904 2062 1908 2067 ³

148 2075 248 2132 Mirari
260 2075 427 2148 itaquenoli
444 2075 550 2147 siquid
567 2093 709 2148 passurus
726 2093 757 2133 es
781 2077 847 2133 novi
865 2093 871 2132 :
898 2093 942 2132 ve·
995 2079 1145 2134 videretur
1159 2078 1368 2134 detrimentum
1380 2095 1469 2150 quam
1490 2079 1628 2134 doctrine
1657 2079 1826 2152 exemplum

113 2172 282 2221 rnmtamen
291 2164 942 2238 praescioquantaiufirmitateetambiguitate
996 2173 1068 2223 eteo
1080 2169 1184 2223 lortius
1194 2168 1382 2239 postmodum
1398 2172 1511 2222 starent
1536 2167 1667 2239 mihique
1691 2170 1825 2227 tenacius

113 2255 192 2312 inter
208 2271 299 2311 novas
309 2254 479 2311 tentationis
490 2253 639 2311 molestias
655 2255 834 2323 dissolvaris,
864 2255 941 2311 arhi-
996 2256 1173 2312 inhaererent
1189 2272 1245 2326 quo
1258 2254 1363 2326 majori
1376 2255 1574 2325 experimento
1587 2260 1736 2326 persemet
1751 2256 1825 2313 nihil

111 2350 213 2401 tratus
228 2344 336 2400 scilicet
349 2361 397 2400 me
412 2344 511 2416 ipsum
529 2345 620 2400 Deum
636 2346 868 2417 omnipotentem
884 2361 941 2401 non
996 2343 1476 2417 possedidtcissent.Ceterumhi
1496 2343 1602 2416 angeli,
1631 2344 1681 2417 qui
1712 2345 1826 2403 arbitrii

113 2452 194 2503 esse,
211 2439 239 2490 et
251 2433 311 2489 bec
328 2435 426 2490 omnia
437 2451 500 2504 quaa
516 2434 552 2489 de
564 2449 610 2489 me
624 2434 780 2506 percepisti
807 2435 884 2507 apud
915 2439 942 2489 te
995 2433 1130 2489 libertate
1145 2434 1213 2488 datu
1225 2432 1350 2506 probati,
1364 2432 1537 2489 accusortio
1551 2432 1823 2503 subjectionismea

113 2524 201 2596 quasi
215 2522 328 2579 somnia
341 2523 444 2578 videri.
457 2522 568 2578 Recede
588 2539 667 2595 ergo,
693 2524 794 2593 miser,
822 2525 857 2579 ab
888 2522 942 2579 hac
997 2528 1101 2597 sponte
1124 2522 1332 2590 discesserunt,
1361 2522 1424 2577 ideo
1453 2521 1541 2577 veniae
1567 2523 1731 2578 remedium
1764 2541 1824 2583 non

112 2612 265 2670 dementia
277 2611 681 2685 ;quia,sicntsapisaimetibi
696 2612 873 2684 patefactum
886 2617 941 2684 eat,
997 2617 1179 2679 meruerunt,
1195 2612 1334 2683 quoniam
1351 2611 1532 2667 extrinsecus
1546 2611 1627 2666 nulla
1650 2629 1748 2668 rerum
1773 2630 1823 2669 ne-

112 2701 268 2761 delusione
283 2700 514 2757 circumvallaris
529 2701 821 2771 diabolicahttende,
852 2719 942 2758 oca·
997 2701 1143 2769 cessitate,
1164 2700 1245 2755 nulla
1270 2700 1446 2756 intrinsecus
1473 2706 1583 2755 nature
1615 2718 1674 2756 sure
1702 2703 1736 2757 ad
1768 2702 1824 2759 hoo

114 2792 201 2866 ptive,
219 2797 297 2847 netu
313 2791 355 2846 sis
371 2789 419 2846 ille
433 2791 468 2846 de
485 2806 543 2863 quo
558 2790 630 2846 dicit
645 2791 892 2847 Psalmistmlttcit
903 2793 944 2846 irr-
998 2791 1175 2846 coactisunt
1200 2789 1412 2855 imbecillitate,
1443 2791 1492 2845 sed
1522 2790 1590 2844 vitio
1619 2792 1824 2848 tantummodo

112 2883 218 2954 ripiem
234 2883 264 2935 in
277 2880 439 2936 cordetuo:
454 2880 655 2936 Nouestltros.
668 2880 809 2936 Diabolus
835 2882 943 2953 quippe
998 2879 1141 2951 superbie
1155 2896 1189 2935 ex
1205 2879 1270 2951 ipsa
1293 2878 1436 2934 libertatis
1461 2878 1660 2951 claritatisque
1690 2897 1748 2935 sure
1776 2897 1824 2937 ex·

114 2969 943 3050 satiaugnoscensuniversoaconlugientesadmevaniam
998 2968 1249 3036 cellentiaintlati,
1272 2970 1408 3041 potentiae
1437 2985 1508 3022 mea
1536 2970 1754 3040 presumebant
1782 2988 1826 3026 ra·

116 3061 278 3135 promereri
294 3076 390 3132 posse,
404 3058 569 3132 omnigenis
594 3059 797 3115 delusionibus
814 3051 944 3116 ¹retrahit
999 3059 1113 3114 sistere.
1130 3058 1222 3113 Homo
1237 3059 1455 3130 autemprimus
1470 3056 1538 3113 licet
1552 3057 1696 3131 sapientia
1723 3058 1825 3116 multi·

116 3167 165 3207 eos
179 3150 218 3206 ab
231 3149 327 3223 ipsius
341 3150 424 3205 adita
439 3147 597 3218 veniae,hoc
612 3154 657 3205 est
672 3150 765 3216 ahda,
781 3149 944 3206 immittens
959 3137 981 3205 G
1000 3147 1067 3221 plici
1080 3152 1108 3204 et
1122 3149 1289 3203 conditione
1304 3148 1449 3219 spirituali
1465 3148 1506 3202 ita
1521 3152 1598 3203 esset
1613 3149 1772 3205 adornatas
1793 3155 1826 3206 ut

118 3238 255 3296 videlicet
270 3239 372 3295 fraude
390 3238 476 3294 solita
491 3237 662 3310 hujusmodi
683 3239 883 3311 cogitationes,
913 3244 946 3295 ut

118 3325 947 3400 autiudignummihivideatursoeleratosquosquejusti·

118 3417 231 3484 licare;
248 3432 299 3472 seu
316 3416 515 3472 austeritatem
527 3421 639 3472 tantam
656 3417 729 3472 mihi
742 3417 839 3473 inesse
856 3434 946 3489 quam

117 3504 226 3563 nullus
240 3504 329 3560 homo
344 3509 484 3577 peccator,
497 3504 613 3561 etiamsi
628 3506 945 3578 propoenitentiasem-

118 3608 170 3668 per
184 3594 358 3665 castigetur,
373 3592 467 3648 valeat
477 3593 639 3660 minorare;
656 3594 716 3649 siva
729 3598 762 3649 ut
790 3594 825 3649 de
850 3596 945 3666 justo-

118 3699 186 3739 rum
204 3679 396 3738 retributione
411 3686 587 3754 perpetuast
601 3682 636 3738 de
650 3682 809 3755 impiorum
826 3683 947 3755 perenni

119 3773 257 3829 dubitent
271 3787 357 3844 poena
372 3776 423 3826 aut
437 3771 525 3826 etiam
535 3772 649 3843 judicia
665 3771 871 3845 blasphemare
894 3789 946 3829 au-

118 3862 209 3918 deant
220 3877 286 3916 mea
302 3875 363 3928 ;seu
381 3865 413 3915 ut
426 3860 581 3932 Scriptura
597 3877 685 3917 sacrae
699 3862 776 3918 diota
787 3862 948 3918 intentione

118 3952 294 4007 subvertant
308 3949 431 4005 sinistra
448 3967 454 4004 :
472 3951 507 4005 ad
524 3954 677 4006 extrenum
687 3966 754 4006 vero
771 3955 812 4022 ut,
830 3953 949 4007 sicutut

120 4054 239 4112 quoque
256 4038 340 4094 modo
352 4036 473 4094 delusus
489 4038 622 4111 privaris,
639 4041 675 4096 da
697 4040 861 4097 certissima
876 4041 948 4096 suh-

119 4128 237 4184 atantiae
255 4143 326 4182 mea
341 4127 493 4200 priventur
506 4127 664 4200 agnitione.

154 4216 215 4274 Sed
231 4216 302 4288 quia
316 4216 516 4288 insipientiam
527 4217 617 4272 animi
632 4217 675 4273 tui
687 4218 745 4274 huc
773 4237 867 4291 usque
892 4237 948 4292 pree

118 4303 949 4365 mortalibusmultissustinuiadmonendoetinstruendo

1000 3237 1145 3292 diceretur
1161 3237 1197 3292 ad
1213 3236 1371 3309 imaginem
1381 3242 1409 3291 et
1421 3236 1645 3292 similitudinem
1655 3236 1704 3292 Dei
1717 3239 1822 3307 tactum

1000 3325 1070 3398 quia
1084 3330 1184 3380 tamen
1199 3327 1381 3397 corupositus
1396 3331 1457 3380 erat
1470 3342 1503 3379 ex
1514 3342 1599 3380 carne
1610 3324 1698 3392 lutea,
1714 3332 1743 3380 et
1761 3327 1823 3382 dia·

1001 3415 1060 3470 boli
1072 3419 1237 3488 preventus
1251 3414 1419 3469 seductione
1435 3419 1522 3484 atquc
1537 3413 1656 3480 astutia,
1686 3413 1822 3487 precepti

1001 3503 1059 3559 mei
1075 3503 1305 3574 transgressione
1320 3502 1433 3557 veniam
1450 3501 1568 3571 meruit,
1594 3518 1629 3556 ca
1651 3506 1749 3557 tamen
1779 3520 1824 3559 ra·

1001 3593 1079 3648 tione
1095 3597 1126 3647 ut
1138 3595 1248 3663 ejectus
1263 3591 1298 3646 de
1314 3591 1449 3662 paradiso
1471 3589 1629 3662 voluptatis
1657 3598 1826 3662 operaretur

1001 3686 1120 3747 terram,
1132 3682 1167 3736 de
1182 3698 1241 3753 qua
1251 3685 1388 3752 sumptus
1402 3678 1527 3749 esset,in
1540 3679 1645 3734 sudore
1661 3686 1827 3736 vesceretur

1002 3787 1086 3842 pane.
1103 3771 1184 3834 Quod
1202 3771 1312 3825 scilicet
1334 3775 1362 3824 et
1388 3771 1474 3840 Juxta
1502 3768 1630 3824 litteram
1661 3770 1696 3825 de
1725 3787 1827 3843 corpo·
1874 3838 1879 3846 ⁸

1002 3860 1106 3930 rali‚ut
1121 3876 1154 3915 ea
1165 3876 1228 3931 quae
1244 3860 1273 3913 in
1286 3858 1340 3914 hoc
1356 3857 1457 3913 exsilio
1473 3859 1588 3929 corpori
1602 3862 1702 3914 essent
1726 3875 1829 3914 neces·

1003 3951 1159 4005 sariacura
1172 3947 1316 4004 excoleret
1331 3948 1419 4015 varia,
1450 3953 1479 4003 et
1508 3949 1543 4003 de
1568 3947 1715 4019 spirituali
1742 3966 1829 4021 pane,

1003 4040 1032 4095 id
1048 4038 1321 4109 estChristo,potest
1336 4037 1460 4110 intelligi
1473 4055 1479 4104 ;
1496 4043 1528 4092 ut
1543 4039 1589 4092 oui
1600 4037 1828 4109 priuslacillimo

1002 4128 1084 4184 liberi
1098 4127 1210 4183 arbitrii
1225 4127 1290 4183 nisu
1302 4127 1485 4195 inharere,et
1497 4127 1526 4180 in
1539 4128 1708 4198 quaomnia
1722 4128 1829 4184 habere
1892 4122 1906 4143 ⁸

1003 4222 1112 4291 posset,
1129 4218 1165 4272 ad
1180 4235 1248 4273 cum
1263 4217 1449 4290 postmodum
1460 4215 1561 4288 lapsus
1577 4232 1643 4273 cum
1653 4217 1759 4274 sudore
1771 4233 1831 4273 ma·

1004 4308 1081 4362 ximo
1099 4306 1274 4379 penitentie
1284 4307 1391 4361 rediret
1405 4310 1494 4378 atque
1505 4305 1638 4376 ejusdem
1653 4305 1767 4361 arbitrii
1783 4306 1831 4362 in-

116 4396 276 4454 curetiam
287 4394 355 4450 talia
364 4396 531 4466 permittam
542 4397 710 4468 contingere
725 4397 912 4470 aliquatenus
922 4403 950 4454 te
1003 4395 1141 4469 geniique
1156 4397 1243 4461 vires,
1260 4413 1335 4467 quas
1347 4401 1412 4451 ante
1428 4394 1693 4467 transgressionem
1719 4394 1831 4467 absque

116 4486 183 4543 solo
202 4486 359 4542 instruere.
376 4484 515 4557 Nunquid
530 4485 647 4558 ignoras
662 4486 780 4559 angelos
795 4487 952 4544 starchan·
967 4510 990 4574 Ι)
1006 4502 1110 4542 sensus
1132 4489 1247 4558 torpore
1263 4487 1299 4539 ad
1315 4489 1421 4539 cuncta
1436 4483 1575 4539 honitatis
1587 4485 1657 4555 jura
1673 4484 1834 4539 retinuerat

117 4576 204 4651 gelos
221 4590 383 4647 omnesque
399 4572 554 4642 coelicolas,
581 4575 632 4646 qui
659 4576 744 4648 longe
770 4575 952 4633 sublimioris
1007 4581 1108 4649 postca
1124 4574 1220 4630 carnis
1241 4574 1396 4647 fragilitate
1417 4574 1611 4645 prepediente
1638 4589 1705 4628 cum
1735 4572 1835 4627 labore

117 4670 233 4723 ustura
247 4668 385 4718 constant
400 4661 574 4731 humana,in
590 4680 623 4719 eo
638 4664 795 4720 voluntatis
820 4683 881 4721 suae
910 4683 955 4722 ar·
1011 4665 1089 4738 gravi
1104 4664 1256 4720 obtineret,
1274 4668 1346 4720 Cum
1363 4680 1429 4734 ergo
1441 4662 1495 4717 hae
1507 4661 1727 4716 ratiocinatione
1745 4676 1835 4734 agne·

118 4753 211 4812 bitrio
228 4752 357 4817 relictos,
372 4757 402 4806 ut
417 4751 477 4807 siva
493 4768 618 4820 mecum,
642 4753 701 4809 sive
727 4770 794 4808 oum
824 4754 956 4828 principe
1011 4771 1076 4810 scas
1092 4770 1149 4808 non
1163 4752 1259 4808 solum
1275 4754 1411 4808 eumdem
1426 4752 1555 4822 primum
1571 4750 1721 4806 hominem
1738 4750 1838 4823 s'ingu·

119 4832 244 4900 diabolo
264 4839 382 4907 vellent,
398 4847 603 4912 permanerent
617 4842 685 4898 esic
700 4847 957 4916 quoquaoportuit
1011 4843 1064 4898 luri
1081 4842 1255 4898 conditionis
1271 4843 1407 4896 hantone
1424 4841 1551 4908 primatu
1561 4841 1762 4915 sapientiaque
1773 4841 1837 4897 lau·

118 4949 170 4991 eos
183 4931 321 5006 probari,
337 4937 370 4985 ut
385 4935 414 4984 et
429 4930 499 5002 quid
512 4930 541 4985 in
556 4948 603 4987 1ne
617 4936 647 4987 et
661 4933 731 5003 qnid
750 4933 778 4987 in
804 4950 835 4989 se
859 4938 958 4990 essent
1012 4938 1136 4999 reatum,
1153 4933 1203 4987 sed
1219 4932 1306 4988 etiam
1323 4947 1425 4986 omnes
1440 4930 1595 5000 caelicolas,
1613 4948 1737 5004 quorum
1748 4929 1839 4987 excel·

120 5025 229 5096 posset
245 5018 558 5076 denudari.Undecum
573 5021 693 5092 quidam
710 5022 823 5094 probati
839 5024 958 5079 sineme
1011 5021 1246 5077 lentioecreatura
1257 5020 1337 5076 nulla
1348 5021 1657 5093 comparatur,ahsque
1667 5019 1836 5093 probatione

121 5110 201 5168 nihil
215 5108 345 5176 esse,alii
357 5125 422 5164 vero
437 5109 467 5164 in
483 5126 512 5166 se
527 5109 710 5182 aliquidosse
726 5116 754 5165 et
783 5128 868 5184 posse
894 5129 958 5168 ore·
1014 5128 1142 5184 congrua
1157 5128 1215 5166 non
1231 5128 1316 5181 posse
1332 5110 1404 5165 mihi
1421 5112 1542 5166 tirmiter
1559 5109 1697 5166 inherere
1709 5126 1760 5166 nec
1780 5125 1838 5165 non

119 5200 233 5258 darent
250 5198 294 5253 :hi
309 5197 358 5270 qui
375 5197 402 5253 in
415 5215 461 5254 me
474 5216 561 5254 suum
573 5202 958 5258 tantummodoessedecer-
1015 5203 1060 5257 sui
1077 5201 1192 5271 meique
1207 5200 1400 5275 dill'erentiam
1417 5200 1563 5272 pervidere
1581 5219 1586 5256 :
1602 5217 1688 5274 quem
1703 5200 1841 5271 deinceps

119 5290 250 5354 nebant,
268 5286 409 5342 electione
423 5293 454 5343 et
470 5288 607 5345 felicitate
619 5296 758 5363 perpetua
785 5291 961 5347 videbantur
1014 5291 1168 5346 hominum
1184 5295 1354 5346 caeterorum
1366 5308 1383 5345 a
1394 5292 1480 5363 primi
1492 5291 1620 5346 hominis
1631 5289 1787 5363 prudentia
1799 5288 1841 5344 in·

118 5378 222 5455 digni3
234 5376 279 5433 illi
290 5382 388 5432 autem
404 5376 454 5448 qui
466 5394 497 5432 se
508 5379 619 5434 viribus
630 5381 755 5453 propriis
769 5383 960 5437 commenda·
1016 5380 1367 5452 sitaaliquiddistantium
1376 5380 1843 5454 arbitrarisassatam-perfectum,

117 5468 213 5541 bant,
229 5468 264 5521 ιιι
278 5466 429 5538 patefieret
444 5465 513 5538 quid
535 5467 599 5523 sine
623 5485 670 5524 me
695 5476 823 5543 possent,
840 5471 958 5528 irreme-
1017 5476 1049 5527 ut
1063 5470 1293 5527 sinetentationa
1306 5487 1377 5527 meae
1391 5471 1613 5543 magnificentia
1627 5487 1746 5542 sueque
1756 5468 1845 5543 tragl-

120 5554 234 5627 diahili
247 5555 361 5633 judicio
376 5559 448 5614 sunt
458 5557 565 5633 puniti,
586 5557 703 5618 aientia
728 5560 857 5637 llpistola
885 5561 962 5621 beati
1016 5560 1109 5620 litatis
1121 5565 1234 5622 eertum
1250 5577 1352 5637 capere
1366 5561 1461 5639 possit
1480 5561 1714 5635 experimentum
1729 5561 1736 5618 t

299 5680 561 5767 repromittit.
1668 5692 1694 5777 g
