<?xml version="1.0" encoding="UTF-8"?>
<!DOCTYPE html PUBLIC "-//W3C//DTD XHTML 1.0 Transitional//EN"
    "http://www.w3.org/TR/xhtml1/DTD/xhtml1-transitional.dtd">
<html xmlns="http://www.w3.org/1999/xhtml" xml:lang="en" lang="en">
 <head>
  <title>
</title>
<meta http-equiv="Content-Type" content="text/html;charset=utf-8" />
  <meta name='ocr-system' content='tesseract 3.04.00' />
  <meta name='ocr-capabilities' content='ocr_page ocr_carea ocr_par ocr_line ocrx_word'/>
</head>
<body>
  <div class='ocr_page' id='page_1' title='image "./patrologiaecurs01unkngoog/patrologiaecurs01unkngoog_0024.png"; bbox 0 0 3892 6096; ppageno 0'>
   <div class='ocr_carea' id='block_1_1' title="bbox 53 287 1762 377">
    <p class='ocr_par' dir='ltr' id='par_1_1' title="bbox 53 287 1762 377">
     <span class='ocr_line' id='line_1_1' title="bbox 53 287 1762 377; baseline 0.012 -21"><span class='ocrx_word' id='word_1_1' title='bbox 53 302 94 366; x_wconf 71' lang='grc'><strong>31</strong></span> <span class='ocrx_word' id='word_1_2' title='bbox 366 292 440 361; x_wconf 76' lang='lat' dir='ltr'><strong>blB.</strong></span> <span class='ocrx_word' id='word_1_3' title='bbox 463 297 515 361; x_wconf 78' lang='lat' dir='ltr'><strong>bu</strong></span> <span class='ocrx_word' id='word_1_4' title='bbox 535 287 853 367; x_wconf 65' lang='lat' dir='ltr'><strong>incrudelitatis</strong></span> <span class='ocrx_word' id='word_1_5' title='bbox 876 304 963 369; x_wconf 81' lang='lat' dir='ltr'><strong>suls</strong></span> <span class='ocrx_word' id='word_1_6' title='bbox 984 302 1035 369; x_wconf 72' lang='lat' dir='ltr'><strong>fta</strong></span> <span class='ocrx_word' id='word_1_7' title='bbox 1057 302 1245 372; x_wconf 77' lang='lat' dir='ltr'><strong>susrrnfs.</strong></span> <span class='ocrx_word' id='word_1_8' title='bbox 1261 339 1300 356; x_wconf 91' lang='lat'><em>-</em></span> <span class='ocrx_word' id='word_1_9' title='bbox 1314 306 1414 372; x_wconf 78' lang='lat' dir='ltr'><strong>PARS</strong></span> <span class='ocrx_word' id='word_1_10' title='bbox 1435 304 1459 372; x_wconf 89' lang='lat' dir='ltr'><strong>l.</strong></span> <span class='ocrx_word' id='word_1_11' title='bbox 1722 310 1762 377; x_wconf 78' lang='lat'><strong>38</strong></span> 
     </span>
    </p>
   </div>
   <div class='ocr_carea' id='block_1_2' title="bbox 56 432 1761 513">
    <p class='ocr_par' dir='ltr' id='par_1_2' title="bbox 56 432 1761 513">
     <span class='ocr_line' id='line_1_2' title="bbox 56 432 1761 513; baseline 0.006 -22"><span class='ocrx_word' id='word_1_12' title='bbox 56 432 225 506; x_wconf 71' lang='lat' dir='ltr'><strong>terminans</strong></span> <span class='ocrx_word' id='word_1_13' title='bbox 237 434 413 505; x_wconf 74' lang='lat' dir='ltr'><strong>ccoimttores</strong></span> <span class='ocrx_word' id='word_1_14' title='bbox 427 447 498 499; x_wconf 80' lang='lat' dir='ltr'><strong>ruas,</strong></span> <span class='ocrx_word' id='word_1_15' title='bbox 514 433 541 489; x_wconf 82' lang='lat' dir='ltr'><strong>et</strong></span> <span class='ocrx_word' id='word_1_16' title='bbox 554 440 708 489; x_wconf 84' lang='lat' dir='ltr'><strong>reuertatur</strong></span> <span class='ocrx_word' id='word_1_17' title='bbox 735 435 771 491; x_wconf 84' lang='lat' dir='ltr'><strong>cd</strong></span> <span class='ocrx_word' id='word_1_18' title='bbox 791 436 883 492; x_wconf 83' lang='lat' dir='ltr'><strong>Domi·</strong></span> <span class='ocrx_word' id='word_1_19' title='bbox 897 441 926 508; x_wconf 69' lang='grc' dir='ltr'><strong>Α</strong></span> <span class='ocrx_word' id='word_1_20' title='bbox 976 440 1113 513; x_wconf 81' lang='lat' dir='ltr'><strong>Nunqurd</strong></span> <span class='ocrx_word' id='word_1_21' title='bbox 1130 456 1182 513; x_wconf 93' lang='lat' dir='ltr'><strong>pro</strong></span> <span class='ocrx_word' id='word_1_22' title='bbox 1198 456 1420 512; x_wconf 85' lang='lat' dir='ltr'><strong>munereparvo,</strong></span> <span class='ocrx_word' id='word_1_23' title='bbox 1432 442 1651 500; x_wconf 88' lang='lat' dir='ltr'><strong>autsinecausa</strong></span> <span class='ocrx_word' id='word_1_24' title='bbox 1661 443 1761 504; x_wconf 87' lang='lat' dir='ltr'><strong>datam</strong></span> 
     </span>
    </p>
   </div>
   <div class='ocr_carea' id='block_1_3' title="bbox 56 521 890 1752">
    <p class='ocr_par' dir='ltr' id='par_1_3' title="bbox 56 521 890 1752">
     <span class='ocr_line' id='line_1_3' title="bbox 56 521 884 595; baseline 0.001 -17"><span class='ocrx_word' id='word_1_25' title='bbox 56 538 138 593; x_wconf 74' lang='lat' dir='ltr'><strong>nam,</strong></span> <span class='ocrx_word' id='word_1_26' title='bbox 155 525 182 578; x_wconf 82' lang='lat' dir='ltr'><strong>et</strong></span> <span class='ocrx_word' id='word_1_27' title='bbox 193 522 374 578; x_wconf 79' lang='lat' dir='ltr'><strong>miserebitur</strong></span> <span class='ocrx_word' id='word_1_28' title='bbox 384 522 462 590; x_wconf 76' lang='lat' dir='ltr'><strong>eius:</strong></span> <span class='ocrx_word' id='word_1_29' title='bbox 476 521 551 577; x_wconf 86' lang='lat' dir='ltr'><strong>etad</strong></span> <span class='ocrx_word' id='word_1_30' title='bbox 564 523 649 578; x_wconf 83' lang='lat' dir='ltr'><strong>Deam</strong></span> <span class='ocrx_word' id='word_1_31' title='bbox 666 525 800 592; x_wconf 81' lang='lat' dir='ltr'><strong>rwatrum,</strong></span> <span class='ocrx_word' id='word_1_32' title='bbox 817 540 884 595; x_wconf 81' lang='lat' dir='ltr'><strong>qno-</strong></span> 
     </span>
     <span class='ocr_line' id='line_1_4' title="bbox 56 610 885 686; baseline 0.002 -18"><span class='ocrx_word' id='word_1_33' title='bbox 56 612 139 668; x_wconf 72' lang='lat' dir='ltr'><strong>niam</strong></span> <span class='ocrx_word' id='word_1_34' title='bbox 153 611 261 666; x_wconf 72' lang='lat' dir='ltr'><strong>matters</strong></span> <span class='ocrx_word' id='word_1_35' title='bbox 274 614 315 667; x_wconf 85' lang='lat' dir='ltr'><strong>est</strong></span> <span class='ocrx_word' id='word_1_36' title='bbox 328 610 366 667; x_wconf 80' lang='lat' dir='ltr'><strong>cd</strong></span> <span class='ocrx_word' id='word_1_37' title='bbox 380 610 583 682; x_wconf 72' lang='lat' dir='ltr'><strong>ignoscendum.</strong></span> <span class='ocrx_word' id='word_1_38' title='bbox 601 611 633 668; x_wconf 91' lang='lat' dir='ltr'><strong>ln</strong></span> <span class='ocrx_word' id='word_1_39' title='bbox 648 612 795 669; x_wconf 78' lang='lat' dir='ltr'><strong>Ezechiele</strong></span> <span class='ocrx_word' id='word_1_40' title='bbox 809 630 885 686; x_wconf 87' lang='lat' dir='ltr'><strong>quo-</strong></span> 
     </span>
     <span class='ocr_line' id='line_1_5' title="bbox 56 698 884 775; baseline 0.001 -18"><span class='ocrx_word' id='word_1_41' title='bbox 56 716 118 775; x_wconf 81' lang='lat' dir='ltr'><strong>que</strong></span> <span class='ocrx_word' id='word_1_42' title='bbox 131 698 378 756; x_wconf 87' lang='lat' dir='ltr'><strong>inveniessimilia</strong></span> <span class='ocrx_word' id='word_1_43' title='bbox 393 699 482 757; x_wconf 89' lang='lat' dir='ltr'><strong>verba</strong></span> <span class='ocrx_word' id='word_1_44' title='bbox 497 717 504 755; x_wconf 90' lang='lat'>:</span> <span class='ocrx_word' id='word_1_45' title='bbox 523 700 625 756; x_wconf 82' lang='lat' dir='ltr'><strong>scribit</strong></span> <span class='ocrx_word' id='word_1_46' title='bbox 639 700 716 757; x_wconf 89' lang='lat' dir='ltr'><strong>enim</strong></span> <span class='ocrx_word' id='word_1_47' title='bbox 729 720 736 758; x_wconf 90' lang='lat'>:</span> <span class='ocrx_word' id='word_1_48' title='bbox 751 703 813 759; x_wconf 85' lang='lat' dir='ltr'><strong>Viuo</strong></span> <span class='ocrx_word' id='word_1_49' title='bbox 827 719 884 775; x_wconf 77' lang='lat' dir='ltr'><strong>epo,</strong></span> 
     </span>
     <span class='ocr_line' id='line_1_6' title="bbox 57 788 887 862; baseline 0.002 -16"><span class='ocrx_word' id='word_1_50' title='bbox 57 788 128 846; x_wconf 77' lang='lat' dir='ltr'><strong>dicat</strong></span> <span class='ocrx_word' id='word_1_51' title='bbox 139 789 275 846; x_wconf 71' lang='lat' dir='ltr'><strong>domim</strong></span> <span class='ocrx_word' id='word_1_52' title='bbox 288 789 369 856; x_wconf 70' lang='lat' dir='ltr'><strong>flare,</strong></span> <span class='ocrx_word' id='word_1_53' title='bbox 383 791 446 844; x_wconf 84' lang='lat' dir='ltr'><strong>noto</strong></span> <span class='ocrx_word' id='word_1_54' title='bbox 460 795 579 845; x_wconf 86' lang='lat' dir='ltr'><strong>mortem</strong></span> <span class='ocrx_word' id='word_1_55' title='bbox 593 791 683 862; x_wconf 75' lang='lat' dir='ltr'><strong>impii,</strong></span> <span class='ocrx_word' id='word_1_56' title='bbox 709 790 756 846; x_wconf 83' lang='lat' dir='ltr'><strong>sed</strong></span> <span class='ocrx_word' id='word_1_57' title='bbox 772 800 801 847; x_wconf 84' lang='lat' dir='ltr'><strong>ct</strong></span> <span class='ocrx_word' id='word_1_58' title='bbox 824 809 887 848; x_wconf 82' lang='lat' dir='ltr'><strong>corr·</strong></span> 
     </span>
     <span class='ocr_line' id='line_1_7' title="bbox 57 875 884 950; baseline 0.001 -15"><span class='ocrx_word' id='word_1_59' title='bbox 57 882 184 935; x_wconf 70' lang='lat' dir='ltr'><strong>unctor</strong></span> <span class='ocrx_word' id='word_1_60' title='bbox 197 881 223 935; x_wconf 84' lang='lat' dir='ltr'><strong>et</strong></span> <span class='ocrx_word' id='word_1_61' title='bbox 236 880 322 934; x_wconf 83' lang='lat' dir='ltr'><strong>vivut.</strong></span> <span class='ocrx_word' id='word_1_62' title='bbox 339 877 373 932; x_wconf 77' lang='lat' dir='ltr'><strong>lit</strong></span> <span class='ocrx_word' id='word_1_63' title='bbox 387 875 474 949; x_wconf 88' lang='lat' dir='ltr'><strong>paulo</strong></span> <span class='ocrx_word' id='word_1_64' title='bbox 490 882 556 950; x_wconf 89' lang='lat' dir='ltr'><strong>post</strong></span> <span class='ocrx_word' id='word_1_65' title='bbox 571 878 680 950; x_wconf 76' lang='lat' dir='ltr'><strong>profert</strong></span> <span class='ocrx_word' id='word_1_66' title='bbox 698 880 884 948; x_wconf 83' lang='lat' dir='ltr'><strong>sententiam,</strong></span> 
     </span>
     <span class='ocr_line' id='line_1_8' title="bbox 59 966 888 1041; baseline -0.001 -16"><span class='ocrx_word' id='word_1_67' title='bbox 59 983 127 1041; x_wconf 76' lang='lat' dir='ltr'><strong>quan</strong></span> <span class='ocrx_word' id='word_1_68' title='bbox 141 967 319 1038; x_wconf 78' lang='lat' dir='ltr'><strong>licetlustis‚</strong></span> <span class='ocrx_word' id='word_1_69' title='bbox 334 983 370 1022; x_wconf 92' lang='lat' dir='ltr'><strong>ne</strong></span> <span class='ocrx_word' id='word_1_70' title='bbox 382 966 418 1023; x_wconf 91' lang='lat' dir='ltr'><strong>de</strong></span> <span class='ocrx_word' id='word_1_71' title='bbox 432 982 464 1022; x_wconf 89' lang='lat' dir='ltr'><strong>se</strong></span> <span class='ocrx_word' id='word_1_72' title='bbox 478 966 589 1039; x_wconf 87' lang='lat' dir='ltr'><strong>aliquid</strong></span> <span class='ocrx_word' id='word_1_73' title='bbox 605 974 794 1039; x_wconf 77' lang='lat' dir='ltr'><strong>presumant,</strong></span> <span class='ocrx_word' id='word_1_74' title='bbox 804 985 888 1041; x_wconf 80' lang='lat' dir='ltr'><strong>pavo</strong></span> 
     </span>
     <span class='ocr_line' id='line_1_9' title="bbox 59 1055 887 1130; baseline -0.005 -13"><span class='ocrx_word' id='word_1_75' title='bbox 59 1072 125 1117; x_wconf 82' lang='lat' dir='ltr'><strong>rem</strong></span> <span class='ocrx_word' id='word_1_76' title='bbox 132 1057 257 1130; x_wconf 83' lang='lat' dir='ltr'><strong>ingerat,</strong></span> <span class='ocrx_word' id='word_1_77' title='bbox 271 1055 508 1128; x_wconf 87' lang='lat' dir='ltr'><strong>injustastamen</strong></span> <span class='ocrx_word' id='word_1_78' title='bbox 517 1055 613 1112; x_wconf 90' lang='lat' dir='ltr'><strong>verbis</strong></span> <span class='ocrx_word' id='word_1_79' title='bbox 626 1072 742 1112; x_wconf 89' lang='lat' dir='ltr'><strong>omnem</strong></span> <span class='ocrx_word' id='word_1_80' title='bbox 752 1057 887 1113; x_wconf 80' lang='lat' dir='ltr'><strong>humans</strong></span> 
     </span>
     <span class='ocr_line' id='line_1_10' title="bbox 60 1143 887 1204; baseline 0 -1"><span class='ocrx_word' id='word_1_81' title='bbox 60 1146 224 1204; x_wconf 82' lang='lat' dir='ltr'><strong>clementie</strong></span> <span class='ocrx_word' id='word_1_82' title='bbox 245 1162 333 1202; x_wconf 88' lang='lat' dir='ltr'><strong>nsum</strong></span> <span class='ocrx_word' id='word_1_83' title='bbox 349 1143 557 1201; x_wconf 77' lang='lat' dir='ltr'><strong>excedentibus</strong></span> <span class='ocrx_word' id='word_1_84' title='bbox 578 1144 746 1202; x_wconf 87' lang='lat' dir='ltr'><strong>consolatur</strong></span> <span class='ocrx_word' id='word_1_85' title='bbox 769 1148 887 1203; x_wconf 81' lang='lat' dir='ltr'><strong>dicens:</strong></span> 
     </span>
     <span class='ocr_line' id='line_1_11' title="bbox 62 1234 888 1308; baseline -0.004 -15"><span class='ocrx_word' id='word_1_86' title='bbox 62 1237 180 1293; x_wconf 66' lang='lat' dir='ltr'><strong>limmat</strong></span> <span class='ocrx_word' id='word_1_87' title='bbox 190 1236 266 1307; x_wconf 78' lang='lat' dir='ltr'><strong>justo</strong></span> <span class='ocrx_word' id='word_1_88' title='bbox 279 1234 397 1290; x_wconf 75' lang='lat' dir='ltr'><strong>disere:</strong></span> <span class='ocrx_word' id='word_1_89' title='bbox 419 1234 477 1289; x_wconf 82' lang='lat' dir='ltr'><strong>Vita</strong></span> <span class='ocrx_word' id='word_1_90' title='bbox 491 1235 577 1301; x_wconf 83' lang='lat' dir='ltr'><strong>uiuat,</strong></span> <span class='ocrx_word' id='word_1_91' title='bbox 593 1238 620 1290; x_wconf 86' lang='lat' dir='ltr'><strong>et</strong></span> <span class='ocrx_word' id='word_1_92' title='bbox 634 1234 752 1304; x_wconf 76' lang='lat' dir='ltr'><strong>confisae</strong></span> <span class='ocrx_word' id='word_1_93' title='bbox 766 1238 796 1290; x_wconf 83' lang='lat' dir='ltr'><strong>ta</strong></span> <span class='ocrx_word' id='word_1_94' title='bbox 803 1236 888 1308; x_wconf 80' lang='lat' dir='ltr'><strong>justi·</strong></span> 
     </span>
     <span class='ocr_line' id='line_1_12' title="bbox 65 1324 889 1397; baseline -0.002 -16"><span class='ocrx_word' id='word_1_95' title='bbox 65 1326 109 1381; x_wconf 78' lang='lat' dir='ltr'><strong>tio</strong></span> <span class='ocrx_word' id='word_1_96' title='bbox 122 1340 174 1380; x_wconf 81' lang='lat' dir='ltr'><strong>sao</strong></span> <span class='ocrx_word' id='word_1_97' title='bbox 186 1325 282 1395; x_wconf 76' lang='lat' dir='ltr'><strong>{eoertt</strong></span> <span class='ocrx_word' id='word_1_98' title='bbox 295 1324 481 1397; x_wconf 76' lang='lat' dir='ltr'><strong>taipertotem,</strong></span> <span class='ocrx_word' id='word_1_99' title='bbox 497 1338 589 1379; x_wconf 83' lang='lat' dir='ltr'><strong>omnes</strong></span> <span class='ocrx_word' id='word_1_100' title='bbox 602 1324 717 1393; x_wconf 68' lang='lat' dir='ltr'><strong>iustitia</strong></span> <span class='ocrx_word' id='word_1_101' title='bbox 730 1325 790 1396; x_wconf 81' lang='lat' dir='ltr'><strong>ejas</strong></span> <span class='ocrx_word' id='word_1_102' title='bbox 817 1325 889 1380; x_wconf 84' lang='lat' dir='ltr'><strong>otti·</strong></span> 
     </span>
     <span class='ocr_line' id='line_1_13' title="bbox 63 1411 890 1485; baseline -0.002 -14"><span class='ocrx_word' id='word_1_103' title='bbox 63 1415 151 1471; x_wconf 83' lang='lat' dir='ltr'><strong>ctorre</strong></span> <span class='ocrx_word' id='word_1_104' title='bbox 175 1412 325 1469; x_wconf 82' lang='lat' dir='ltr'><strong>tradentur.</strong></span> <span class='ocrx_word' id='word_1_105' title='bbox 356 1411 387 1467; x_wconf 87' lang='lat' dir='ltr'><strong>St</strong></span> <span class='ocrx_word' id='word_1_106' title='bbox 414 1420 507 1468; x_wconf 69' lang='lat' dir='ltr'><strong>auem</strong></span> <span class='ocrx_word' id='word_1_107' title='bbox 537 1412 633 1468; x_wconf 76' lang='lat' dir='ltr'><strong>dixero</strong></span> <span class='ocrx_word' id='word_1_108' title='bbox 663 1415 771 1485; x_wconf 82' lang='lat' dir='ltr'><strong>impio:</strong></span> <span class='ocrx_word' id='word_1_109' title='bbox 804 1414 890 1469; x_wconf 87' lang='lat' dir='ltr'><strong>fdorte</strong></span> 
     </span>
     <span class='ocr_line' id='line_1_14' title="bbox 62 1502 890 1574; baseline -0.001 -15"><span class='ocrx_word' id='word_1_110' title='bbox 62 1505 203 1567; x_wconf 70' lang='lat' dir='ltr'><strong>monens.</strong></span> <span class='ocrx_word' id='word_1_111' title='bbox 218 1506 245 1558; x_wconf 82' lang='lat' dir='ltr'><strong>et</strong></span> <span class='ocrx_word' id='word_1_112' title='bbox 260 1503 350 1572; x_wconf 74' lang='lat' dir='ltr'><strong>egerit</strong></span> <span class='ocrx_word' id='word_1_113' title='bbox 360 1502 551 1574; x_wconf 78' lang='lat' dir='ltr'><strong>penitentiam</strong></span> <span class='ocrx_word' id='word_1_114' title='bbox 570 1519 587 1556; x_wconf 88' lang='lat' dir='ltr'><strong>c</strong></span> <span class='ocrx_word' id='word_1_115' title='bbox 606 1506 716 1573; x_wconf 84' lang='lat' dir='ltr'><strong>peccato</strong></span> <span class='ocrx_word' id='word_1_116' title='bbox 740 1518 798 1568; x_wconf 79' lang='lat' dir='ltr'><strong>ruo,</strong></span> <span class='ocrx_word' id='word_1_117' title='bbox 823 1505 890 1572; x_wconf 76' lang='lat' dir='ltr'><strong>fece·</strong></span> 
     </span>
     <span class='ocr_line' id='line_1_15' title="bbox 60 1591 889 1663; baseline -0.001 -16"><span class='ocrx_word' id='word_1_118' title='bbox 60 1594 153 1663; x_wconf 68' lang='lat' dir='ltr'><strong>ritate</strong></span> <span class='ocrx_word' id='word_1_119' title='bbox 165 1591 305 1661; x_wconf 74' lang='lat' dir='ltr'><strong>iudicium</strong></span> <span class='ocrx_word' id='word_1_120' title='bbox 319 1595 345 1645; x_wconf 87' lang='lat' dir='ltr'><strong>et</strong></span> <span class='ocrx_word' id='word_1_121' title='bbox 372 1591 519 1660; x_wconf 77' lang='lat' dir='ltr'><strong>tortitiam,</strong></span> <span class='ocrx_word' id='word_1_122' title='bbox 535 1592 591 1646; x_wconf 85' lang='lat' dir='ltr'><strong>cita</strong></span> <span class='ocrx_word' id='word_1_123' title='bbox 604 1591 677 1646; x_wconf 85' lang='lat' dir='ltr'><strong>vicet</strong></span> <span class='ocrx_word' id='word_1_124' title='bbox 704 1600 731 1646; x_wconf 85' lang='lat' dir='ltr'><strong>et</strong></span> <span class='ocrx_word' id='word_1_125' title='bbox 751 1606 805 1646; x_wconf 83' lang='lat' dir='ltr'><strong>non</strong></span> <span class='ocrx_word' id='word_1_126' title='bbox 833 1606 889 1646; x_wconf 88' lang='lat' dir='ltr'><strong>mo·</strong></span> 
     </span>
     <span class='ocr_line' id='line_1_16' title="bbox 60 1678 889 1752; baseline -0.007 -12"><span class='ocrx_word' id='word_1_127' title='bbox 60 1684 165 1740; x_wconf 65' lang='lat' dir='ltr'><strong>ridor.</strong></span> <span class='ocrx_word' id='word_1_128' title='bbox 180 1680 213 1736; x_wconf 92' lang='lat' dir='ltr'><strong>lu</strong></span> <span class='ocrx_word' id='word_1_129' title='bbox 229 1678 295 1736; x_wconf 86' lang='lat' dir='ltr'><strong>aliis</strong></span> <span class='ocrx_word' id='word_1_130' title='bbox 310 1678 399 1735; x_wconf 87' lang='lat' dir='ltr'><strong>etiam</strong></span> <span class='ocrx_word' id='word_1_131' title='bbox 413 1678 565 1752; x_wconf 87' lang='lat' dir='ltr'><strong>prophetis</strong></span> <span class='ocrx_word' id='word_1_132' title='bbox 578 1679 725 1735; x_wconf 90' lang='lat' dir='ltr'><strong>invenitur</strong></span> <span class='ocrx_word' id='word_1_133' title='bbox 735 1679 889 1751; x_wconf 90' lang='lat' dir='ltr'><strong>scriptum,</strong></span> 
     </span>
    </p>
   </div>
   <div class='ocr_carea' id='block_1_4' title="bbox 939 527 1768 1757">
    <p class='ocr_par' dir='ltr' id='par_1_4' title="bbox 939 527 1768 1757">
     <span class='ocr_line' id='line_1_17' title="bbox 939 527 1761 607; baseline 0.009 -25"><span class='ocrx_word' id='word_1_134' title='bbox 939 528 991 583; x_wconf 88' lang='lat' dir='ltr'><strong>tibi</strong></span> <span class='ocrx_word' id='word_1_135' title='bbox 1006 527 1334 585; x_wconf 88' lang='lat' dir='ltr'><strong>litterarumscientiam</strong></span> <span class='ocrx_word' id='word_1_136' title='bbox 1345 530 1520 588; x_wconf 78' lang='lat' dir='ltr'><strong>existimas?</strong></span> <span class='ocrx_word' id='word_1_137' title='bbox 1530 531 1552 587; x_wconf 90' lang='lat'>0</span> <span class='ocrx_word' id='word_1_138' title='bbox 1562 533 1665 604; x_wconf 87' lang='lat' dir='ltr'><strong>quanti</strong></span> <span class='ocrx_word' id='word_1_139' title='bbox 1677 534 1761 607; x_wconf 90' lang='lat' dir='ltr'><strong>pretii</strong></span> 
     </span>
     <span class='ocr_line' id='line_1_18' title="bbox 939 617 1762 693; baseline 0.009 -20"><span class='ocrx_word' id='word_1_140' title='bbox 939 622 1133 689; x_wconf 77' lang='lat' dir='ltr'><strong>pensarentur</strong></span> <span class='ocrx_word' id='word_1_141' title='bbox 1148 617 1204 673; x_wconf 90' lang='lat' dir='ltr'><strong>ista</strong></span> <span class='ocrx_word' id='word_1_142' title='bbox 1218 617 1296 690; x_wconf 89' lang='lat' dir='ltr'><strong>apud</strong></span> <span class='ocrx_word' id='word_1_143' title='bbox 1311 617 1492 691; x_wconf 80' lang='lat' dir='ltr'><strong>multosque</strong></span> <span class='ocrx_word' id='word_1_144' title='bbox 1507 621 1700 693; x_wconf 90' lang='lat' dir='ltr'><strong>tupronibilo</strong></span> <span class='ocrx_word' id='word_1_145' title='bbox 1713 624 1762 680; x_wconf 88' lang='lat' dir='ltr'><strong>de·</strong></span> 
     </span>
     <span class='ocr_line' id='line_1_19' title="bbox 940 706 1763 782; baseline 0.01 -22"><span class='ocrx_word' id='word_1_146' title='bbox 940 706 1763 782; x_wconf 84' lang='lat' dir='ltr'><strong>putas.Proindeveroquianonsolumsupramemorata</strong></span> 
     </span>
     <span class='ocr_line' id='line_1_20' title="bbox 941 794 1763 874; baseline 0.007 -23"><span class='ocrx_word' id='word_1_147' title='bbox 941 795 1068 851; x_wconf 83' lang='lat' dir='ltr'><strong>scientia</strong></span> <span class='ocrx_word' id='word_1_148' title='bbox 1083 794 1211 851; x_wconf 89' lang='lat' dir='ltr'><strong>liberalis</strong></span> <span class='ocrx_word' id='word_1_149' title='bbox 1227 796 1331 868; x_wconf 86' lang='lat' dir='ltr'><strong>gratia,</strong></span> <span class='ocrx_word' id='word_1_150' title='bbox 1347 796 1495 853; x_wconf 88' lang='lat' dir='ltr'><strong>sedetiam</strong></span> <span class='ocrx_word' id='word_1_151' title='bbox 1511 814 1544 853; x_wconf 82' lang='lat' dir='ltr'><strong>ra</strong></span> <span class='ocrx_word' id='word_1_152' title='bbox 1555 816 1619 870; x_wconf 76' lang='lat' dir='ltr'><strong>quae</strong></span> <span class='ocrx_word' id='word_1_153' title='bbox 1632 816 1666 856; x_wconf 86' lang='lat' dir='ltr'><strong>ex</strong></span> <span class='ocrx_word' id='word_1_154' title='bbox 1682 801 1763 874; x_wconf 90' lang='lat' dir='ltr'><strong>iuge·</strong></span> 
     </span>
     <span class='ocr_line' id='line_1_21' title="bbox 941 884 1765 956; baseline 0.008 -17"><span class='ocrx_word' id='word_1_155' title='bbox 941 884 990 940; x_wconf 93' lang='lat' dir='ltr'><strong>nio</strong></span> <span class='ocrx_word' id='word_1_156' title='bbox 1006 884 1131 940; x_wconf 88' lang='lat' dir='ltr'><strong>naturali</strong></span> <span class='ocrx_word' id='word_1_157' title='bbox 1146 885 1268 956; x_wconf 84' lang='lat' dir='ltr'><strong>ipsoque</strong></span> <span class='ocrx_word' id='word_1_158' title='bbox 1283 901 1338 940; x_wconf 93' lang='lat' dir='ltr'><strong>usu</strong></span> <span class='ocrx_word' id='word_1_159' title='bbox 1352 886 1518 942; x_wconf 86' lang='lat' dir='ltr'><strong>communis</strong></span> <span class='ocrx_word' id='word_1_160' title='bbox 1534 886 1596 942; x_wconf 80' lang='lat' dir='ltr'><strong>vita</strong></span> <span class='ocrx_word' id='word_1_161' title='bbox 1611 889 1690 944; x_wconf 88' lang='lat' dir='ltr'><strong>velut</strong></span> <span class='ocrx_word' id='word_1_162' title='bbox 1704 906 1765 946; x_wconf 90' lang='lat' dir='ltr'><strong>cer·</strong></span> 
     </span>
     <span class='ocr_line' id='line_1_22' title="bbox 942 972 1763 1045; baseline 0.009 -17"><span class='ocrx_word' id='word_1_163' title='bbox 942 973 1058 1029; x_wconf 90' lang='lat' dir='ltr'><strong>tissima</strong></span> <span class='ocrx_word' id='word_1_164' title='bbox 1073 974 1108 1028; x_wconf 94' lang='lat' dir='ltr'><strong>de</strong></span> <span class='ocrx_word' id='word_1_165' title='bbox 1123 972 1180 1029; x_wconf 89' lang='lat' dir='ltr'><strong>Deo</strong></span> <span class='ocrx_word' id='word_1_166' title='bbox 1197 973 1445 1045; x_wconf 88' lang='lat' dir='ltr'><strong>priusseutiebas,</strong></span> <span class='ocrx_word' id='word_1_167' title='bbox 1458 992 1537 1031; x_wconf 92' lang='lat' dir='ltr'><strong>nunc</strong></span> <span class='ocrx_word' id='word_1_168' title='bbox 1547 976 1576 1031; x_wconf 89' lang='lat' dir='ltr'><strong>in</strong></span> <span class='ocrx_word' id='word_1_169' title='bbox 1588 976 1763 1035; x_wconf 87' lang='lat' dir='ltr'><strong>oblivionem</strong></span> 
     </span>
     <span class='ocr_line' id='line_1_23' title="bbox 942 1063 1764 1138; baseline 0.006 -20"><span class='ocrx_word' id='word_1_170' title='bbox 942 1067 969 1119; x_wconf 87' lang='lat' dir='ltr'><strong>et</strong></span> <span class='ocrx_word' id='word_1_171' title='bbox 985 1064 1014 1118; x_wconf 92' lang='lat' dir='ltr'><strong>in</strong></span> <span class='ocrx_word' id='word_1_172' title='bbox 1030 1078 1157 1119; x_wconf 86' lang='lat' dir='ltr'><strong>errorem</strong></span> <span class='ocrx_word' id='word_1_173' title='bbox 1173 1063 1260 1118; x_wconf 92' lang='lat' dir='ltr'><strong>ducto</strong></span> <span class='ocrx_word' id='word_1_174' title='bbox 1275 1063 1327 1117; x_wconf 91' lang='lat' dir='ltr'><strong>tibi</strong></span> <span class='ocrx_word' id='word_1_175' title='bbox 1343 1063 1465 1119; x_wconf 89' lang='lat' dir='ltr'><strong>minime</strong></span> <span class='ocrx_word' id='word_1_176' title='bbox 1476 1069 1645 1136; x_wconf 88' lang='lat' dir='ltr'><strong>suppetunt,</strong></span> <span class='ocrx_word' id='word_1_177' title='bbox 1658 1082 1764 1138; x_wconf 93' lang='lat' dir='ltr'><strong>prore·</strong></span> 
     </span>
     <span class='ocr_line' id='line_1_24' title="bbox 942 1151 1765 1227; baseline 0.005 -20"><span class='ocrx_word' id='word_1_178' title='bbox 942 1151 1061 1208; x_wconf 89' lang='lat' dir='ltr'><strong>tinenda</strong></span> <span class='ocrx_word' id='word_1_179' title='bbox 1075 1151 1153 1206; x_wconf 90' lang='lat' dir='ltr'><strong>inter</strong></span> <span class='ocrx_word' id='word_1_180' title='bbox 1166 1151 1337 1208; x_wconf 73' lang='lat' dir='ltr'><strong>tentationis</strong></span> <span class='ocrx_word' id='word_1_181' title='bbox 1352 1151 1439 1208; x_wconf 81' lang='lat' dir='ltr'><strong>illatae</strong></span> <span class='ocrx_word' id='word_1_182' title='bbox 1453 1152 1677 1209; x_wconf 81' lang='lat' dir='ltr'><strong>molestiasddei</strong></span> <span class='ocrx_word' id='word_1_183' title='bbox 1690 1154 1765 1227; x_wconf 89' lang='lat' dir='ltr'><strong>spei·</strong></span> 
     </span>
     <span class='ocr_line' id='line_1_25' title="bbox 943 1230 1765 1316; baseline 0.002 -19"><span class='ocrx_word' id='word_1_184' title='bbox 943 1257 999 1313; x_wconf 87' lang='lat' dir='ltr'><strong>que</strong></span> <span class='ocrx_word' id='word_1_185' title='bbox 1014 1241 1191 1312; x_wconf 88' lang='lat' dir='ltr'><strong>constantia,</strong></span> <span class='ocrx_word' id='word_1_186' title='bbox 1208 1230 1278 1296; x_wconf 90' lang='lat' dir='ltr'><strong>libet</strong></span> <span class='ocrx_word' id='word_1_187' title='bbox 1293 1240 1343 1297; x_wconf 93' lang='lat' dir='ltr'><strong>illa</strong></span> <span class='ocrx_word' id='word_1_188' title='bbox 1360 1241 1465 1298; x_wconf 85' lang='lat' dir='ltr'><strong>referre</strong></span> <span class='ocrx_word' id='word_1_189' title='bbox 1476 1242 1526 1297; x_wconf 88' lang='lat' dir='ltr'><strong>Dei</strong></span> <span class='ocrx_word' id='word_1_190' title='bbox 1536 1242 1687 1308; x_wconf 78' lang='lat' dir='ltr'><strong>beneficia,</strong></span> <span class='ocrx_word' id='word_1_191' title='bbox 1700 1259 1765 1316; x_wconf 79' lang='lat' dir='ltr'><strong>quas</strong></span> 
     </span>
     <span class='ocr_line' id='line_1_26' title="bbox 943 1329 1764 1403; baseline 0.005 -18"><span class='ocrx_word' id='word_1_192' title='bbox 943 1334 1079 1402; x_wconf 83' lang='lat' dir='ltr'><strong>expertus</strong></span> <span class='ocrx_word' id='word_1_193' title='bbox 1094 1346 1125 1386; x_wconf 89' lang='lat' dir='ltr'><strong>cs</strong></span> <span class='ocrx_word' id='word_1_194' title='bbox 1140 1330 1168 1384; x_wconf 90' lang='lat' dir='ltr'><strong>in</strong></span> <span class='ocrx_word' id='word_1_195' title='bbox 1185 1329 1334 1402; x_wconf 84' lang='lat' dir='ltr'><strong>pueritia;</strong></span> <span class='ocrx_word' id='word_1_196' title='bbox 1364 1335 1397 1385; x_wconf 90' lang='lat' dir='ltr'><strong>ut</strong></span> <span class='ocrx_word' id='word_1_197' title='bbox 1409 1331 1480 1387; x_wconf 94' lang='lat' dir='ltr'><strong>dum</strong></span> <span class='ocrx_word' id='word_1_198' title='bbox 1497 1329 1551 1386; x_wconf 89' lang='lat' dir='ltr'><strong>hoc</strong></span> <span class='ocrx_word' id='word_1_199' title='bbox 1573 1332 1651 1403; x_wconf 87' lang='lat' dir='ltr'><strong>quod</strong></span> <span class='ocrx_word' id='word_1_200' title='bbox 1667 1332 1764 1400; x_wconf 87' lang='lat' dir='ltr'><strong>modo,</strong></span> 
     </span>
     <span class='ocr_line' id='line_1_27' title="bbox 943 1417 1767 1492; baseline 0.005 -19"><span class='ocrx_word' id='word_1_201' title='bbox 943 1417 1152 1491; x_wconf 90' lang='lat' dir='ltr'><strong>licetplurimis</strong></span> <span class='ocrx_word' id='word_1_202' title='bbox 1160 1417 1341 1473; x_wconf 81' lang='lat' dir='ltr'><strong>documentis</strong></span> <span class='ocrx_word' id='word_1_203' title='bbox 1350 1418 1521 1485; x_wconf 87' lang='lat' dir='ltr'><strong>instructus,</strong></span> <span class='ocrx_word' id='word_1_204' title='bbox 1531 1423 1631 1492; x_wconf 90' lang='lat' dir='ltr'><strong>utpote</strong></span> <span class='ocrx_word' id='word_1_205' title='bbox 1644 1419 1672 1475; x_wconf 91' lang='lat' dir='ltr'><strong>in</strong></span> <span class='ocrx_word' id='word_1_206' title='bbox 1684 1424 1767 1477; x_wconf 79' lang='lat' dir='ltr'><strong>relate</strong></span> 
     </span>
     <span class='ocr_line' id='line_1_28' title="bbox 944 1506 1767 1580; baseline 0.005 -18"><span class='ocrx_word' id='word_1_207' title='bbox 944 1506 1095 1563; x_wconf 90' lang='lat' dir='ltr'><strong>maturiori</strong></span> <span class='ocrx_word' id='word_1_208' title='bbox 1111 1506 1288 1563; x_wconf 88' lang='lat' dir='ltr'><strong>constitutus</strong></span> <span class='ocrx_word' id='word_1_209' title='bbox 1303 1507 1430 1578; x_wconf 81' lang='lat' dir='ltr'><strong>ignores,</strong></span> <span class='ocrx_word' id='word_1_210' title='bbox 1442 1510 1470 1562; x_wconf 91' lang='lat' dir='ltr'><strong>te</strong></span> <span class='ocrx_word' id='word_1_211' title='bbox 1481 1507 1550 1563; x_wconf 91' lang='lat' dir='ltr'><strong>olim</strong></span> <span class='ocrx_word' id='word_1_212' title='bbox 1563 1511 1592 1562; x_wconf 91' lang='lat' dir='ltr'><strong>in</strong></span> <span class='ocrx_word' id='word_1_213' title='bbox 1603 1513 1689 1565; x_wconf 81' lang='lat' dir='ltr'><strong>atate</strong></span> <span class='ocrx_word' id='word_1_214' title='bbox 1700 1526 1767 1580; x_wconf 91' lang='lat' dir='ltr'><strong>pue·</strong></span> 
     </span>
     <span class='ocr_line' id='line_1_29' title="bbox 944 1595 1768 1666; baseline 0.002 -15"><span class='ocrx_word' id='word_1_215' title='bbox 944 1595 990 1651; x_wconf 89' lang='lat' dir='ltr'><strong>rili</strong></span> <span class='ocrx_word' id='word_1_216' title='bbox 1003 1596 1075 1651; x_wconf 90' lang='lat' dir='ltr'><strong>satis</strong></span> <span class='ocrx_word' id='word_1_217' title='bbox 1091 1611 1177 1651; x_wconf 75' lang='lat' dir='ltr'><strong>nosse</strong></span> <span class='ocrx_word' id='word_1_218' title='bbox 1192 1596 1360 1666; x_wconf 79' lang='lat' dir='ltr'><strong>probavero,</strong></span> <span class='ocrx_word' id='word_1_219' title='bbox 1376 1600 1427 1650; x_wconf 90' lang='lat' dir='ltr'><strong>aut</strong></span> <span class='ocrx_word' id='word_1_220' title='bbox 1438 1596 1480 1651; x_wconf 87' lang='lat' dir='ltr'><strong>sic</strong></span> <span class='ocrx_word' id='word_1_221' title='bbox 1495 1596 1636 1652; x_wconf 90' lang='lat' dir='ltr'><strong>confusus</strong></span> <span class='ocrx_word' id='word_1_222' title='bbox 1652 1598 1687 1652; x_wconf 85' lang='lat' dir='ltr'><strong>ad</strong></span> <span class='ocrx_word' id='word_1_223' title='bbox 1717 1614 1768 1653; x_wconf 90' lang='lat' dir='ltr'><strong>eor</strong></span> 
     </span>
     <span class='ocr_line' id='line_1_30' title="bbox 944 1683 1765 1757; baseline 0.002 -17"><span class='ocrx_word' id='word_1_224' title='bbox 944 1685 1057 1753; x_wconf 84' lang='lat' dir='ltr'><strong>redeas,</strong></span> <span class='ocrx_word' id='word_1_225' title='bbox 1073 1689 1100 1740; x_wconf 91' lang='lat' dir='ltr'><strong>et</strong></span> <span class='ocrx_word' id='word_1_226' title='bbox 1115 1684 1150 1739; x_wconf 92' lang='lat' dir='ltr'><strong>de</strong></span> <span class='ocrx_word' id='word_1_227' title='bbox 1165 1684 1214 1739; x_wconf 90' lang='lat' dir='ltr'><strong>Dei</strong></span> <span class='ocrx_word' id='word_1_228' title='bbox 1240 1683 1440 1739; x_wconf 88' lang='lat' dir='ltr'><strong>misericordia</strong></span> <span class='ocrx_word' id='word_1_229' title='bbox 1466 1685 1663 1757; x_wconf 74' lang='lat' dir='ltr'><strong>patientiaque</strong></span> <span class='ocrx_word' id='word_1_230' title='bbox 1689 1703 1765 1742; x_wconf 92' lang='lat' dir='ltr'><strong>nun·</strong></span> 
     </span>
    </p>
   </div>
   <div class='ocr_carea' id='block_1_5' title="bbox 60 1766 1767 1936">
    <p class='ocr_par' dir='ltr' id='par_1_5' title="bbox 60 1766 1767 1936">
     <span class='ocr_line' id='line_1_31' title="bbox 60 1766 1767 1847; baseline 0.002 -20"><span class='ocrx_word' id='word_1_231' title='bbox 60 1774 177 1845; x_wconf 84' lang='lat' dir='ltr'><strong>quanta</strong></span> <span class='ocrx_word' id='word_1_232' title='bbox 193 1769 243 1825; x_wconf 79' lang='lat' dir='ltr'><strong>Uei</strong></span> <span class='ocrx_word' id='word_1_233' title='bbox 259 1766 355 1842; x_wconf 82' lang='lat' dir='ltr'><strong>gretie</strong></span> <span class='ocrx_word' id='word_1_234' title='bbox 375 1768 413 1824; x_wconf 86' lang='lat' dir='ltr'><strong>sit</strong></span> <span class='ocrx_word' id='word_1_235' title='bbox 438 1783 527 1841; x_wconf 88' lang='lat' dir='ltr'><strong>super</strong></span> <span class='ocrx_word' id='word_1_236' title='bbox 551 1784 653 1824; x_wconf 92' lang='lat' dir='ltr'><strong>omnes</strong></span> <span class='ocrx_word' id='word_1_237' title='bbox 682 1769 732 1840; x_wconf 93' lang='lat' dir='ltr'><strong>qui</strong></span> <span class='ocrx_word' id='word_1_238' title='bbox 756 1769 892 1825; x_wconf 86' lang='lat' dir='ltr'><strong>invocant</strong></span> <span class='ocrx_word' id='word_1_239' title='bbox 946 1791 1034 1847; x_wconf 89' lang='lat' dir='ltr'><strong>quam</strong></span> <span class='ocrx_word' id='word_1_240' title='bbox 1047 1771 1767 1846; x_wconf 84' lang='lat' dir='ltr'><strong>diffidas,qu0libetmodoafflictusvidearis,qua·</strong></span> 
     </span>
     <span class='ocr_line' id='line_1_32' title="bbox 60 1855 1767 1936; baseline 0.001 -19"><span class='ocrx_word' id='word_1_241' title='bbox 60 1859 159 1917; x_wconf 85' lang='lat' dir='ltr'><strong>illum.</strong></span> <span class='ocrx_word' id='word_1_242' title='bbox 170 1858 232 1916; x_wconf 85' lang='lat' dir='ltr'><strong>Joel</strong></span> <span class='ocrx_word' id='word_1_243' title='bbox 249 1874 367 1931; x_wconf 82' lang='lat' dir='ltr'><strong>quoque</strong></span> <span class='ocrx_word' id='word_1_244' title='bbox 382 1857 525 1930; x_wconf 74' lang='lat' dir='ltr'><strong>propheta</strong></span> <span class='ocrx_word' id='word_1_245' title='bbox 540 1857 627 1913; x_wconf 74' lang='lat' dir='ltr'><strong>dicii:</strong></span> <span class='ocrx_word' id='word_1_246' title='bbox 646 1856 843 1913; x_wconf 73' lang='lat' dir='ltr'><strong>Cottvtrft&#39;mim&#39;</strong></span> <span class='ocrx_word' id='word_1_247' title='bbox 857 1855 892 1911; x_wconf 76' lang='lat' dir='ltr'><strong>ad</strong></span> <span class='ocrx_word' id='word_1_248' title='bbox 944 1863 1082 1936; x_wconf 91' lang='lat' dir='ltr'><strong>licuuque</strong></span> <span class='ocrx_word' id='word_1_249' title='bbox 1093 1862 1253 1917; x_wconf 83' lang='lat' dir='ltr'><strong>tentatione</strong></span> <span class='ocrx_word' id='word_1_250' title='bbox 1264 1860 1455 1932; x_wconf 85' lang='lat' dir='ltr'><strong>impugneris.</strong></span> <span class='ocrx_word' id='word_1_251' title='bbox 1467 1860 1587 1917; x_wconf 89' lang='lat' dir='ltr'><strong>Diabolo</strong></span> <span class='ocrx_word' id='word_1_252' title='bbox 1599 1862 1675 1917; x_wconf 88' lang='lat' dir='ltr'><strong>enim</strong></span> <span class='ocrx_word' id='word_1_253' title='bbox 1684 1864 1767 1933; x_wconf 77' lang='lat' dir='ltr'><strong>Justo</strong></span> 
     </span>
    </p>
   </div>
   <div class='ocr_carea' id='block_1_6' title="bbox 61 1946 1791 5676">
    <p class='ocr_par' dir='ltr' id='par_1_6' title="bbox 61 1946 1777 3627">
     <span class='ocr_line' id='line_1_33' title="bbox 62 1946 1766 2024; baseline -0.006 -6"><span class='ocrx_word' id='word_1_254' title='bbox 62 1951 213 2007; x_wconf 59' lang='lat' dir='ltr'><strong>mmmm</strong></span> <span class='ocrx_word' id='word_1_255' title='bbox 228 1947 317 2003; x_wconf 63' lang='lat' dir='ltr'><strong>&amp;em</strong></span> <span class='ocrx_word' id='word_1_256' title='bbox 334 1956 462 2014; x_wconf 59' lang='lat' dir='ltr'><strong>Wlfflin,</strong></span> <span class='ocrx_word' id='word_1_257' title='bbox 478 1947 544 2017; x_wconf 80' lang='lat' dir='ltr'><strong>quia</strong></span> <span class='ocrx_word' id='word_1_258' title='bbox 559 1946 693 2014; x_wconf 60' lang='lat' dir='ltr'><strong>betianus</strong></span> <span class='ocrx_word' id='word_1_259' title='bbox 702 1954 727 2001; x_wconf 73' lang='lat'><strong>0²</strong></span> <span class='ocrx_word' id='word_1_260' title='bbox 736 1947 892 2002; x_wconf 67' lang='grc'><strong>’1111111011</strong></span> <span class='ocrx_word' id='word_1_261' title='bbox 946 1952 995 2007; x_wconf 84' lang='lat' dir='ltr'><strong>bei</strong></span> <span class='ocrx_word' id='word_1_262' title='bbox 1007 1951 1120 2024; x_wconf 85' lang='lat' dir='ltr'><strong>jndicio</strong></span> <span class='ocrx_word' id='word_1_263' title='bbox 1136 1950 1257 2022; x_wconf 86' lang='lat' dir='ltr'><strong>fatigare</strong></span> <span class='ocrx_word' id='word_1_264' title='bbox 1271 1954 1299 2004; x_wconf 91' lang='lat' dir='ltr'><strong>te</strong></span> <span class='ocrx_word' id='word_1_265' title='bbox 1314 1950 1349 2005; x_wconf 90' lang='lat' dir='ltr'><strong>ad</strong></span> <span class='ocrx_word' id='word_1_266' title='bbox 1366 1954 1483 2021; x_wconf 86' lang='lat' dir='ltr'><strong>tempus</strong></span> <span class='ocrx_word' id='word_1_267' title='bbox 1499 1949 1698 2021; x_wconf 88' lang='lat' dir='ltr'><strong>permittitur;</strong></span> <span class='ocrx_word' id='word_1_268' title='bbox 1715 1952 1766 2007; x_wconf 92' lang='lat' dir='ltr'><strong>sed</strong></span> 
     </span>
     <span class='ocr_line' id='line_1_34' title="bbox 61 2034 1770 2112; baseline -0.001 -16"><span class='ocrx_word' id='word_1_269' title='bbox 61 2042 113 2110; x_wconf 76' lang='lat' dir='ltr'><strong>est,</strong></span> <span class='ocrx_word' id='word_1_270' title='bbox 129 2035 335 2111; x_wconf 74' lang='lat' dir='ltr'><strong>etpraestebttr&#39;s</strong></span> <span class='ocrx_word' id='word_1_271' title='bbox 345 2051 427 2108; x_wconf 82' lang='lat' dir='ltr'><strong>saper</strong></span> <span class='ocrx_word' id='word_1_272' title='bbox 437 2034 633 2090; x_wconf 68' lang='lat' dir='ltr'><strong>mutinellam</strong></span> <span class='ocrx_word' id='word_1_273' title='bbox 645 2037 739 2090; x_wconf 79' lang='lat' dir='ltr'><strong>Amos</strong></span> <span class='ocrx_word' id='word_1_274' title='bbox 752 2035 893 2108; x_wconf 87' lang='lat' dir='ltr'><strong>propheta</strong></span> <span class='ocrx_word' id='word_1_275' title='bbox 946 2039 1110 2097; x_wconf 88' lang='lat' dir='ltr'><strong>sollicitudo</strong></span> <span class='ocrx_word' id='word_1_276' title='bbox 1121 2044 1172 2094; x_wconf 88' lang='lat' dir='ltr'><strong>tua</strong></span> <span class='ocrx_word' id='word_1_277' title='bbox 1183 2038 1543 2094; x_wconf 88' lang='lat' dir='ltr'><strong>nisibusomuimodisbcc</strong></span> <span class='ocrx_word' id='word_1_278' title='bbox 1554 2039 1638 2094; x_wconf 90' lang='lat' dir='ltr'><strong>debet</strong></span> <span class='ocrx_word' id='word_1_279' title='bbox 1649 2056 1770 2112; x_wconf 84' lang='lat' dir='ltr'><strong>perpen-</strong></span> 
     </span>
     <span class='ocr_line' id='line_1_35' title="bbox 64 2124 1769 2201; baseline 0.001 -17"><span class='ocrx_word' id='word_1_280' title='bbox 64 2129 157 2187; x_wconf 86' lang='lat' dir='ltr'><strong>dioit:</strong></span> <span class='ocrx_word' id='word_1_281' title='bbox 175 2128 297 2196; x_wconf 72' lang='lat' dir='ltr'><strong>Quartae</strong></span> <span class='ocrx_word' id='word_1_282' title='bbox 311 2126 467 2194; x_wconf 83' lang='lat' dir='ltr'><strong>Dominum,</strong></span> <span class='ocrx_word' id='word_1_283' title='bbox 489 2127 514 2179; x_wconf 81' lang='lat' dir='ltr'><strong>e</strong></span> <span class='ocrx_word' id='word_1_284' title='bbox 540 2125 633 2180; x_wconf 83' lang='lat' dir='ltr'><strong>vivite.</strong></span> <span class='ocrx_word' id='word_1_285' title='bbox 655 2124 718 2180; x_wconf 93' lang='lat' dir='ltr'><strong>Non</strong></span> <span class='ocrx_word' id='word_1_286' title='bbox 748 2124 891 2180; x_wconf 87' lang='lat' dir='ltr'><strong>minorem</strong></span> <span class='ocrx_word' id='word_1_287' title='bbox 947 2125 1769 2201; x_wconf 86' lang='lat' dir='ltr'><strong>dere,ueilledelusionesuatevalentsubvcrtere.Quia</strong></span> 
     </span>
     <span class='ocr_line' id='line_1_36' title="bbox 64 2212 1767 2292; baseline -0.001 -18"><span class='ocrx_word' id='word_1_288' title='bbox 64 2231 186 2290; x_wconf 84' lang='lat' dir='ltr'><strong>qnoque</strong></span> <span class='ocrx_word' id='word_1_289' title='bbox 200 2212 612 2290; x_wconf 85' lang='lat' dir='ltr'><strong>frdeistquespsidoctriuam</strong></span> <span class='ocrx_word' id='word_1_290' title='bbox 626 2213 740 2268; x_wconf 79' lang='lat' dir='ltr'><strong>intona</strong></span> <span class='ocrx_word' id='word_1_291' title='bbox 751 2213 893 2284; x_wconf 88' lang='lat' dir='ltr'><strong>propheta</strong></span> <span class='ocrx_word' id='word_1_292' title='bbox 947 2219 1037 2292; x_wconf 75' lang='lat' dir='ltr'><strong>igitur</strong></span> <span class='ocrx_word' id='word_1_293' title='bbox 1051 2217 1099 2272; x_wconf 86' lang='lat' dir='ltr'><strong>ille</strong></span> <span class='ocrx_word' id='word_1_294' title='bbox 1114 2221 1186 2287; x_wconf 83' lang='lat' dir='ltr'><strong>erat,</strong></span> <span class='ocrx_word' id='word_1_295' title='bbox 1202 2233 1289 2288; x_wconf 88' lang='lat' dir='ltr'><strong>quem</strong></span> <span class='ocrx_word' id='word_1_296' title='bbox 1306 2222 1336 2270; x_wconf 87' lang='lat' dir='ltr'><strong>tu</strong></span> <span class='ocrx_word' id='word_1_297' title='bbox 1352 2216 1501 2288; x_wconf 86' lang='lat' dir='ltr'><strong>quondam</strong></span> <span class='ocrx_word' id='word_1_298' title='bbox 1517 2233 1584 2272; x_wconf 92' lang='lat' dir='ltr'><strong>oum</strong></span> <span class='ocrx_word' id='word_1_299' title='bbox 1610 2233 1703 2290; x_wconf 91' lang='lat' dir='ltr'><strong>nuper</strong></span> <span class='ocrx_word' id='word_1_300' title='bbox 1730 2216 1767 2274; x_wconf 93' lang='lat' dir='ltr'><strong>ad</strong></span> 
     </span>
     <span class='ocr_line' id='line_1_37' title="bbox 64 2301 1769 2380; baseline -0.005 -9"><span class='ocrx_word' id='word_1_301' title='bbox 64 2304 214 2375; x_wconf 70' lang='grc'><strong>1111111111,</strong></span> <span class='ocrx_word' id='word_1_302' title='bbox 227 2303 257 2360; x_wconf 70' lang='lat' dir='ltr'><strong>in</strong></span> <span class='ocrx_word' id='word_1_303' title='bbox 272 2320 329 2377; x_wconf 78' lang='lat' dir='ltr'><strong>quo</strong></span> <span class='ocrx_word' id='word_1_304' title='bbox 344 2301 764 2373; x_wconf 67' lang='grc'><strong>101111111011111111111181111118</strong></span> <span class='ocrx_word' id='word_1_305' title='bbox 773 2301 824 2357; x_wconf 73' lang='lat' dir='ltr'><strong>Dei</strong></span> <span class='ocrx_word' id='word_1_306' title='bbox 835 2301 893 2356; x_wconf 80' lang='lat' dir='ltr'><strong>im·</strong></span> <span class='ocrx_word' id='word_1_307' title='bbox 947 2307 1077 2364; x_wconf 86' lang='lat' dir='ltr'><strong>scholam</strong></span> <span class='ocrx_word' id='word_1_308' title='bbox 1089 2306 1252 2380; x_wconf 91' lang='lat' dir='ltr'><strong>prolitteris</strong></span> <span class='ocrx_word' id='word_1_309' title='bbox 1263 2305 1410 2362; x_wconf 88' lang='lat' dir='ltr'><strong>discendis</strong></span> <span class='ocrx_word' id='word_1_310' title='bbox 1421 2305 1545 2361; x_wconf 90' lang='lat' dir='ltr'><strong>traditus</strong></span> <span class='ocrx_word' id='word_1_311' title='bbox 1554 2321 1645 2377; x_wconf 88' lang='lat' dir='ltr'><strong>esses,</strong></span> <span class='ocrx_word' id='word_1_312' title='bbox 1657 2312 1769 2379; x_wconf 81' lang='lat' dir='ltr'><strong>etsaepe</strong></span> 
     </span>
     <span class='ocr_line' id='line_1_38' title="bbox 66 2390 1769 2464; baseline -0.004 -5"><span class='ocrx_word' id='word_1_313' title='bbox 66 2411 179 2452; x_wconf 68' lang='grc'><strong>11181111</strong></span> <span class='ocrx_word' id='word_1_314' title='bbox 192 2394 268 2449; x_wconf 74' lang='grc'><strong>111111</strong></span> <span class='ocrx_word' id='word_1_315' title='bbox 279 2393 422 2449; x_wconf 67' lang='lat' dir='ltr'><strong>Ninivitas</strong></span> <span class='ocrx_word' id='word_1_316' title='bbox 438 2390 652 2464; x_wconf 67' lang='lat' dir='ltr'><strong>delinquentes·</strong></span> <span class='ocrx_word' id='word_1_317' title='bbox 671 2391 778 2446; x_wconf 66' lang='lat' dir='ltr'><strong>Eadem</strong></span> <span class='ocrx_word' id='word_1_318' title='bbox 793 2391 893 2462; x_wconf 74' lang='grc'><strong>11111111</strong></span> <span class='ocrx_word' id='word_1_319' title='bbox 947 2393 1547 2453; x_wconf 77' lang='lat' dir='ltr'><strong>intercoaevulosacscholasticosresidens</strong></span> <span class='ocrx_word' id='word_1_320' title='bbox 1559 2394 1769 2453; x_wconf 87' lang='lat' dir='ltr'><strong>neverberibus</strong></span> 
     </span>
     <span class='ocr_line' id='line_1_39' title="bbox 69 2480 1771 2556; baseline -0.002 -14"><span class='ocrx_word' id='word_1_321' title='bbox 69 2484 240 2541; x_wconf 84' lang='lat' dir='ltr'><strong>rudimenta</strong></span> <span class='ocrx_word' id='word_1_322' title='bbox 254 2481 406 2539; x_wconf 76' lang='grc' dir='ltr'><strong>11110111ῑί1</strong></span> <span class='ocrx_word' id='word_1_323' title='bbox 421 2481 451 2536; x_wconf 84' lang='lat' dir='ltr'><strong>in</strong></span> <span class='ocrx_word' id='word_1_324' title='bbox 467 2480 605 2537; x_wconf 79' lang='lat' dir='ltr'><strong>omnibus</strong></span> <span class='ocrx_word' id='word_1_325' title='bbox 624 2496 711 2535; x_wconf 76' lang='lat' dir='ltr'><strong>sacrae</strong></span> <span class='ocrx_word' id='word_1_326' title='bbox 736 2480 892 2551; x_wconf 74' lang='lat' dir='ltr'><strong>Scripturae</strong></span> <span class='ocrx_word' id='word_1_327' title='bbox 948 2485 1016 2543; x_wconf 92' lang='lat' dir='ltr'><strong>ullis</strong></span> <span class='ocrx_word' id='word_1_328' title='bbox 1031 2484 1216 2556; x_wconf 79' lang='lat' dir='ltr'><strong>castigareris</strong></span> <span class='ocrx_word' id='word_1_329' title='bbox 1230 2482 1391 2552; x_wconf 90' lang='lat' dir='ltr'><strong>timuisses,</strong></span> <span class='ocrx_word' id='word_1_330' title='bbox 1401 2482 1485 2538; x_wconf 86' lang='lat' dir='ltr'><strong>unice</strong></span> <span class='ocrx_word' id='word_1_331' title='bbox 1501 2482 1691 2554; x_wconf 89' lang='lat' dir='ltr'><strong>prodiscendi</strong></span> <span class='ocrx_word' id='word_1_332' title='bbox 1703 2483 1771 2538; x_wconf 89' lang='lat' dir='ltr'><strong>faui·</strong></span> 
     </span>
     <span class='ocr_line' id='line_1_40' title="bbox 68 2568 1770 2644; baseline -0.002 -16"><span class='ocrx_word' id='word_1_333' title='bbox 68 2571 156 2629; x_wconf 86' lang='lat' dir='ltr'><strong>libris</strong></span> <span class='ocrx_word' id='word_1_334' title='bbox 165 2571 362 2644; x_wconf 81' lang='lat' dir='ltr'><strong>reperiuntur,</strong></span> <span class='ocrx_word' id='word_1_335' title='bbox 375 2569 485 2627; x_wconf 83' lang='lat' dir='ltr'><strong>sicutel</strong></span> <span class='ocrx_word' id='word_1_336' title='bbox 494 2568 759 2641; x_wconf 80' lang='lat' dir='ltr'><strong>apostolusl‘aulus</strong></span> <span class='ocrx_word' id='word_1_337' title='bbox 770 2572 894 2624; x_wconf 81' lang='lat' dir='ltr'><strong>testatur</strong></span> <span class='ocrx_word' id='word_1_338' title='bbox 948 2575 1028 2631; x_wconf 79' lang='lat' dir='ltr'><strong>litate</strong></span> <span class='ocrx_word' id='word_1_339' title='bbox 1040 2573 1178 2630; x_wconf 85' lang='lat' dir='ltr'><strong>invocasti</strong></span> <span class='ocrx_word' id='word_1_340' title='bbox 1194 2576 1222 2628; x_wconf 87' lang='lat' dir='ltr'><strong>ct</strong></span> <span class='ocrx_word' id='word_1_341' title='bbox 1235 2571 1382 2628; x_wconf 81' lang='lat' dir='ltr'><strong>exaudivit</strong></span> <span class='ocrx_word' id='word_1_342' title='bbox 1396 2571 1447 2627; x_wconf 88' lang='lat' dir='ltr'><strong>te‘l</strong></span> <span class='ocrx_word' id='word_1_343' title='bbox 1461 2572 1564 2638; x_wconf 85' lang='lat' dir='ltr'><strong>Quam,</strong></span> <span class='ocrx_word' id='word_1_344' title='bbox 1579 2588 1679 2643; x_wconf 73' lang='lat' dir='ltr'><strong>quaeso</strong></span> <span class='ocrx_word' id='word_1_345' title='bbox 1701 2577 1770 2629; x_wconf 89' lang='lat' dir='ltr'><strong>tunc</strong></span> 
     </span>
     <span class='ocr_line' id='line_1_41' title="bbox 67 2655 1771 2734; baseline -0.002 -16"><span class='ocrx_word' id='word_1_346' title='bbox 67 2663 190 2718; x_wconf 84' lang='lat' dir='ltr'><strong>dicens:</strong></span> <span class='ocrx_word' id='word_1_347' title='bbox 207 2661 303 2717; x_wconf 78' lang='lat' dir='ltr'><strong>Omnis</strong></span> <span class='ocrx_word' id='word_1_348' title='bbox 315 2661 455 2732; x_wconf 74' lang='lat' dir='ltr'><strong>scriptura</strong></span> <span class='ocrx_word' id='word_1_349' title='bbox 468 2655 602 2715; x_wconf 78' lang='lat' dir='ltr'><strong>divinitus</strong></span> <span class='ocrx_word' id='word_1_350' title='bbox 616 2660 752 2729; x_wconf 83' lang='lat' dir='ltr'><strong>inspirato</strong></span> <span class='ocrx_word' id='word_1_351' title='bbox 763 2659 841 2713; x_wconf 77' lang='lat' dir='ltr'><strong>utitis</strong></span> <span class='ocrx_word' id='word_1_352' title='bbox 855 2661 895 2714; x_wconf 80' lang='lat' dir='ltr'><strong>eat</strong></span> <span class='ocrx_word' id='word_1_353' title='bbox 947 2663 1112 2720; x_wconf 68' lang='lat' dir='ltr'><strong>credideras</strong></span> <span class='ocrx_word' id='word_1_354' title='bbox 1127 2667 1186 2717; x_wconf 85' lang='lat' dir='ltr'><strong>tam</strong></span> <span class='ocrx_word' id='word_1_355' title='bbox 1202 2663 1284 2734; x_wconf 92' lang='lat' dir='ltr'><strong>pium</strong></span> <span class='ocrx_word' id='word_1_356' title='bbox 1299 2665 1332 2716; x_wconf 91' lang='lat' dir='ltr'><strong>ut</strong></span> <span class='ocrx_word' id='word_1_357' title='bbox 1346 2664 1374 2715; x_wconf 91' lang='lat' dir='ltr'><strong>te</strong></span> <span class='ocrx_word' id='word_1_358' title='bbox 1382 2658 1534 2733; x_wconf 88' lang='lat' dir='ltr'><strong>parvulum</strong></span> <span class='ocrx_word' id='word_1_359' title='bbox 1550 2678 1567 2715; x_wconf 92' lang='lat' dir='ltr'><strong>a</strong></span> <span class='ocrx_word' id='word_1_360' title='bbox 1591 2658 1771 2733; x_wconf 81' lang='lat' dir='ltr'><strong>virgularum</strong></span> 
     </span>
     <span class='ocr_line' id='line_1_42' title="bbox 67 2747 1771 2825; baseline -0.002 -17"><span class='ocrx_word' id='word_1_361' title='bbox 67 2751 104 2809; x_wconf 82' lang='lat' dir='ltr'><strong>ud</strong></span> <span class='ocrx_word' id='word_1_362' title='bbox 116 2750 277 2807; x_wconf 61' lang='lat' dir='ltr'><strong>madum.</strong></span> <span class='ocrx_word' id='word_1_363' title='bbox 296 2750 367 2806; x_wconf 90' lang='lat' dir='ltr'><strong>Item</strong></span> <span class='ocrx_word' id='word_1_364' title='bbox 384 2747 490 2805; x_wconf 89' lang='lat' dir='ltr'><strong>Paulus</strong></span> <span class='ocrx_word' id='word_1_365' title='bbox 505 2747 581 2803; x_wconf 86' lang='lat' dir='ltr'><strong>inter</strong></span> <span class='ocrx_word' id='word_1_366' title='bbox 596 2747 751 2803; x_wconf 87' lang='lat' dir='ltr'><strong>innumera</strong></span> <span class='ocrx_word' id='word_1_367' title='bbox 779 2748 893 2819; x_wconf 80' lang='lat' dir='ltr'><strong>ldpisto-</strong></span> <span class='ocrx_word' id='word_1_368' title='bbox 948 2752 1041 2825; x_wconf 87' lang='lat' dir='ltr'><strong>plagis</strong></span> <span class='ocrx_word' id='word_1_369' title='bbox 1059 2751 1235 2818; x_wconf 87' lang='lat' dir='ltr'><strong>defenderet,</strong></span> <span class='ocrx_word' id='word_1_370' title='bbox 1253 2756 1371 2820; x_wconf 88' lang='lat' dir='ltr'><strong>tumque</strong></span> <span class='ocrx_word' id='word_1_371' title='bbox 1384 2753 1531 2820; x_wconf 89' lang='lat' dir='ltr'><strong>potentem</strong></span> <span class='ocrx_word' id='word_1_372' title='bbox 1543 2749 1771 2822; x_wconf 89' lang='lat' dir='ltr'><strong>utcapacitatem</strong></span> 
     </span>
     <span class='ocr_line' id='line_1_43' title="bbox 66 2835 1775 2909; baseline -0.002 -12"><span class='ocrx_word' id='word_1_373' title='bbox 66 2835 896 2909; x_wconf 85' lang='lat' dir='ltr'><strong>larumsnarumdocumentaspecialiterqualiclementia</strong></span> <span class='ocrx_word' id='word_1_374' title='bbox 950 2858 1054 2898; x_wconf 75' lang='lat' dir='ltr'><strong>sensus</strong></span> <span class='ocrx_word' id='word_1_375' title='bbox 1070 2856 1123 2896; x_wconf 84' lang='lat' dir='ltr'><strong>nec</strong></span> <span class='ocrx_word' id='word_1_376' title='bbox 1138 2856 1196 2894; x_wconf 90' lang='lat' dir='ltr'><strong>non</strong></span> <span class='ocrx_word' id='word_1_377' title='bbox 1208 2837 1379 2909; x_wconf 89' lang='lat' dir='ltr'><strong>ampliorem</strong></span> <span class='ocrx_word' id='word_1_378' title='bbox 1392 2838 1520 2894; x_wconf 73' lang='lat' dir='ltr'><strong>scientias</strong></span> <span class='ocrx_word' id='word_1_379' title='bbox 1533 2837 1775 2894; x_wconf 88' lang='lat' dir='ltr'><strong>facultatemcon·</strong></span> 
     </span>
     <span class='ocr_line' id='line_1_44' title="bbox 67 2925 1773 3000; baseline -0.004 -14"><span class='ocrx_word' id='word_1_380' title='bbox 67 2929 150 2986; x_wconf 88' lang='lat' dir='ltr'><strong>Deus</strong></span> <span class='ocrx_word' id='word_1_381' title='bbox 165 2929 197 2984; x_wconf 91' lang='lat' dir='ltr'><strong>in</strong></span> <span class='ocrx_word' id='word_1_382' title='bbox 207 2927 401 2985; x_wconf 87' lang='lat' dir='ltr'><strong>tribulatione</strong></span> <span class='ocrx_word' id='word_1_383' title='bbox 411 2931 461 2983; x_wconf 90' lang='lat' dir='ltr'><strong>aut</strong></span> <span class='ocrx_word' id='word_1_384' title='bbox 475 2925 634 2981; x_wconf 87' lang='lat' dir='ltr'><strong>tentatione</strong></span> <span class='ocrx_word' id='word_1_385' title='bbox 645 2925 757 2998; x_wconf 87' lang='lat' dir='ltr'><strong>positos</strong></span> <span class='ocrx_word' id='word_1_386' title='bbox 767 2932 893 2993; x_wconf 82' lang='lat' dir='ltr'><strong>tueatur,</strong></span> <span class='ocrx_word' id='word_1_387' title='bbox 950 2932 1051 2987; x_wconf 78' lang='lat' dir='ltr'><strong>cedere</strong></span> <span class='ocrx_word' id='word_1_388' title='bbox 1065 2929 1118 2984; x_wconf 88' lang='lat' dir='ltr'><strong>tibi</strong></span> <span class='ocrx_word' id='word_1_389' title='bbox 1131 2928 1253 3000; x_wconf 77' lang='lat' dir='ltr'><strong>posset?</strong></span> <span class='ocrx_word' id='word_1_390' title='bbox 1269 2927 1369 2985; x_wconf 87' lang='lat' dir='ltr'><strong>Nonne</strong></span> <span class='ocrx_word' id='word_1_391' title='bbox 1386 2931 1477 2982; x_wconf 84' lang='lat' dir='ltr'><strong>benur</strong></span> <span class='ocrx_word' id='word_1_392' title='bbox 1493 2927 1588 2983; x_wconf 89' lang='lat' dir='ltr'><strong>solum</strong></span> <span class='ocrx_word' id='word_1_393' title='bbox 1613 2932 1773 2983; x_wconf 83' lang='lat' dir='ltr'><strong>creatorem</strong></span> 
     </span>
     <span class='ocr_line' id='line_1_45' title="bbox 69 3015 1775 3092; baseline -0.001 -18"><span class='ocrx_word' id='word_1_394' title='bbox 69 3018 182 3092; x_wconf 78' lang='lat' dir='ltr'><strong>profert</strong></span> <span class='ocrx_word' id='word_1_395' title='bbox 197 3017 300 3074; x_wconf 88' lang='lat' dir='ltr'><strong>dicens</strong></span> <span class='ocrx_word' id='word_1_396' title='bbox 313 3033 320 3071; x_wconf 90' lang='lat'>:</span> <span class='ocrx_word' id='word_1_397' title='bbox 335 3015 439 3071; x_wconf 65' lang='lat' dir='ltr'><strong>Fideles</strong></span> <span class='ocrx_word' id='word_1_398' title='bbox 453 3016 533 3070; x_wconf 81' lang='lat' dir='ltr'><strong>Deus:</strong></span> <span class='ocrx_word' id='word_1_399' title='bbox 558 3017 607 3086; x_wconf 81' lang='lat' dir='ltr'><strong>qut</strong></span> <span class='ocrx_word' id='word_1_400' title='bbox 627 3030 682 3070; x_wconf 85' lang='lat' dir='ltr'><strong>noo</strong></span> <span class='ocrx_word' id='word_1_401' title='bbox 707 3017 830 3086; x_wconf 78' lang='lat' dir='ltr'><strong>patietur</strong></span> <span class='ocrx_word' id='word_1_402' title='bbox 853 3030 897 3072; x_wconf 82' lang='lat' dir='ltr'><strong>cos</strong></span> <span class='ocrx_word' id='word_1_403' title='bbox 950 3026 978 3075; x_wconf 89' lang='lat' dir='ltr'><strong>ct</strong></span> <span class='ocrx_word' id='word_1_404' title='bbox 988 3018 1165 3091; x_wconf 89' lang='lat' dir='ltr'><strong>provisorem</strong></span> <span class='ocrx_word' id='word_1_405' title='bbox 1178 3015 1404 3072; x_wconf 78' lang='lat' dir='ltr'><strong>universorum?</strong></span> <span class='ocrx_word' id='word_1_406' title='bbox 1417 3015 1549 3087; x_wconf 90' lang='lat' dir='ltr'><strong>uunquid</strong></span> <span class='ocrx_word' id='word_1_407' title='bbox 1561 3031 1619 3071; x_wconf 91' lang='lat' dir='ltr'><strong>uon</strong></span> <span class='ocrx_word' id='word_1_408' title='bbox 1630 3016 1690 3072; x_wconf 91' lang='lat' dir='ltr'><strong>tuis</strong></span> <span class='ocrx_word' id='word_1_409' title='bbox 1702 3020 1775 3072; x_wconf 88' lang='lat' dir='ltr'><strong>tunc</strong></span> 
     </span>
     <span class='ocr_line' id='line_1_46' title="bbox 71 3103 1774 3178; baseline -0.003 -14"><span class='ocrx_word' id='word_1_410' title='bbox 71 3109 180 3164; x_wconf 75' lang='lat' dir='ltr'><strong>oentart</strong></span> <span class='ocrx_word' id='word_1_411' title='bbox 193 3103 599 3178; x_wconf 78' lang='lat' dir='ltr'><strong>saproidqeodpctestis‚sed</strong></span> <span class='ocrx_word' id='word_1_412' title='bbox 616 3105 699 3175; x_wconf 73' lang='lat' dir='ltr'><strong>faciet</strong></span> <span class='ocrx_word' id='word_1_413' title='bbox 719 3120 782 3159; x_wconf 81' lang='lat' dir='ltr'><strong>eum</strong></span> <span class='ocrx_word' id='word_1_414' title='bbox 809 3108 896 3160; x_wconf 85' lang='lat' dir='ltr'><strong>tecta·</strong></span> <span class='ocrx_word' id='word_1_415' title='bbox 951 3103 1774 3177; x_wconf 83' lang='lat' dir='ltr'><strong>sastisfactumprecibus,quamvistuneodumadprofe·</strong></span> 
     </span>
     <span class='ocr_line' id='line_1_47' title="bbox 68 3183 1775 3269; baseline -0.004 -15"><span class='ocrx_word' id='word_1_416' title='bbox 68 3199 150 3254; x_wconf 69' lang='lat' dir='ltr'><strong>sone</strong></span> <span class='ocrx_word' id='word_1_417' title='bbox 159 3202 337 3269; x_wconf 78' lang='lat' dir='ltr'><strong>preventum,</strong></span> <span class='ocrx_word' id='word_1_418' title='bbox 354 3198 385 3249; x_wconf 83' lang='lat' dir='ltr'><strong>ot</strong></span> <span class='ocrx_word' id='word_1_419' title='bbox 396 3194 505 3265; x_wconf 82' lang='lat' dir='ltr'><strong>possitis</strong></span> <span class='ocrx_word' id='word_1_420' title='bbox 518 3194 672 3248; x_wconf 78' lang='lat' dir='ltr'><strong>sustinere:</strong></span> <span class='ocrx_word' id='word_1_421' title='bbox 690 3192 762 3249; x_wconf 93' lang='lat' dir='ltr'><strong>illud</strong></span> <span class='ocrx_word' id='word_1_422' title='bbox 788 3183 935 3250; x_wconf 85' lang='lat' dir='ltr'><strong>seilicetG</strong></span> <span class='ocrx_word' id='word_1_423' title='bbox 955 3196 1059 3252; x_wconf 84' lang='lat' dir='ltr'><strong>rendae</strong></span> <span class='ocrx_word' id='word_1_424' title='bbox 1074 3199 1219 3250; x_wconf 80' lang='lat' dir='ltr'><strong>orationes</strong></span> <span class='ocrx_word' id='word_1_425' title='bbox 1234 3193 1363 3248; x_wconf 87' lang='lat' dir='ltr'><strong>sinceras</strong></span> <span class='ocrx_word' id='word_1_426' title='bbox 1378 3193 1517 3249; x_wconf 82' lang='lat' dir='ltr'><strong>existeres</strong></span> <span class='ocrx_word' id='word_1_427' title='bbox 1542 3192 1675 3264; x_wconf 82' lang='lat' dir='ltr'><strong>gnarus?</strong></span> <span class='ocrx_word' id='word_1_428' title='bbox 1694 3196 1775 3248; x_wconf 88' lang='lat' dir='ltr'><strong>Certe</strong></span> 
     </span>
     <span class='ocr_line' id='line_1_48' title="bbox 72 3280 1776 3359; baseline -0.003 -20"><span class='ocrx_word' id='word_1_429' title='bbox 72 3288 250 3359; x_wconf 85' lang='lat' dir='ltr'><strong>proventum</strong></span> <span class='ocrx_word' id='word_1_430' title='bbox 258 3299 376 3354; x_wconf 89' lang='lat' dir='ltr'><strong>vocans,</strong></span> <span class='ocrx_word' id='word_1_431' title='bbox 385 3282 462 3354; x_wconf 87' lang='lat' dir='ltr'><strong>quod</strong></span> <span class='ocrx_word' id='word_1_432' title='bbox 471 3281 897 3354; x_wconf 87' lang='lat' dir='ltr'><strong>variistentationibnsfatigati</strong></span> <span class='ocrx_word' id='word_1_433' title='bbox 951 3285 1105 3356; x_wconf 89' lang='lat' dir='ltr'><strong>temetipso</strong></span> <span class='ocrx_word' id='word_1_434' title='bbox 1117 3283 1324 3349; x_wconf 82' lang='lat' dir='ltr'><strong>consentiente,</strong></span> <span class='ocrx_word' id='word_1_435' title='bbox 1333 3280 1389 3336; x_wconf 90' lang='lat' dir='ltr'><strong>nisi</strong></span> <span class='ocrx_word' id='word_1_436' title='bbox 1401 3282 1473 3337; x_wconf 92' lang='lat' dir='ltr'><strong>forte</strong></span> <span class='ocrx_word' id='word_1_437' title='bbox 1483 3280 1637 3337; x_wconf 90' lang='lat' dir='ltr'><strong>oblivionis</strong></span> <span class='ocrx_word' id='word_1_438' title='bbox 1648 3284 1699 3335; x_wconf 88' lang='lat' dir='ltr'><strong>aut</strong></span> <span class='ocrx_word' id='word_1_439' title='bbox 1707 3296 1776 3335; x_wconf 80' lang='lat' dir='ltr'><strong>maa-</strong></span> 
     </span>
     <span class='ocr_line' id='line_1_49' title="bbox 72 3368 1776 3442; baseline -0.005 -10"><span class='ocrx_word' id='word_1_440' title='bbox 72 3375 126 3431; x_wconf 86' lang='lat' dir='ltr'><strong>sed</strong></span> <span class='ocrx_word' id='word_1_441' title='bbox 137 3374 173 3431; x_wconf 90' lang='lat' dir='ltr'><strong>ad</strong></span> <span class='ocrx_word' id='word_1_442' title='bbox 183 3373 338 3430; x_wconf 83' lang='lat' dir='ltr'><strong>Dominum</strong></span> <span class='ocrx_word' id='word_1_443' title='bbox 348 3369 628 3427; x_wconf 88' lang='lat' dir='ltr'><strong>clamantesliberati</strong></span> <span class='ocrx_word' id='word_1_444' title='bbox 637 3371 898 3442; x_wconf 87' lang='lat' dir='ltr'><strong>discimusquanta</strong></span> <span class='ocrx_word' id='word_1_445' title='bbox 953 3375 1028 3429; x_wconf 87' lang='lat' dir='ltr'><strong>roris</strong></span> <span class='ocrx_word' id='word_1_446' title='bbox 1042 3388 1129 3427; x_wconf 89' lang='lat' dir='ltr'><strong>causa</strong></span> <span class='ocrx_word' id='word_1_447' title='bbox 1146 3370 1434 3442; x_wconf 87' lang='lat' dir='ltr'><strong>impediaris‚testor‚</strong></span> <span class='ocrx_word' id='word_1_448' title='bbox 1447 3369 1516 3440; x_wconf 89' lang='lat' dir='ltr'><strong>qnia</strong></span> <span class='ocrx_word' id='word_1_449' title='bbox 1528 3385 1586 3424; x_wconf 92' lang='lat' dir='ltr'><strong>non</strong></span> <span class='ocrx_word' id='word_1_450' title='bbox 1598 3368 1693 3424; x_wconf 91' lang='lat' dir='ltr'><strong>solum</strong></span> <span class='ocrx_word' id='word_1_451' title='bbox 1705 3383 1776 3439; x_wconf 76' lang='lat' dir='ltr'><strong>praa·</strong></span> 
     </span>
     <span class='ocr_line' id='line_1_50' title="bbox 71 3456 1777 3537; baseline -0.006 -16"><span class='ocrx_word' id='word_1_452' title='bbox 71 3462 211 3537; x_wconf 84' lang='lat' dir='ltr'><strong>nequitia</strong></span> <span class='ocrx_word' id='word_1_453' title='bbox 219 3463 259 3517; x_wconf 89' lang='lat' dir='ltr'><strong>sit</strong></span> <span class='ocrx_word' id='word_1_454' title='bbox 268 3460 374 3518; x_wconf 88' lang='lat' dir='ltr'><strong>diaboli</strong></span> <span class='ocrx_word' id='word_1_455' title='bbox 385 3458 659 3532; x_wconf 85' lang='lat' dir='ltr'><strong>nosimpugnantis‚</strong></span> <span class='ocrx_word' id='word_1_456' title='bbox 672 3464 841 3531; x_wconf 88' lang='lat' dir='ltr'><strong>quantaque</strong></span> <span class='ocrx_word' id='word_1_457' title='bbox 848 3457 899 3514; x_wconf 87' lang='lat' dir='ltr'><strong>Dei</strong></span> <span class='ocrx_word' id='word_1_458' title='bbox 953 3462 1132 3518; x_wconf 83' lang='lat' dir='ltr'><strong>monstratas</strong></span> <span class='ocrx_word' id='word_1_459' title='bbox 1146 3458 1300 3524; x_wconf 89' lang='lat' dir='ltr'><strong>adoctore‚</strong></span> <span class='ocrx_word' id='word_1_460' title='bbox 1315 3457 1365 3512; x_wconf 89' lang='lat' dir='ltr'><strong>sed</strong></span> <span class='ocrx_word' id='word_1_461' title='bbox 1380 3458 1468 3512; x_wconf 90' lang='lat' dir='ltr'><strong>etiam</strong></span> <span class='ocrx_word' id='word_1_462' title='bbox 1484 3456 1616 3511; x_wconf 91' lang='lat' dir='ltr'><strong>nondum</strong></span> <span class='ocrx_word' id='word_1_463' title='bbox 1631 3460 1777 3511; x_wconf 86' lang='lat' dir='ltr'><strong>reseratas</strong></span> 
     </span>
     <span class='ocr_line' id='line_1_51' title="bbox 71 3542 1776 3627; baseline -0.005 -21"><span class='ocrx_word' id='word_1_464' title='bbox 71 3550 176 3627; x_wconf 85' lang='lat' dir='ltr'><strong>gratia</strong></span> <span class='ocrx_word' id='word_1_465' title='bbox 189 3566 244 3607; x_wconf 86' lang='lat' dir='ltr'><strong>nos</strong></span> <span class='ocrx_word' id='word_1_466' title='bbox 258 3549 359 3606; x_wconf 79' lang='lat' dir='ltr'><strong>exinde</strong></span> <span class='ocrx_word' id='word_1_467' title='bbox 372 3549 533 3606; x_wconf 86' lang='lat' dir='ltr'><strong>liberantis.</strong></span> <span class='ocrx_word' id='word_1_468' title='bbox 954 3549 1092 3606; x_wconf 87' lang='lat' dir='ltr'><strong>lectiones</strong></span> <span class='ocrx_word' id='word_1_469' title='bbox 1105 3551 1134 3603; x_wconf 93' lang='lat' dir='ltr'><strong>et</strong></span> <span class='ocrx_word' id='word_1_470' title='bbox 1148 3547 1262 3602; x_wconf 87' lang='lat' dir='ltr'><strong>cantica</strong></span> <span class='ocrx_word' id='word_1_471' title='bbox 1277 3551 1336 3600; x_wconf 88' lang='lat' dir='ltr'><strong>tam</strong></span> <span class='ocrx_word' id='word_1_472' title='bbox 1350 3545 1449 3616; x_wconf 88' lang='lat' dir='ltr'><strong>capaci</strong></span> <span class='ocrx_word' id='word_1_473' title='bbox 1461 3542 1605 3614; x_wconf 87' lang='lat' dir='ltr'><strong>celerique</strong></span> <span class='ocrx_word' id='word_1_474' title='bbox 1620 3543 1723 3600; x_wconf 87' lang='lat' dir='ltr'><strong>effectu</strong></span> <span class='ocrx_word' id='word_1_475' title='bbox 1732 3543 1776 3598; x_wconf 89' lang='lat' dir='ltr'><strong>di·</strong></span> 
     </span>
    </p>

    <p class='ocr_par' dir='ltr' id='par_1_7' title="bbox 77 3631 1791 5676">
     <span class='ocr_line' id='line_1_52' title="bbox 108 3631 1777 3708; baseline -0.006 -11"><span class='ocrx_word' id='word_1_476' title='bbox 108 3640 169 3697; x_wconf 85' lang='lat' dir='ltr'><strong>Sed</strong></span> <span class='ocrx_word' id='word_1_477' title='bbox 186 3639 213 3695; x_wconf 88' lang='lat' dir='ltr'><strong>si</strong></span> <span class='ocrx_word' id='word_1_478' title='bbox 229 3639 265 3694; x_wconf 87' lang='lat' dir='ltr'><strong>de</strong></span> <span class='ocrx_word' id='word_1_479' title='bbox 277 3638 413 3694; x_wconf 89' lang='lat' dir='ltr'><strong>omnibus</strong></span> <span class='ocrx_word' id='word_1_480' title='bbox 428 3637 612 3693; x_wconf 84' lang='lat' dir='ltr'><strong>documentis</strong></span> <span class='ocrx_word' id='word_1_481' title='bbox 627 3637 760 3708; x_wconf 85' lang='lat' dir='ltr'><strong>quaejam</strong></span> <span class='ocrx_word' id='word_1_482' title='bbox 774 3652 808 3692; x_wconf 86' lang='lat' dir='ltr'><strong>ex</strong></span> <span class='ocrx_word' id='word_1_483' title='bbox 823 3636 899 3691; x_wconf 84' lang='lat' dir='ltr'><strong>Scri·</strong></span> <span class='ocrx_word' id='word_1_484' title='bbox 955 3640 1078 3707; x_wconf 84' lang='lat' dir='ltr'><strong>diceres,</strong></span> <span class='ocrx_word' id='word_1_485' title='bbox 1096 3641 1128 3691; x_wconf 92' lang='lat' dir='ltr'><strong>ut</strong></span> <span class='ocrx_word' id='word_1_486' title='bbox 1144 3651 1201 3690; x_wconf 92' lang='lat' dir='ltr'><strong>nou</strong></span> <span class='ocrx_word' id='word_1_487' title='bbox 1218 3649 1337 3707; x_wconf 89' lang='lat' dir='ltr'><strong>parvum</strong></span> <span class='ocrx_word' id='word_1_488' title='bbox 1359 3633 1534 3688; x_wconf 89' lang='lat' dir='ltr'><strong>miraculum</strong></span> <span class='ocrx_word' id='word_1_489' title='bbox 1551 3632 1662 3688; x_wconf 72' lang='lat' dir='ltr'><strong>caeteris</strong></span> <span class='ocrx_word' id='word_1_490' title='bbox 1687 3631 1777 3688; x_wconf 90' lang='lat' dir='ltr'><strong>simul</strong></span> 
     </span>
     <span class='ocr_line' id='line_1_53' title="bbox 78 3721 1778 3803; baseline -0.005 -19"><span class='ocrx_word' id='word_1_491' title='bbox 78 3724 823 3803; x_wconf 84' lang='lat' dir='ltr'><strong>pturissanetisprolatasuntaliquiddiffideres‚aut</strong></span> <span class='ocrx_word' id='word_1_492' title='bbox 832 3725 902 3796; x_wconf 89' lang='lat' dir='ltr'><strong>quia</strong></span> <span class='ocrx_word' id='word_1_493' title='bbox 955 3726 1136 3785; x_wconf 91' lang='lat' dir='ltr'><strong>discentibus</strong></span> <span class='ocrx_word' id='word_1_494' title='bbox 1143 3724 1304 3780; x_wconf 82' lang='lat' dir='ltr'><strong>exhiberes.</strong></span> <span class='ocrx_word' id='word_1_495' title='bbox 1317 3722 1459 3786; x_wconf 85' lang='lat' dir='ltr'><strong>Quoniam</strong></span> <span class='ocrx_word' id='word_1_496' title='bbox 1469 3721 1662 3794; x_wconf 87' lang='lat' dir='ltr'><strong>igituradbuc</strong></span> <span class='ocrx_word' id='word_1_497' title='bbox 1673 3737 1778 3794; x_wconf 88' lang='lat' dir='ltr'><strong>parvu-</strong></span> 
     </span>
     <span class='ocr_line' id='line_1_54' title="bbox 77 3809 1778 3892; baseline -0.006 -17"><span class='ocrx_word' id='word_1_498' title='bbox 77 3817 201 3892; x_wconf 83' lang='lat' dir='ltr'><strong>exlegis</strong></span> <span class='ocrx_word' id='word_1_499' title='bbox 215 3816 331 3883; x_wconf 85' lang='lat' dir='ltr'><strong>umbra,</strong></span> <span class='ocrx_word' id='word_1_500' title='bbox 348 3831 400 3872; x_wconf 88' lang='lat' dir='ltr'><strong>seu</strong></span> <span class='ocrx_word' id='word_1_501' title='bbox 416 3814 486 3887; x_wconf 89' lang='lat' dir='ltr'><strong>quia</strong></span> <span class='ocrx_word' id='word_1_502' title='bbox 496 3830 531 3871; x_wconf 82' lang='lat' dir='ltr'><strong>ex</strong></span> <span class='ocrx_word' id='word_1_503' title='bbox 545 3815 627 3887; x_wconf 93' lang='lat' dir='ltr'><strong>puris</strong></span> <span class='ocrx_word' id='word_1_504' title='bbox 647 3814 817 3870; x_wconf 88' lang='lat' dir='ltr'><strong>bominibus</strong></span> <span class='ocrx_word' id='word_1_505' title='bbox 832 3817 902 3869; x_wconf 89' lang='lat' dir='ltr'><strong>sunt</strong></span> <span class='ocrx_word' id='word_1_506' title='bbox 956 3818 1014 3884; x_wconf 89' lang='lat' dir='ltr'><strong>lus,</strong></span> <span class='ocrx_word' id='word_1_507' title='bbox 1024 3816 1087 3872; x_wconf 90' lang='lat' dir='ltr'><strong>etin</strong></span> <span class='ocrx_word' id='word_1_508' title='bbox 1099 3813 1209 3870; x_wconf 86' lang='lat' dir='ltr'><strong>scholis</strong></span> <span class='ocrx_word' id='word_1_509' title='bbox 1222 3812 1462 3885; x_wconf 85' lang='lat' dir='ltr'><strong>positus,tantam</strong></span> <span class='ocrx_word' id='word_1_510' title='bbox 1471 3810 1529 3866; x_wconf 88' lang='lat' dir='ltr'><strong>Deo</strong></span> <span class='ocrx_word' id='word_1_511' title='bbox 1541 3809 1664 3881; x_wconf 76' lang='lat' dir='ltr'><strong>gratiam</strong></span> <span class='ocrx_word' id='word_1_512' title='bbox 1677 3816 1778 3882; x_wconf 90' lang='lat' dir='ltr'><strong>poten·</strong></span> 
     </span>
     <span class='ocr_line' id='line_1_55' title="bbox 79 3898 1779 3976; baseline -0.006 -13"><span class='ocrx_word' id='word_1_513' title='bbox 79 3907 177 3975; x_wconf 86' lang='lat' dir='ltr'><strong>dicta;</strong></span> <span class='ocrx_word' id='word_1_514' title='bbox 195 3905 299 3962; x_wconf 87' lang='lat' dir='ltr'><strong>saltem</strong></span> <span class='ocrx_word' id='word_1_515' title='bbox 319 3920 354 3961; x_wconf 88' lang='lat' dir='ltr'><strong>ea</strong></span> <span class='ocrx_word' id='word_1_516' title='bbox 381 3920 444 3976; x_wconf 79' lang='lat' dir='ltr'><strong>que</strong></span> <span class='ocrx_word' id='word_1_517' title='bbox 471 3904 550 3960; x_wconf 88' lang='lat' dir='ltr'><strong>dicta</strong></span> <span class='ocrx_word' id='word_1_518' title='bbox 570 3907 640 3959; x_wconf 91' lang='lat' dir='ltr'><strong>snut</strong></span> <span class='ocrx_word' id='word_1_519' title='bbox 654 3920 672 3959; x_wconf 89' lang='lat' dir='ltr'><strong>a</strong></span> <span class='ocrx_word' id='word_1_520' title='bbox 686 3902 809 3959; x_wconf 88' lang='lat' dir='ltr'><strong>Domino</strong></span> <span class='ocrx_word' id='word_1_521' title='bbox 831 3903 903 3958; x_wconf 85' lang='lat' dir='ltr'><strong>lesu</strong></span> <span class='ocrx_word' id='word_1_522' title='bbox 955 3906 1088 3976; x_wconf 87' lang='lat' dir='ltr'><strong>tiamque</strong></span> <span class='ocrx_word' id='word_1_523' title='bbox 1102 3907 1238 3974; x_wconf 82' lang='lat' dir='ltr'><strong>expertus</strong></span> <span class='ocrx_word' id='word_1_524' title='bbox 1254 3916 1296 3969; x_wconf 88' lang='lat' dir='ltr'><strong>es,</strong></span> <span class='ocrx_word' id='word_1_525' title='bbox 1312 3916 1364 3955; x_wconf 91' lang='lat' dir='ltr'><strong>our</strong></span> <span class='ocrx_word' id='word_1_526' title='bbox 1377 3901 1464 3955; x_wconf 90' lang='lat' dir='ltr'><strong>etiam</strong></span> <span class='ocrx_word' id='word_1_527' title='bbox 1481 3900 1577 3969; x_wconf 90' lang='lat' dir='ltr'><strong>modo,</strong></span> <span class='ocrx_word' id='word_1_528' title='bbox 1593 3915 1660 3954; x_wconf 92' lang='lat' dir='ltr'><strong>cum</strong></span> <span class='ocrx_word' id='word_1_529' title='bbox 1680 3898 1779 3954; x_wconf 89' lang='lat' dir='ltr'><strong>viriles</strong></span> 
     </span>
     <span class='ocr_line' id='line_1_56' title="bbox 77 3986 1779 4067; baseline -0.007 -13"><span class='ocrx_word' id='word_1_530' title='bbox 77 3997 206 4064; x_wconf 79' lang='lat' dir='ltr'><strong>Christo,</strong></span> <span class='ocrx_word' id='word_1_531' title='bbox 221 3994 272 4067; x_wconf 90' lang='lat' dir='ltr'><strong>qui</strong></span> <span class='ocrx_word' id='word_1_532' title='bbox 288 3994 367 4052; x_wconf 86' lang='lat' dir='ltr'><strong>Deus</strong></span> <span class='ocrx_word' id='word_1_533' title='bbox 381 3998 410 4050; x_wconf 89' lang='lat' dir='ltr'><strong>et</strong></span> <span class='ocrx_word' id='word_1_534' title='bbox 423 3993 510 4049; x_wconf 89' lang='lat' dir='ltr'><strong>homo</strong></span> <span class='ocrx_word' id='word_1_535' title='bbox 524 3998 579 4064; x_wconf 90' lang='lat' dir='ltr'><strong>est,</strong></span> <span class='ocrx_word' id='word_1_536' title='bbox 594 3992 717 4048; x_wconf 83' lang='lat' dir='ltr'><strong>firmiter</strong></span> <span class='ocrx_word' id='word_1_537' title='bbox 728 3993 844 4048; x_wconf 90' lang='lat' dir='ltr'><strong>credere</strong></span> <span class='ocrx_word' id='word_1_538' title='bbox 854 3991 903 4047; x_wconf 90' lang='lat' dir='ltr'><strong>de·</strong></span> <span class='ocrx_word' id='word_1_539' title='bbox 958 4010 1051 4051; x_wconf 90' lang='lat' dir='ltr'><strong>annos</strong></span> <span class='ocrx_word' id='word_1_540' title='bbox 1062 3989 1396 4056; x_wconf 87' lang='lat' dir='ltr'><strong>retinerevidearis,cum</strong></span> <span class='ocrx_word' id='word_1_541' title='bbox 1408 3986 1779 4061; x_wconf 83' lang='lat' dir='ltr'><strong>perdonasoieutiaplura.</strong></span> 
     </span>
     <span class='ocr_line' id='line_1_57' title="bbox 78 4075 1781 4154; baseline -0.007 -12"><span class='ocrx_word' id='word_1_542' title='bbox 78 4086 207 4143; x_wconf 85' lang='lat' dir='ltr'><strong>buisses.</strong></span> <span class='ocrx_word' id='word_1_543' title='bbox 217 4084 294 4140; x_wconf 81' lang='lat' dir='ltr'><strong>llicit</strong></span> <span class='ocrx_word' id='word_1_544' title='bbox 305 4084 395 4154; x_wconf 92' lang='lat' dir='ltr'><strong>enim,</strong></span> <span class='ocrx_word' id='word_1_545' title='bbox 411 4082 545 4139; x_wconf 81' lang='lat' dir='ltr'><strong>Matthaec</strong></span> <span class='ocrx_word' id='word_1_546' title='bbox 560 4081 737 4154; x_wconf 87' lang='lat' dir='ltr'><strong>evangelista</strong></span> <span class='ocrx_word' id='word_1_547' title='bbox 748 4084 902 4137; x_wconf 88' lang='lat' dir='ltr'><strong>narrante:</strong></span> <span class='ocrx_word' id='word_1_548' title='bbox 959 4099 1011 4139; x_wconf 92' lang='lat' dir='ltr'><strong>nec</strong></span> <span class='ocrx_word' id='word_1_549' title='bbox 1026 4099 1084 4138; x_wconf 90' lang='lat' dir='ltr'><strong>nun</strong></span> <span class='ocrx_word' id='word_1_550' title='bbox 1096 4096 1148 4153; x_wconf 91' lang='lat' dir='ltr'><strong>per</strong></span> <span class='ocrx_word' id='word_1_551' title='bbox 1157 4079 1354 4151; x_wconf 82' lang='lat' dir='ltr'><strong>experimenta</strong></span> <span class='ocrx_word' id='word_1_552' title='bbox 1365 4076 1457 4133; x_wconf 89' lang='lat' dir='ltr'><strong>multa</strong></span> <span class='ocrx_word' id='word_1_553' title='bbox 1466 4077 1583 4149; x_wconf 90' lang='lat' dir='ltr'><strong>pietatis</strong></span> <span class='ocrx_word' id='word_1_554' title='bbox 1593 4076 1695 4131; x_wconf 76' lang='lat' dir='ltr'><strong>divinas</strong></span> <span class='ocrx_word' id='word_1_555' title='bbox 1704 4075 1781 4131; x_wconf 90' lang='lat' dir='ltr'><strong>noti·</strong></span> 
     </span>
     <span class='ocr_line' id='line_1_58' title="bbox 79 4163 1782 4245; baseline -0.008 -13"><span class='ocrx_word' id='word_1_556' title='bbox 79 4175 142 4232; x_wconf 76' lang='lat' dir='ltr'><strong>lton</strong></span> <span class='ocrx_word' id='word_1_557' title='bbox 154 4175 217 4230; x_wconf 81' lang='lat' dir='ltr'><strong>ueni</strong></span> <span class='ocrx_word' id='word_1_558' title='bbox 230 4188 327 4230; x_wconf 85' lang='lat' dir='ltr'><strong>uocare</strong></span> <span class='ocrx_word' id='word_1_559' title='bbox 341 4170 499 4245; x_wconf 65' lang='lat' dir='ltr'><strong>incarceret</strong></span> <span class='ocrx_word' id='word_1_560' title='bbox 519 4178 683 4242; x_wconf 78' lang='lat' dir='ltr'><strong>peccatores.</strong></span> <span class='ocrx_word' id='word_1_561' title='bbox 709 4172 779 4226; x_wconf 90' lang='lat' dir='ltr'><strong>Item</strong></span> <span class='ocrx_word' id='word_1_562' title='bbox 790 4171 904 4234; x_wconf 85' lang='lat' dir='ltr'><strong>eodem,</strong></span> <span class='ocrx_word' id='word_1_563' title='bbox 958 4172 1000 4228; x_wconf 87' lang='lat' dir='ltr'><strong>tia</strong></span> <span class='ocrx_word' id='word_1_564' title='bbox 1014 4169 1144 4244; x_wconf 89' lang='lat' dir='ltr'><strong>potiaris,</strong></span> <span class='ocrx_word' id='word_1_565' title='bbox 1162 4166 1318 4223; x_wconf 88' lang='lat' dir='ltr'><strong>dissimilia</strong></span> <span class='ocrx_word' id='word_1_566' title='bbox 1332 4166 1367 4221; x_wconf 91' lang='lat' dir='ltr'><strong>de</strong></span> <span class='ocrx_word' id='word_1_567' title='bbox 1377 4166 1434 4223; x_wconf 87' lang='lat' dir='ltr'><strong>Deo</strong></span> <span class='ocrx_word' id='word_1_568' title='bbox 1445 4165 1565 4221; x_wconf 80' lang='lat' dir='ltr'><strong>credis?</strong></span> <span class='ocrx_word' id='word_1_569' title='bbox 1581 4163 1712 4237; x_wconf 85' lang='lat' dir='ltr'><strong>Oqualls</strong></span> <span class='ocrx_word' id='word_1_570' title='bbox 1725 4166 1782 4235; x_wconf 85' lang='lat' dir='ltr'><strong>vir,</strong></span> 
     </span>
     <span class='ocr_line' id='line_1_59' title="bbox 81 4252 1782 4333; baseline -0.007 -12"><span class='ocrx_word' id='word_1_571' title='bbox 81 4267 238 4321; x_wconf 80' lang='lat' dir='ltr'><strong>narrante:</strong></span> <span class='ocrx_word' id='word_1_572' title='bbox 256 4263 361 4331; x_wconf 77' lang='lat' dir='ltr'><strong>Venite,</strong></span> <span class='ocrx_word' id='word_1_573' title='bbox 376 4260 483 4332; x_wconf 89' lang='lat' dir='ltr'><strong>inquit,</strong></span> <span class='ocrx_word' id='word_1_574' title='bbox 499 4260 537 4316; x_wconf 85' lang='lat' dir='ltr'><strong>od</strong></span> <span class='ocrx_word' id='word_1_575' title='bbox 551 4276 695 4317; x_wconf 73' lang='lat' dir='ltr'><strong>momcee</strong></span> <span class='ocrx_word' id='word_1_576' title='bbox 709 4261 755 4332; x_wconf 80' lang='lat' dir='ltr'><strong>qai</strong></span> <span class='ocrx_word' id='word_1_577' title='bbox 767 4258 906 4315; x_wconf 82' lang='lat' dir='ltr'><strong>laboraris</strong></span> <span class='ocrx_word' id='word_1_578' title='bbox 960 4261 1009 4333; x_wconf 88' lang='lat' dir='ltr'><strong>qui</strong></span> <span class='ocrx_word' id='word_1_579' title='bbox 1024 4256 1243 4331; x_wconf 87' lang='lat' dir='ltr'><strong>aliquantulum</strong></span> <span class='ocrx_word' id='word_1_580' title='bbox 1260 4255 1415 4329; x_wconf 88' lang='lat' dir='ltr'><strong>proficiens</strong></span> <span class='ocrx_word' id='word_1_581' title='bbox 1430 4255 1460 4310; x_wconf 93' lang='lat' dir='ltr'><strong>in</strong></span> <span class='ocrx_word' id='word_1_582' title='bbox 1476 4253 1590 4326; x_wconf 85' lang='lat' dir='ltr'><strong>puerili,</strong></span> <span class='ocrx_word' id='word_1_583' title='bbox 1602 4253 1639 4309; x_wconf 88' lang='lat' dir='ltr'><strong>ad</strong></span> <span class='ocrx_word' id='word_1_584' title='bbox 1655 4252 1782 4309; x_wconf 88' lang='lat' dir='ltr'><strong>nibilum</strong></span> 
     </span>
     <span class='ocr_line' id='line_1_60' title="bbox 83 4342 1782 4422; baseline -0.008 -11"><span class='ocrx_word' id='word_1_585' title='bbox 83 4361 111 4411; x_wconf 82' lang='lat' dir='ltr'><strong>et</strong></span> <span class='ocrx_word' id='word_1_586' title='bbox 126 4354 229 4409; x_wconf 77' lang='lat' dir='ltr'><strong>mereti</strong></span> <span class='ocrx_word' id='word_1_587' title='bbox 240 4352 312 4420; x_wconf 69' lang='lat' dir='ltr'><strong>mia,</strong></span> <span class='ocrx_word' id='word_1_588' title='bbox 328 4359 354 4407; x_wconf 80' lang='lat' dir='ltr'><strong>et</strong></span> <span class='ocrx_word' id='word_1_589' title='bbox 369 4365 471 4422; x_wconf 72' lang='lat' dir='ltr'><strong>ccccm</strong></span> <span class='ocrx_word' id='word_1_590' title='bbox 485 4350 618 4420; x_wconf 72' lang='lat' dir='ltr'><strong>reficiam.</strong></span> <span class='ocrx_word' id='word_1_591' title='bbox 635 4348 801 4405; x_wconf 86' lang='lat' dir='ltr'><strong>Lucaenim</strong></span> <span class='ocrx_word' id='word_1_592' title='bbox 814 4347 907 4420; x_wconf 92' lang='lat' dir='ltr'><strong>perhi-</strong></span> <span class='ocrx_word' id='word_1_593' title='bbox 959 4349 1054 4405; x_wconf 88' lang='lat' dir='ltr'><strong>tendit</strong></span> <span class='ocrx_word' id='word_1_594' title='bbox 1068 4347 1193 4420; x_wconf 91' lang='lat' dir='ltr'><strong>fungens</strong></span> <span class='ocrx_word' id='word_1_595' title='bbox 1208 4349 1290 4400; x_wconf 76' lang='lat' dir='ltr'><strong>etate</strong></span> <span class='ocrx_word' id='word_1_596' title='bbox 1305 4343 1397 4399; x_wconf 89' lang='lat' dir='ltr'><strong>virilil</strong></span> <span class='ocrx_word' id='word_1_597' title='bbox 1416 4359 1481 4398; x_wconf 89' lang='lat' dir='ltr'><strong>aum</strong></span> <span class='ocrx_word' id='word_1_598' title='bbox 1494 4342 1698 4415; x_wconf 83' lang='lat' dir='ltr'><strong>congruentior</strong></span> <span class='ocrx_word' id='word_1_599' title='bbox 1711 4342 1782 4398; x_wconf 89' lang='lat' dir='ltr'><strong>ordo</strong></span> 
     </span>
     <span class='ocr_line' id='line_1_61' title="bbox 81 4431 1782 4513; baseline -0.01 -12"><span class='ocrx_word' id='word_1_600' title='bbox 81 4443 183 4509; x_wconf 84' lang='lat' dir='ltr'><strong>beuta,</strong></span> <span class='ocrx_word' id='word_1_601' title='bbox 194 4439 432 4513; x_wconf 86' lang='lat' dir='ltr'><strong>discipulossuos</strong></span> <span class='ocrx_word' id='word_1_602' title='bbox 443 4455 495 4512; x_wconf 93' lang='lat' dir='ltr'><strong>pro</strong></span> <span class='ocrx_word' id='word_1_603' title='bbox 517 4438 642 4509; x_wconf 88' lang='lat' dir='ltr'><strong>quadam</strong></span> <span class='ocrx_word' id='word_1_604' title='bbox 653 4437 765 4494; x_wconf 87' lang='lat' dir='ltr'><strong>ratione</strong></span> <span class='ocrx_word' id='word_1_605' title='bbox 775 4437 907 4509; x_wconf 90' lang='lat' dir='ltr'><strong>increpat</strong></span> <span class='ocrx_word' id='word_1_606' title='bbox 961 4436 1082 4493; x_wconf 87' lang='lat' dir='ltr'><strong>humani</strong></span> <span class='ocrx_word' id='word_1_607' title='bbox 1098 4436 1245 4508; x_wconf 88' lang='lat' dir='ltr'><strong>profectus</strong></span> <span class='ocrx_word' id='word_1_608' title='bbox 1256 4432 1294 4489; x_wconf 89' lang='lat' dir='ltr'><strong>sit</strong></span> <span class='ocrx_word' id='word_1_609' title='bbox 1308 4433 1343 4488; x_wconf 91' lang='lat' dir='ltr'><strong>de</strong></span> <span class='ocrx_word' id='word_1_610' title='bbox 1358 4431 1462 4504; x_wconf 89' lang='lat' dir='ltr'><strong>puerili</strong></span> <span class='ocrx_word' id='word_1_611' title='bbox 1477 4431 1507 4487; x_wconf 88' lang='lat' dir='ltr'><strong>in</strong></span> <span class='ocrx_word' id='word_1_612' title='bbox 1522 4431 1634 4487; x_wconf 91' lang='lat' dir='ltr'><strong>virilem</strong></span> <span class='ocrx_word' id='word_1_613' title='bbox 1650 4431 1782 4486; x_wconf 90' lang='lat' dir='ltr'><strong>animum</strong></span> 
     </span>
     <span class='ocr_line' id='line_1_62' title="bbox 82 4517 1784 4615; baseline -0.011 -26"><span class='ocrx_word' id='word_1_614' title='bbox 82 4532 204 4590; x_wconf 82' lang='lat' dir='ltr'><strong>disens:</strong></span> <span class='ocrx_word' id='word_1_615' title='bbox 219 4530 336 4586; x_wconf 81' lang='lat' dir='ltr'><strong>Nescitis</strong></span> <span class='ocrx_word' id='word_1_616' title='bbox 351 4530 429 4600; x_wconf 79' lang='lat' dir='ltr'><strong>cujus</strong></span> <span class='ocrx_word' id='word_1_617' title='bbox 454 4529 568 4600; x_wconf 78' lang='lat' dir='ltr'><strong>spiritus</strong></span> <span class='ocrx_word' id='word_1_618' title='bbox 583 4528 656 4583; x_wconf 79' lang='lat' dir='ltr'><strong>estis.</strong></span> <span class='ocrx_word' id='word_1_619' title='bbox 671 4527 759 4582; x_wconf 83' lang='lat' dir='ltr'><strong>Filius</strong></span> <span class='ocrx_word' id='word_1_620' title='bbox 787 4525 946 4615; x_wconf 75' lang='lat' dir='ltr'><strong>bominisD</strong></span> <span class='ocrx_word' id='word_1_621' title='bbox 963 4526 1113 4600; x_wconf 84' lang='lat' dir='ltr'><strong>proficere,</strong></span> <span class='ocrx_word' id='word_1_622' title='bbox 1130 4524 1166 4578; x_wconf 90' lang='lat' dir='ltr'><strong>dc</strong></span> <span class='ocrx_word' id='word_1_623' title='bbox 1180 4522 1295 4596; x_wconf 88' lang='lat' dir='ltr'><strong>magnis</strong></span> <span class='ocrx_word' id='word_1_624' title='bbox 1311 4522 1346 4576; x_wconf 89' lang='lat' dir='ltr'><strong>ad</strong></span> <span class='ocrx_word' id='word_1_625' title='bbox 1358 4523 1470 4592; x_wconf 90' lang='lat' dir='ltr'><strong>majora</strong></span> <span class='ocrx_word' id='word_1_626' title='bbox 1484 4519 1689 4586; x_wconf 88' lang='lat' dir='ltr'><strong>conscendere,</strong></span> <span class='ocrx_word' id='word_1_627' title='bbox 1705 4517 1784 4572; x_wconf 89' lang='lat' dir='ltr'><strong>sicut</strong></span> 
     </span>
     <span class='ocr_line' id='line_1_63' title="bbox 80 4607 1786 4690; baseline -0.012 -11"><span class='ocrx_word' id='word_1_628' title='bbox 80 4638 141 4679; x_wconf 71' lang='lat' dir='ltr'><strong>non</strong></span> <span class='ocrx_word' id='word_1_629' title='bbox 152 4622 229 4676; x_wconf 83' lang='lat' dir='ltr'><strong>verrit</strong></span> <span class='ocrx_word' id='word_1_630' title='bbox 238 4620 356 4676; x_wconf 77' lang='lat' dir='ltr'><strong>caimos</strong></span> <span class='ocrx_word' id='word_1_631' title='bbox 364 4616 486 4690; x_wconf 83' lang='lat' dir='ltr'><strong>perdere,</strong></span> <span class='ocrx_word' id='word_1_632' title='bbox 498 4616 547 4672; x_wconf 79' lang='lat' dir='ltr'><strong>sed</strong></span> <span class='ocrx_word' id='word_1_633' title='bbox 556 4617 671 4672; x_wconf 82' lang='lat' dir='ltr'><strong>sotvare.</strong></span> <span class='ocrx_word' id='word_1_634' title='bbox 684 4617 755 4671; x_wconf 87' lang='lat' dir='ltr'><strong>Item</strong></span> <span class='ocrx_word' id='word_1_635' title='bbox 768 4630 819 4688; x_wconf 92' lang='lat' dir='ltr'><strong>per</strong></span> <span class='ocrx_word' id='word_1_636' title='bbox 828 4630 907 4670; x_wconf 91' lang='lat' dir='ltr'><strong>eum·</strong></span> <span class='ocrx_word' id='word_1_637' title='bbox 962 4621 991 4672; x_wconf 89' lang='lat' dir='ltr'><strong>at</strong></span> <span class='ocrx_word' id='word_1_638' title='bbox 1003 4612 1161 4687; x_wconf 80' lang='lat' dir='ltr'><strong>Apostolus</strong></span> <span class='ocrx_word' id='word_1_639' title='bbox 1176 4610 1265 4667; x_wconf 83' lang='lat' dir='ltr'><strong>dicit:</strong></span> <span class='ocrx_word' id='word_1_640' title='bbox 1282 4610 1348 4666; x_wconf 81' lang='lat' dir='ltr'><strong>Cam</strong></span> <span class='ocrx_word' id='word_1_641' title='bbox 1362 4625 1446 4665; x_wconf 81' lang='lat' dir='ltr'><strong>essem</strong></span> <span class='ocrx_word' id='word_1_642' title='bbox 1458 4609 1602 4679; x_wconf 82' lang='lat' dir='ltr'><strong>pervetus,</strong></span> <span class='ocrx_word' id='word_1_643' title='bbox 1629 4607 1786 4674; x_wconf 74' lang='lat' dir='ltr'><strong>cogitabam</strong></span> 
     </span>
     <span class='ocr_line' id='line_1_64' title="bbox 82 4694 1786 4782; baseline -0.012 -14"><span class='ocrx_word' id='word_1_644' title='bbox 82 4712 152 4768; x_wconf 87' lang='lat' dir='ltr'><strong>dem</strong></span> <span class='ocrx_word' id='word_1_645' title='bbox 167 4707 378 4782; x_wconf 78' lang='lat' dir='ltr'><strong>evangelistam</strong></span> <span class='ocrx_word' id='word_1_646' title='bbox 397 4707 456 4762; x_wconf 87' lang='lat' dir='ltr'><strong>ait:</strong></span> <span class='ocrx_word' id='word_1_647' title='bbox 472 4705 558 4778; x_wconf 74' lang='lat' dir='ltr'><strong>bojas</strong></span> <span class='ocrx_word' id='word_1_648' title='bbox 573 4704 707 4776; x_wconf 75' lang='lat' dir='ltr'><strong>paediam</strong></span> <span class='ocrx_word' id='word_1_649' title='bbox 721 4706 775 4760; x_wconf 83' lang='lat' dir='ltr'><strong>erit</strong></span> <span class='ocrx_word' id='word_1_650' title='bbox 799 4706 830 4759; x_wconf 82' lang='lat' dir='ltr'><strong>ta</strong></span> <span class='ocrx_word' id='word_1_651' title='bbox 843 4705 908 4760; x_wconf 84' lang='lat' dir='ltr'><strong>aeto</strong></span> <span class='ocrx_word' id='word_1_652' title='bbox 963 4713 993 4761; x_wconf 85' lang='lat' dir='ltr'><strong>ot</strong></span> <span class='ocrx_word' id='word_1_653' title='bbox 1005 4702 1147 4776; x_wconf 82' lang='lat' dir='ltr'><strong>porrulos,</strong></span> <span class='ocrx_word' id='word_1_654' title='bbox 1162 4701 1303 4772; x_wconf 80' lang='lat' dir='ltr'><strong>sapiebam</strong></span> <span class='ocrx_word' id='word_1_655' title='bbox 1327 4702 1357 4752; x_wconf 87' lang='lat' dir='ltr'><strong>ot</strong></span> <span class='ocrx_word' id='word_1_656' title='bbox 1380 4698 1533 4768; x_wconf 74' lang='lat' dir='ltr'><strong>paruolus:</strong></span> <span class='ocrx_word' id='word_1_657' title='bbox 1561 4694 1668 4768; x_wconf 80' lang='lat' dir='ltr'><strong>qrrcadc</strong></span> <span class='ocrx_word' id='word_1_658' title='bbox 1691 4702 1786 4748; x_wconf 82' lang='lat' dir='ltr'><strong>cotem</strong></span> 
     </span>
     <span class='ocr_line' id='line_1_65' title="bbox 82 4783 1787 4874; baseline -0.012 -17"><span class='ocrx_word' id='word_1_659' title='bbox 82 4814 232 4874; x_wconf 70' lang='lat' dir='ltr'><strong>supernae</strong></span> <span class='ocrx_word' id='word_1_660' title='bbox 243 4801 385 4871; x_wconf 81' lang='lat' dir='ltr'><strong>peccatore</strong></span> <span class='ocrx_word' id='word_1_661' title='bbox 396 4796 589 4869; x_wconf 80' lang='lat' dir='ltr'><strong>penitentium</strong></span> <span class='ocrx_word' id='word_1_662' title='bbox 602 4798 708 4866; x_wconf 81' lang='lat' dir='ltr'><strong>operte,</strong></span> <span class='ocrx_word' id='word_1_663' title='bbox 724 4810 807 4866; x_wconf 79' lang='lat' dir='ltr'><strong>qaam</strong></span> <span class='ocrx_word' id='word_1_664' title='bbox 826 4809 909 4865; x_wconf 82' lang='lat' dir='ltr'><strong>saper</strong></span> <span class='ocrx_word' id='word_1_665' title='bbox 964 4794 1055 4868; x_wconf 74' lang='lat' dir='ltr'><strong>factas</strong></span> <span class='ocrx_word' id='word_1_666' title='bbox 1068 4808 1130 4847; x_wconf 78' lang='lat' dir='ltr'><strong>som</strong></span> <span class='ocrx_word' id='word_1_667' title='bbox 1146 4793 1198 4856; x_wconf 84' lang='lat' dir='ltr'><strong>vir,</strong></span> <span class='ocrx_word' id='word_1_668' title='bbox 1210 4789 1348 4844; x_wconf 83' lang='lat' dir='ltr'><strong>auocoaci</strong></span> <span class='ocrx_word' id='word_1_669' title='bbox 1356 4793 1505 4856; x_wconf 75' lang='lat' dir='ltr'><strong>quaerant</strong></span> <span class='ocrx_word' id='word_1_670' title='bbox 1518 4784 1638 4858; x_wconf 85' lang='lat' dir='ltr'><strong>percuti.</strong></span> <span class='ocrx_word' id='word_1_671' title='bbox 1661 4783 1787 4838; x_wconf 79' lang='lat' dir='ltr'><strong>Attouda</strong></span> 
     </span>
     <span class='ocr_line' id='line_1_66' title="bbox 85 4875 1786 4961; baseline -0.012 -14"><span class='ocrx_word' id='word_1_672' title='bbox 85 4888 249 4961; x_wconf 69' lang='lat' dir='ltr'><strong>mactra</strong></span> <span class='ocrx_word' id='word_1_673' title='bbox 261 4901 357 4943; x_wconf 83' lang='lat' dir='ltr'><strong>ocrem</strong></span> <span class='ocrx_word' id='word_1_674' title='bbox 366 4886 507 4958; x_wconf 77' lang='lat' dir='ltr'><strong>justisqet</strong></span> <span class='ocrx_word' id='word_1_675' title='bbox 522 4901 579 4942; x_wconf 84' lang='lat' dir='ltr'><strong>noo</strong></span> <span class='ocrx_word' id='word_1_676' title='bbox 593 4883 718 4953; x_wconf 78' lang='lat' dir='ltr'><strong>indtpent</strong></span> <span class='ocrx_word' id='word_1_677' title='bbox 735 4884 908 4954; x_wconf 70' lang='lat' dir='ltr'><strong>paenitentia.</strong></span> <span class='ocrx_word' id='word_1_678' title='bbox 966 4899 1034 4955; x_wconf 88' lang='lat' dir='ltr'><strong>ergo</strong></span> <span class='ocrx_word' id='word_1_679' title='bbox 1055 4886 1164 4953; x_wconf 88' lang='lat' dir='ltr'><strong>quanta</strong></span> <span class='ocrx_word' id='word_1_680' title='bbox 1188 4876 1304 4950; x_wconf 89' lang='lat' dir='ltr'><strong>pietatis</strong></span> <span class='ocrx_word' id='word_1_681' title='bbox 1330 4875 1432 4930; x_wconf 77' lang='lat' dir='ltr'><strong>divine</strong></span> <span class='ocrx_word' id='word_1_682' title='bbox 1457 4875 1656 4947; x_wconf 89' lang='lat' dir='ltr'><strong>experimenta</strong></span> <span class='ocrx_word' id='word_1_683' title='bbox 1676 4877 1786 4939; x_wconf 85' lang='lat' dir='ltr'><strong>teneas,</strong></span> 
     </span>
     <span class='ocr_line' id='line_1_67' title="bbox 86 4961 1789 5051; baseline -0.01 -18"><span class='ocrx_word' id='word_1_684' title='bbox 86 4976 197 5051; x_wconf 77' lang='lat' dir='ltr'><strong>Joanne</strong></span> <span class='ocrx_word' id='word_1_685' title='bbox 215 4992 334 5049; x_wconf 85' lang='lat' dir='ltr'><strong>quaque</strong></span> <span class='ocrx_word' id='word_1_686' title='bbox 359 4973 529 5047; x_wconf 89' lang='lat' dir='ltr'><strong>perhibente</strong></span> <span class='ocrx_word' id='word_1_687' title='bbox 552 4973 625 5028; x_wconf 85' lang='lat' dir='ltr'><strong>dixit</strong></span> <span class='ocrx_word' id='word_1_688' title='bbox 646 4971 799 5043; x_wconf 89' lang='lat' dir='ltr'><strong>discipulis</strong></span> <span class='ocrx_word' id='word_1_689' title='bbox 829 4971 909 5026; x_wconf 91' lang='lat' dir='ltr'><strong>suis:</strong></span> <span class='ocrx_word' id='word_1_690' title='bbox 966 4976 994 5028; x_wconf 87' lang='lat' dir='ltr'><strong>et</strong></span> <span class='ocrx_word' id='word_1_691' title='bbox 1011 4987 1027 5026; x_wconf 91' lang='lat' dir='ltr'><strong>a</strong></span> <span class='ocrx_word' id='word_1_692' title='bbox 1043 4970 1109 5025; x_wconf 84' lang='lat' dir='ltr'><strong>fidei</strong></span> <span class='ocrx_word' id='word_1_693' title='bbox 1126 4967 1246 5040; x_wconf 89' lang='lat' dir='ltr'><strong>speique</strong></span> <span class='ocrx_word' id='word_1_694' title='bbox 1263 4966 1427 5021; x_wconf 87' lang='lat' dir='ltr'><strong>constantia</strong></span> <span class='ocrx_word' id='word_1_695' title='bbox 1442 4965 1564 5019; x_wconf 84' lang='lat' dir='ltr'><strong>deficere</strong></span> <span class='ocrx_word' id='word_1_696' title='bbox 1578 4962 1654 5030; x_wconf 89' lang='lat' dir='ltr'><strong>noli;</strong></span> <span class='ocrx_word' id='word_1_697' title='bbox 1679 4961 1728 5018; x_wconf 91' lang='lat' dir='ltr'><strong>sed</strong></span> <span class='ocrx_word' id='word_1_698' title='bbox 1746 4975 1789 5016; x_wconf 88' lang='lat' dir='ltr'><strong>re-</strong></span> 
     </span>
     <span class='ocr_line' id='line_1_68' title="bbox 87 5047 1790 5135; baseline -0.012 -11"><span class='ocrx_word' id='word_1_699' title='bbox 87 5063 706 5135; x_wconf 79' lang='lat' dir='ltr'><strong>dmen‚amendtocvcbta‚quioqnioertam</strong></span> <span class='ocrx_word' id='word_1_700' title='bbox 717 5060 910 5131; x_wconf 82' lang='lat' dir='ltr'><strong>meemoudtt,</strong></span> <span class='ocrx_word' id='word_1_701' title='bbox 965 5060 1082 5116; x_wconf 87' lang='lat' dir='ltr'><strong>cordare</strong></span> <span class='ocrx_word' id='word_1_702' title='bbox 1094 5057 1206 5129; x_wconf 86' lang='lat' dir='ltr'><strong>jugiter</strong></span> <span class='ocrx_word' id='word_1_703' title='bbox 1220 5054 1288 5126; x_wconf 91' lang='lat' dir='ltr'><strong>quia</strong></span> <span class='ocrx_word' id='word_1_704' title='bbox 1303 5054 1444 5125; x_wconf 88' lang='lat' dir='ltr'><strong>scriptum</strong></span> <span class='ocrx_word' id='word_1_705' title='bbox 1473 5057 1535 5108; x_wconf 90' lang='lat' dir='ltr'><strong>est:</strong></span> <span class='ocrx_word' id='word_1_706' title='bbox 1564 5053 1657 5107; x_wconf 81' lang='lat' dir='ltr'><strong>tostos</strong></span> <span class='ocrx_word' id='word_1_707' title='bbox 1681 5065 1716 5105; x_wconf 85' lang='lat' dir='ltr'><strong>ec</strong></span> <span class='ocrx_word' id='word_1_708' title='bbox 1736 5047 1790 5118; x_wconf 74' lang='lat' dir='ltr'><strong>fids</strong></span> 
     </span>
     <span class='ocr_line' id='line_1_69' title="bbox 85 5133 1789 5224; baseline -0.015 -10"><span class='ocrx_word' id='word_1_709' title='bbox 85 5160 112 5214; x_wconf 84' lang='lat' dir='ltr'><strong>et</strong></span> <span class='ocrx_word' id='word_1_710' title='bbox 124 5155 212 5213; x_wconf 83' lang='lat' dir='ltr'><strong>credit</strong></span> <span class='ocrx_word' id='word_1_711' title='bbox 225 5156 253 5210; x_wconf 85' lang='lat' dir='ltr'><strong>et</strong></span> <span class='ocrx_word' id='word_1_712' title='bbox 267 5154 316 5224; x_wconf 81' lang='lat' dir='ltr'><strong>qut</strong></span> <span class='ocrx_word' id='word_1_713' title='bbox 329 5153 408 5209; x_wconf 75' lang='lat' dir='ltr'><strong>miset</strong></span> <span class='ocrx_word' id='word_1_714' title='bbox 421 5162 473 5220; x_wconf 74' lang='lat' dir='ltr'><strong>me,</strong></span> <span class='ocrx_word' id='word_1_715' title='bbox 490 5151 568 5207; x_wconf 82' lang='lat' dir='ltr'><strong>tabet</strong></span> <span class='ocrx_word' id='word_1_716' title='bbox 582 5152 667 5206; x_wconf 85' lang='lat' dir='ltr'><strong>vitem</strong></span> <span class='ocrx_word' id='word_1_717' title='bbox 680 5159 825 5216; x_wconf 76' lang='lat' dir='ltr'><strong>aeternam,</strong></span> <span class='ocrx_word' id='word_1_718' title='bbox 840 5154 866 5204; x_wconf 88' lang='lat' dir='ltr'><strong>et</strong></span> <span class='ocrx_word' id='word_1_719' title='bbox 881 5151 912 5205; x_wconf 82' lang='lat' dir='ltr'><strong>in</strong></span> <span class='ocrx_word' id='word_1_720' title='bbox 967 5151 1044 5205; x_wconf 81' lang='lat' dir='ltr'><strong>uiuit.</strong></span> <span class='ocrx_word' id='word_1_721' title='bbox 1058 5148 1109 5202; x_wconf 82' lang='lat' dir='ltr'><strong>Et:</strong></span> <span class='ocrx_word' id='word_1_722' title='bbox 1126 5144 1226 5200; x_wconf 80' lang='lat' dir='ltr'><strong>Omnia</strong></span> <span class='ocrx_word' id='word_1_723' title='bbox 1237 5143 1383 5215; x_wconf 82' lang='lat' dir='ltr'><strong>possibilia</strong></span> <span class='ocrx_word' id='word_1_724' title='bbox 1394 5149 1458 5196; x_wconf 76' lang='lat' dir='ltr'><strong>serit</strong></span> <span class='ocrx_word' id='word_1_725' title='bbox 1472 5140 1603 5195; x_wconf 82' lang='lat' dir='ltr'><strong>credenti.</strong></span> <span class='ocrx_word' id='word_1_726' title='bbox 1621 5137 1676 5194; x_wconf 87' lang='lat' dir='ltr'><strong>Sed</strong></span> <span class='ocrx_word' id='word_1_727' title='bbox 1701 5141 1729 5192; x_wconf 92' lang='lat' dir='ltr'><strong>et</strong></span> <span class='ocrx_word' id='word_1_728' title='bbox 1752 5133 1789 5189; x_wconf 89' lang='lat' dir='ltr'><strong>il-</strong></span> 
     </span>
     <span class='ocr_line' id='line_1_70' title="bbox 82 5225 1788 5320; baseline -0.013 -18"><span class='ocrx_word' id='word_1_729' title='bbox 82 5245 223 5320; x_wconf 65' lang='lat' dir='ltr'><strong>p&#39;odtcr&#39;um</strong></span> <span class='ocrx_word' id='word_1_730' title='bbox 237 5258 330 5299; x_wconf 79' lang='lat' dir='ltr'><strong>meam</strong></span> <span class='ocrx_word' id='word_1_731' title='bbox 343 5257 396 5298; x_wconf 84' lang='lat' dir='ltr'><strong>non</strong></span> <span class='ocrx_word' id='word_1_732' title='bbox 411 5242 494 5309; x_wconf 84' lang='lat' dir='ltr'><strong>venit,</strong></span> <span class='ocrx_word' id='word_1_733' title='bbox 510 5240 560 5296; x_wconf 80' lang='lat' dir='ltr'><strong>red</strong></span> <span class='ocrx_word' id='word_1_734' title='bbox 573 5242 675 5296; x_wconf 82' lang='lat' dir='ltr'><strong>transit</strong></span> <span class='ocrx_word' id='word_1_735' title='bbox 689 5257 706 5295; x_wconf 90' lang='lat' dir='ltr'><strong>a</strong></span> <span class='ocrx_word' id='word_1_736' title='bbox 733 5240 857 5295; x_wconf 83' lang='lat' dir='ltr'><strong>mortain</strong></span> <span class='ocrx_word' id='word_1_737' title='bbox 873 5240 913 5294; x_wconf 86' lang='lat' dir='ltr'><strong>ct·</strong></span> <span class='ocrx_word' id='word_1_738' title='bbox 965 5238 1017 5293; x_wconf 91' lang='lat' dir='ltr'><strong>lud</strong></span> <span class='ocrx_word' id='word_1_739' title='bbox 1032 5235 1110 5308; x_wconf 93' lang='lat' dir='ltr'><strong>quod</strong></span> <span class='ocrx_word' id='word_1_740' title='bbox 1126 5236 1227 5289; x_wconf 91' lang='lat' dir='ltr'><strong>beatus</strong></span> <span class='ocrx_word' id='word_1_741' title='bbox 1238 5236 1341 5288; x_wconf 85' lang='lat' dir='ltr'><strong>Petrus</strong></span> <span class='ocrx_word' id='word_1_742' title='bbox 1354 5228 1505 5302; x_wconf 90' lang='lat' dir='ltr'><strong>apostolus</strong></span> <span class='ocrx_word' id='word_1_743' title='bbox 1521 5225 1788 5283; x_wconf 84' lang='lat' dir='ltr'><strong>admonetdicene:</strong></span> 
     </span>
     <span class='ocr_line' id='line_1_71' title="bbox 86 5312 1790 5394; baseline -0.015 0"><span class='ocrx_word' id='word_1_744' title='bbox 86 5344 154 5394; x_wconf 75' lang='grc'><strong>111111.</strong></span> <span class='ocrx_word' id='word_1_745' title='bbox 965 5326 1059 5383; x_wconf 82' lang='lat' dir='ltr'><strong>Sobrii</strong></span> <span class='ocrx_word' id='word_1_746' title='bbox 1069 5331 1153 5378; x_wconf 83' lang='lat' dir='ltr'><strong>estote</strong></span> <span class='ocrx_word' id='word_1_747' title='bbox 1169 5321 1326 5394; x_wconf 66' lang='lat' dir='ltr'><strong>strigilem,</strong></span> <span class='ocrx_word' id='word_1_748' title='bbox 1343 5312 1790 5389; x_wconf 80' lang='lat' dir='ltr'><strong>quiaadversarioscesterdiulro·</strong></span> 
     </span>
     <span class='ocr_line' id='line_1_72' title="bbox 124 5401 1790 5496; baseline -0.014 -16"><span class='ocrx_word' id='word_1_749' title='bbox 124 5424 200 5491; x_wconf 79' lang='lat' dir='ltr'><strong>Quia</strong></span> <span class='ocrx_word' id='word_1_750' title='bbox 213 5422 305 5496; x_wconf 91' lang='lat' dir='ltr'><strong>igitur</strong></span> <span class='ocrx_word' id='word_1_751' title='bbox 319 5419 373 5478; x_wconf 90' lang='lat' dir='ltr'><strong>tibi</strong></span> <span class='ocrx_word' id='word_1_752' title='bbox 382 5421 484 5477; x_wconf 87' lang='lat' dir='ltr'><strong>datum</strong></span> <span class='ocrx_word' id='word_1_753' title='bbox 495 5423 539 5476; x_wconf 90' lang='lat' dir='ltr'><strong>est</strong></span> <span class='ocrx_word' id='word_1_754' title='bbox 550 5435 635 5477; x_wconf 87' lang='lat' dir='ltr'><strong>nosse</strong></span> <span class='ocrx_word' id='word_1_755' title='bbox 644 5419 767 5492; x_wconf 91' lang='lat' dir='ltr'><strong>legendo</strong></span> <span class='ocrx_word' id='word_1_756' title='bbox 780 5424 809 5474; x_wconf 90' lang='lat' dir='ltr'><strong>et</strong></span> <span class='ocrx_word' id='word_1_757' title='bbox 823 5417 913 5473; x_wconf 88' lang='lat' dir='ltr'><strong>medi·</strong></span> <span class='ocrx_word' id='word_1_758' title='bbox 967 5416 1009 5471; x_wconf 80' lang='lat' dir='ltr'><strong>fus</strong></span> <span class='ocrx_word' id='word_1_759' title='bbox 1020 5422 1150 5485; x_wconf 72' lang='lat' dir='ltr'><strong>maguam</strong></span> <span class='ocrx_word' id='word_1_760' title='bbox 1158 5412 1200 5467; x_wconf 81' lang='lat' dir='ltr'><strong>teo</strong></span> <span class='ocrx_word' id='word_1_761' title='bbox 1209 5411 1324 5479; x_wconf 74' lang='lat' dir='ltr'><strong>rugiens</strong></span> <span class='ocrx_word' id='word_1_762' title='bbox 1333 5408 1431 5463; x_wconf 82' lang='lat' dir='ltr'><strong>circuit</strong></span> <span class='ocrx_word' id='word_1_763' title='bbox 1439 5420 1564 5477; x_wconf 74' lang='lat' dir='ltr'><strong>quarens</strong></span> <span class='ocrx_word' id='word_1_764' title='bbox 1576 5419 1655 5476; x_wconf 82' lang='lat' dir='ltr'><strong>quem</strong></span> <span class='ocrx_word' id='word_1_765' title='bbox 1673 5401 1790 5470; x_wconf 84' lang='lat' dir='ltr'><strong>deuoret,</strong></span> 
     </span>
     <span class='ocr_line' id='line_1_73' title="bbox 87 5488 1790 5583; baseline -0.017 -10"><span class='ocrx_word' id='word_1_766' title='bbox 87 5513 181 5573; x_wconf 73' lang='lat' dir='ltr'><strong>tundo</strong></span> <span class='ocrx_word' id='word_1_767' title='bbox 204 5510 376 5583; x_wconf 85' lang='lat' dir='ltr'><strong>hujusmodi</strong></span> <span class='ocrx_word' id='word_1_768' title='bbox 390 5510 632 5580; x_wconf 89' lang='lat' dir='ltr'><strong>documenta,cur</strong></span> <span class='ocrx_word' id='word_1_769' title='bbox 646 5523 744 5579; x_wconf 86' lang='lat' dir='ltr'><strong>quaeso</strong></span> <span class='ocrx_word' id='word_1_770' title='bbox 760 5523 818 5562; x_wconf 91' lang='lat' dir='ltr'><strong>non</strong></span> <span class='ocrx_word' id='word_1_771' title='bbox 832 5506 912 5562; x_wconf 87' lang='lat' dir='ltr'><strong>sulti·</strong></span> <span class='ocrx_word' id='word_1_772' title='bbox 967 5505 1012 5561; x_wconf 84' lang='lat' dir='ltr'><strong>coi</strong></span> <span class='ocrx_word' id='word_1_773' title='bbox 1022 5504 1139 5560; x_wconf 79' lang='lat' dir='ltr'><strong>resistite</strong></span> <span class='ocrx_word' id='word_1_774' title='bbox 1148 5500 1235 5575; x_wconf 70' lang='lat' dir='ltr'><strong>[ones</strong></span> <span class='ocrx_word' id='word_1_775' title='bbox 1245 5500 1273 5554; x_wconf 82' lang='lat' dir='ltr'><strong>in</strong></span> <span class='ocrx_word' id='word_1_776' title='bbox 1283 5497 1346 5568; x_wconf 76' lang='lat' dir='ltr'><strong>fide.</strong></span> <span class='ocrx_word' id='word_1_777' title='bbox 1358 5497 1452 5563; x_wconf 87' lang='lat' dir='ltr'><strong>Quare</strong></span> <span class='ocrx_word' id='word_1_778' title='bbox 1462 5497 1560 5551; x_wconf 88' lang='lat' dir='ltr'><strong>autem</strong></span> <span class='ocrx_word' id='word_1_779' title='bbox 1572 5488 1790 5547; x_wconf 87' lang='lat' dir='ltr'><strong>adhucdubitus</strong></span> 
     </span>
     <span class='ocr_line' id='line_1_74' title="bbox 82 5577 1791 5676; baseline -0.011 -13"><span class='ocrx_word' id='word_1_780' title='bbox 82 5604 186 5675; x_wconf 57' lang='lat' dir='ltr'><strong>aaut,</strong></span> <span class='ocrx_word' id='word_1_781' title='bbox 200 5599 253 5661; x_wconf 87' lang='lat' dir='ltr'><strong>tibi</strong></span> <span class='ocrx_word' id='word_1_782' title='bbox 266 5615 320 5676; x_wconf 89' lang='lat' dir='ltr'><strong>pro</strong></span> <span class='ocrx_word' id='word_1_783' title='bbox 334 5597 403 5658; x_wconf 87' lang='lat' dir='ltr'><strong>fidei</strong></span> <span class='ocrx_word' id='word_1_784' title='bbox 417 5601 447 5660; x_wconf 90' lang='lat' dir='ltr'><strong>et</strong></span> <span class='ocrx_word' id='word_1_785' title='bbox 464 5597 527 5674; x_wconf 91' lang='lat' dir='ltr'><strong>spei</strong></span> <span class='ocrx_word' id='word_1_786' title='bbox 546 5595 702 5657; x_wconf 80' lang='lat' dir='ltr'><strong>salutifere</strong></span> <span class='ocrx_word' id='word_1_787' title='bbox 726 5596 912 5658; x_wconf 66' lang='lat' dir='ltr'><strong>consenuit</strong></span> <span class='ocrx_word' id='word_1_788' title='bbox 967 5594 1003 5653; x_wconf 87' lang='lat' dir='ltr'><strong>de</strong></span> <span class='ocrx_word' id='word_1_789' title='bbox 1017 5588 1158 5651; x_wconf 85' lang='lat' dir='ltr'><strong>ineffabili</strong></span> <span class='ocrx_word' id='word_1_790' title='bbox 1173 5589 1225 5647; x_wconf 87' lang='lat' dir='ltr'><strong>Dei</strong></span> <span class='ocrx_word' id='word_1_791' title='bbox 1239 5585 1403 5657; x_wconf 85' lang='lat' dir='ltr'><strong>clementia,</strong></span> <span class='ocrx_word' id='word_1_792' title='bbox 1419 5588 1448 5643; x_wconf 89' lang='lat' dir='ltr'><strong>et</strong></span> <span class='ocrx_word' id='word_1_793' title='bbox 1462 5583 1497 5642; x_wconf 89' lang='lat' dir='ltr'><strong>de</strong></span> <span class='ocrx_word' id='word_1_794' title='bbox 1520 5580 1706 5660; x_wconf 82' lang='lat' dir='ltr'><strong>precavende</strong></span> <span class='ocrx_word' id='word_1_795' title='bbox 1728 5577 1791 5659; x_wconf 63' lang='lat' dir='ltr'><strong>die,</strong></span> 
     </span>
    </p>
   </div>
   <div class='ocr_carea' id='block_1_7' title="bbox 0 0 1981 6096">
    <p class='ocr_par' dir='ltr' id='par_1_8' title="bbox 0 0 1981 6096">
     <span class='ocr_line' id='line_1_75' title="bbox 0 0 1981 6096; baseline 0 0"><span class='ocrx_word' id='word_1_796' title='bbox 0 0 1981 6096; x_wconf 95' lang='lat' dir='ltr'><strong> </strong></span> 
     </span>
    </p>
   </div>
  </div>
 </body>
</html>
