3892 6096
136 266 195 329 ³03
638 265 811 329 O'l'HLONl
832 262 1008 330 MuNAcffl
1031 267 1064 326 S.
1086 261 1334 326 sumundum
1778 263 1842 325 304

174 398 216 454 Ad
234 400 359 455 mortam
373 397 563 469 properantes
578 396 673 471 magis
688 398 825 454 convenit
836 397 960 470 impedi·
974 395 1002 464 Α
1052 396 1158 452 Beatus
1173 396 1261 452 bomo
1287 393 1337 467 qui
1361 407 1477 466 semper
1490 395 1536 449 est
1556 391 1691 464 pavidus,
1705 393 1757 467 qui
1770 409 1840 452 sero

138 505 178 561 re,
195 504 284 561 quam
299 486 341 543 ais
356 486 528 542 consentire.
697 532 702 541 .
1016 485 1125 542 mentis
1140 488 1185 541 est
1199 485 1278 540 durae
1293 487 1408 540 corruet
1418 483 1448 539 in
1465 481 1588 547 malum.

172 577 217 633 Ad
233 579 357 633 mortem
372 579 517 648 properat,
531 575 581 648 qui
597 576 653 633 cito
669 577 704 633 de
720 592 869 650 quoquam
880 576 961 649 judi·
1050 573 1216 631 Benedictio
1231 573 1346 629 Domini
1362 589 1450 645 super
1464 572 1646 644 caputjusti.

137 670 194 734 cat,
211 668 240 722 et
254 665 284 720 in
301 681 359 737 quc
373 664 477 722 vitium
494 665 646 737 quodlibet
660 670 772 739 regnat.
1050 668 1125 721 Bene
1140 663 1290 734 consurgit
1304 661 1444 731 diluculo,
1460 661 1510 733 qui
1524 662 1602 718 bona
1616 662 1730 733 querit.

171 759 263 811 Amor
278 753 376 810 seculi
388 759 573 827 contemptus
588 759 634 811 est
649 755 710 811 Dei.
1051 753 1164 809 Bonum
1179 752 1310 821 ustuire,
1326 768 1393 808 eum
1415 750 1573 824 portaverit
1592 751 1699 824 jugum
1715 753 1751 809 eb
1767 754 1841 811 ado·

173 849 263 899 Amor
277 843 377 900 saculi
392 843 572 900 thesaurizat
587 845 685 901 morti.
1014 841 1155 898 lescentia
1169 858 1234 898 sua.

171 938 263 990 Amor
275 949 425 1006 perversus
440 949 473 990 ex
488 933 564 1004 odic,
578 933 677 989 odium
694 937 806 990 rectum
817 949 852 989 ex
862 946 960 988 amore
1049 932 1147 988 Bonus
1162 934 1207 987 est
1222 929 1365 986 Dominus
1388 929 1576 1002 sperantibus
1590 929 1620 987 in
1635 947 1715 1000 eum,
1730 932 1840 990 animas

136 1026 191 1080 est.
1014 1020 1154 1092 querenti
1172 1018 1268 1075 illum.

170 1111 297 1169 Alterius
311 1112 427 1169 virtutis
442 1128 496 1185 ope
510 1113 603 1168 virtus
619 1112 731 1185 indiget
744 1111 850 1168 omnis.
1049 1109 1146 1166 Brevis
1161 1109 1258 1166 omnis
1274 1107 1387 1164 malitia
1402 1124 1490 1181 super
1505 1106 1618 1165 malitie
1632 1108 1775 1169 mulieris.

170 1203 275 1258 Amare
289 1205 369 1258 recta
382 1219 439 1258 ncn
456 1203 576 1274 poteris,
589 1201 648 1258 nisi
661 1217 714 1274 pro
728 1200 843 1257 cbristo
859 1199 958 1256 bumi-
1049 1197 1155 1253 Beatus
1170 1197 1220 1269 qui
1235 1196 1323 1253 babet
1337 1199 1450 1270 partem
1461 1195 1491 1251 in
1502 1195 1715 1254 resurrectione
1730 1198 1837 1270 prima.

135 1291 227 1351 lieris.
1048 1284 1263 1358 Beatusuirqni
1275 1285 1378 1342 sullert
1390 1283 1594 1357 tentationem,
1610 1285 1838 1358 quoniam,cu1n

170 1382 216 1437 Ad
231 1379 428 1438 bumilitatem
444 1397 501 1436 ncn
514 1383 597 1453 potes
612 1379 771 1454 pervenire,
779 1377 837 1434 nisi
852 1393 959 1451 magna
1013 1375 1154 1449 probatus
1169 1374 1264 1446 luerit,
1276 1374 1399 1446 accipiet
1410 1390 1547 1430 coronam
1562 1374 1638 1431 vites.

137 1471 291 1543 utriusque
305 1470 435 1526 hominis
449 1469 631 1526 contritione.
1048 1465 1125 1521 Bene
1140 1463 1221 1536 loqui
1236 1467 1264 1519 et
1279 1463 1355 1519 male
1377 1463 1472 1520 vivere
1491 1462 1565 1519 nibil
1580 1471 1624 1521 est
1638 1464 1717 1521 aliud
1732 1465 1790 1523 nisi
1805 1483 1838 1523 se

170 1559 296 1619 Animus
309 1559 497 1616 dominorum
521 1575 556 1614 cx
580 1558 682 1615 habitu
695 1557 848 1629 judicatur
861 1571 958 1613 servu·
1012 1553 1111 1627 ipsum
1127 1554 1276 1609 damnare.

134 1665 212 1706 rum.
1033 1643 1161 1700 Bonum
1187 1641 1369 1699 intellectum
1384 1640 1482 1710 babet,
1499 1640 1549 1713 qui
1564 1642 1641 1715 quud
1657 1646 1735 1699 recta
1749 1642 1837 1701 intel·

170 1738 307 1811 Apertiue
322 1742 351 1794 et
365 1736 472 1794 melius
488 1752 539 1810 per
553 1752 640 1809 opera
650 1751 738 1808 quam
753 1751 805 1808 per
817 1733 996 1842 vcrbain·B
1012 1732 1078 1805 ligit
1093 1731 1170 1788 lacit.

137 1826 274 1884 sinuatur
284 1827 353 1884 vita.
1046 1821 1193 1878 Bonorum
1209 1837 1291 1878 mens
1307 1837 1367 1894 qun
1378 1819 1498 1876 duriora
1511 1836 1563 1892 pro
1577 1820 1700 1879 veritate
1717 1821 1834 1888 tolerat,

169 1914 307 1970 Amicum
322 1930 369 1970 res
384 1913 517 1970 secunde
531 1917 647 1986 parant,
660 1914 786 1970 adversae
802 1913 937 1986 probent.
1010 1927 1044 1967 ec
1059 1910 1167 1967 certius
1182 1909 1352 1966 eternitatis
1367 1909 1488 1982 premia
1502 1912 1610 1982 sperat.

170 2005 276 2060 Arcum
292 2002 384 2058 nimia
399 2001 509 2077 frangit
522 2001 658 2069 intensio,
675 2002 808 2059 animum
826 2017 895 2059 uero
909 2002 957 2057 in·
1045 1999 1224 2055 Beneficium
1239 2000 1289 2070 qui
1304 1999 1374 2054 dare
1389 1998 1492 2064 nescit,
1509 1997 1618 2069 injuste
1634 1999 1708 2071 petit

134 2108 263 2166 congrua
278 2091 342 2148 vite
358 2091 503 2148 remissio.
528 2125 534 2136 ·
1045 2086 1834 2161 Bibereetmanducarenulliconcessumestadgulam

154 2180 293 2238 ‘Ambitio
308 2180 417 2237 multos
431 2180 569 2237 mortales
584 2180 673 2238 lalscs
688 2181 751 2237 fieri
765 2181 861 2254 coegit
1009 2176 1193 2250 explendam,
1206 2177 1256 2233 sed
1268 2177 1304 2232 ad
1318 2177 1426 2233 lamam
1437 2176 1576 2249 sitimque
1588 2176 1833 2251 restringendam.

165 2272 266 2327 Ardua
281 2271 354 2327 lides
369 2271 505 2327 robustos
520 2270 609 2343 exigit
623 2286 727 2326 annos.
1045 2266 1217 2324 Balnearum
1231 2266 1360 2322 iumenta
1375 2265 1457 2323 sanis
1472 2270 1501 2322 et
1512 2266 1673 2337 juvenibus
1688 2282 1747 2324 non
1763 2272 1834 2324 sunt

166 2360 294 2416 Allectus
310 2359 417 2426 caruis,
433 2359 492 2415 nisi
507 2359 613 2415 mentis
625 2360 692 2430 jure
707 2362 889 2431 premantur,
1010 2357 1233 2429 irequentanda.

166 2447 691 2520 Unumquemquehcminemduount
701 2448 736 2503 ad
747 2447 952 2520 perditionem.
1044 2447 1120 2502 Bene
1135 2446 1241 2502 docens
1256 2449 1285 2501 et
1299 2445 1374 2501 male
1389 2444 1487 2502 rivens
1501 2445 1624 2502 virtutes
1639 2461 1713 2518 quas
1727 2446 1833 2519 predi·

167 2535 209 2591 Ad
225 2539 344 2608 tempus
359 2534 490 2602 credens,
507 2535 558 2590 sed
575 2550 642 2590 mox
656 2534 759 2592 exinde
775 2536 912 2591 recedens
1008 2539 1055 2591 cat
1069 2534 1201 2590 moribus
1216 2534 1349 2591 infamat.

165 2623 216 2679 Bst
231 2622 339 2679 similis
352 2628 437 2679 vento
454 2624 504 2696 qui
520 2640 585 2679 raro
601 2628 712 2696 perstat
725 2625 754 2680 in
772 2642 840 2680 unc.
1042 2623 1160 2680 Beatiue
1175 2627 1220 2680 est
1234 2623 1303 2679 dare
1317 2639 1404 2695 quam
1417 2622 1557 2696 accipere.

164 2715 239 2769 Ante
255 2713 303 2768 Dei
316 2711 430 2769 vultum
445 2711 485 2767 nil
501 2713 582 2785 pravi
597 2718 711 2768 constat
726 2712 862 2769 inultum.
1041 2714 1139 2768 Bonus
1155 2730 1213 2769 non
1235 2715 1289 2778 est,
1306 2728 1392 2784 quem
1409 2711 1553 2768 malorum
1579 2712 1751 2785 improbitas
1771 2730 1832 2771 nun

166 2803 225 2856 Aut
239 2800 306 2872 quis
320 2804 423 2879 sponte
439 2816 493 2855 sua
508 2800 586 2857 mala
601 2800 696 2873 punit,
712 2800 772 2857 sive
786 2806 914 2858 coactus.
1005 2801 1148 2875 probavit.

165 2889 285 2945 Arbitrii
302 2889 413 2944 donum
426 2889 510 2944 nobis
526 2893 672 2945 causaest
686 2890 868 2945 meritorum.
1041 2891 1121 2946 Bona
1135 2891 1249 2963 cepisse
1263 2893 1291 2946 et
1305 2905 1362 2947 non
1379 2889 1516 2962 perficere
1531 2890 1604 2947 nulli
1620 2891 1749 2963 prodest.

166 2979 268 3034 Ardua
282 2994 329 3034 res
345 2978 469 3034 nimium
485 2977 622 3033 famulari
639 2983 706 3050 post
718 2978 914 3034 dominatum.
1041 2978 1234 3052 Blasphemie
1244 2981 1332 3035 verba
1346 2979 1462 3035 cunctis
1472 2978 1608 3036 fidelibus
1619 2980 1832 3038 suntuitanda.

163 3067 283 3138 Absque
296 3066 356 3123 Deo
371 3065 471 3121 nullus
486 3065 592 3138 poterit
606 3066 764 3122 consistere
779 3065 887 3123 salvus.
1040 3068 1153 3124 Bonum
1168 3068 1193 3124 si
1209 3069 1302 3126 lacere
1317 3083 1456 3141 nequeas,
1473 3085 1531 3124 non
1554 3072 1653 3125 tamen
1678 3066 1778 3141 culpes
1805 3071 1834 3126 ei

163 3155 281 3226 Absque
295 3155 399 3212 timore
413 3154 464 3211 Dei
479 3154 591 3211 viribus
605 3154 707 3227 nequit
721 3153 781 3211 ulla
796 3154 904 3225 timeri,
967 3137 989 3205 C
1007 3157 1173 3230 prohibeas.

162 3243 324 3300 anonimo
339 3247 445 3300 cuncta
459 3244 536 3299 bona
550 3247 619 3300 sunt
631 3244 750 3301 omnino
765 3245 900 3316 petenda.
1040 3245 1118 3301 Bona
1132 3245 1313 3303 conscientia
1336 3245 1366 3301 in
1392 3245 1520 3302 tenebris
1548 3245 1735 3320 splendorem
1761 3263 1832 3319 pro·

163 3332 291 3389 Alternis
305 3332 359 3401 uti,
376 3333 409 3388 ut
421 3331 593 3389 delectabile
607 3333 719 3389 multis.
1004 3335 1104 3407 prium
1120 3338 1208 3392 tenet.

165 3421 314 3479 Auxilium
328 3420 445 3478 Domini
460 3422 567 3477 debent
581 3422 732 3494 exquirere
746 3424 854 3480 cuncti.
1039 3423 1194 3482 Blanditiis
1218 3424 1408 3482 secularibus
1431 3424 1516 3481 lacile
1545 3424 1688 3498 decipitur
1714 3424 1833 3500 fragilis

163 3511 248 3567 Actio
260 3511 404 3566 uirtutum
423 3513 536 3566 constat
550 3510 688 3583 perfectio
704 3527 831 3568 morum.
1004 3513 1132 3570 animus.

161 3598 205 3654 Ad
220 3596 378 3654 Dominum
395 3598 498 3671 fugite,
513 3599 565 3669 qui
581 3597 686 3654 salvari
700 3599 836 3672 cupiatis.
1039 3603 1169 3659 Brevitas
1178 3603 1244 3660 vitae
1255 3603 1407 3675 presentis
1416 3601 1619 3675 pensandaest
1626 3603 1829 3661 abuniversis.

163 3690 316 3745 Auctorem
331 3702 473 3760 magnum
483 3689 630 3743 testantur
644 3686 771 3743 maxima
785 3704 894 3745 rerum.
1039 3691 1151 3748 Bellum
1165 3692 1309 3765 optimum
1325 3692 1432 3764 agitur,
1447 3707 1514 3748 cum
1536 3690 1658 3765 spiritus
1680 3692 1761 3750 omni
1777 3694 1831 3750 ad·

451 3774 566 3830 CAPUT
586 3774 619 3830 11.
1002 3785 1145 3838 versatur.

163 3865 244 3920 Beati
259 3880 385 3937 quorum
401 3863 531 3920 remisse
546 3866 616 3919 sunt
629 3863 808 3937 iniquitates,
825 3869 854 3923 et
876 3883 948 3939 quc·
1038 3874 1094 3927 Bos
1109 3870 1157 3927 hic
1172 3888 1230 3927 non
1245 3871 1446 3942 comedat,qui
1456 3870 1520 3942 jam
1531 3870 1605 3944 juga
1620 3870 1695 3927 terre
1710 3875 1830 3929 recusat

126 3966 193 4011 rum
208 3957 285 4008 tecta
299 3956 369 4009 sunt
384 3956 512 4025 peccata.
1038 3961 1109 4032 (Hoc
1124 3964 1169 4016 est
1181 3959 1328 4032 lascivus).
1343 3960 1398 4017 Sed
1415 3962 1442 4016 et
1456 3959 1516 4015 otia
1529 3976 1604 4016 vana
1617 3964 1737 4018 secutam

163 4045 267 4099 Beatam
278 4042 329 4114 qui
343 4040 480 4115 intelligit
493 4058 582 4115 super
593 4058 717 4115 egenum
730 4049 759 4101 et
769 4062 945 4118 pauperem:
1037 4049 1200 4106 lllcrcedem
1217 4049 1328 4105 nullam
1344 4048 1399 4105 sibi
1415 4048 1526 4105 noverit
1540 4049 1608 4105 inde
1623 4049 1767 4107 suturam.

125 4129 156 4185 in
172 4130 219 4187 die
234 4129 312 4186 mala
324 4128 459 4186 liberabit
472 4147 541 4188 eum
555 4131 708 4189 Dominus.
1037 4137 1163 4195 Bellatcr
1177 4138 1270 4208 fortis,
1288 4138 1338 4212 qui
1354 4155 1385 4195 se
1400 4138 1506 4210 poterit
1520 4154 1668 4211 superare.

159 4217 282 4276 Brachia
296 4222 482 4291 peccatorum
505 4224 702 4294 conterentur,
727 4224 881 4281 confirmat
894 4243 945 4282 au·
1037 4226 1116 4284 Bella
1131 4227 1177 4284 Dei
1191 4232 1292 4284 sancta
1307 4232 1443 4302 querunt
1457 4226 1619 4285 fortissima
1634 4228 1734 4285 corda.

123 4313 182 4366 tem
194 4308 293 4380 justos
308 4308 462 4366 Dominus.
1037 4315 1085 4372 Bis
1099 4320 1215 4390 gratum
1230 4316 1345 4388 tribuit,
1362 4316 1412 4389 qui
1428 4316 1505 4385 quod
1521 4315 1607 4372 debet
1620 4316 1677 4373 cito
1692 4315 1803 4374 reddit.

156 4398 330 4456 Benedictus
345 4398 487 4456 Dominus
502 4403 578 4457 Beue
592 4401 693 4470 lsrael,
708 4404 759 4475 qui
775 4403 845 4460 lacit
859 4404 946 4461 mira·
1035 4405 1165 4462 Blandus
1180 4405 1343 4462 mansuetis
1357 4405 1408 4470 sis,
1424 4405 1637 4477 districtusque
1651 4405 1801 4479 superbis.

120 4487 192 4545 bilia
206 4487 297 4546 solus.
958 4505 982 4571 fl
1034 4494 1131 4552 Bestia
1145 4492 1272 4551 crudelis
1285 4497 1329 4550 est
1343 4510 1393 4550 cor
1405 4510 1501 4566 prava
1517 4492 1660 4550 mulieris.

155 4579 261 4636 Beatus
276 4578 326 4650 qui
342 4578 451 4636 tenebit
463 4581 492 4636 et
505 4580 606 4637 allidet
622 4579 757 4654 parvulos
768 4597 838 4640 suos
848 4583 884 4638 ad
895 4599 942 4656 pe·
1319 4636 1432 4692 CAPUT
1451 4637 1488 4694 HI

119 4673 206 4726 tram.
1493 4680 1499 4693 ·

153 4756 373 4830 beneplacitum
387 4762 432 4815 est
447 4760 568 4818 Domino
583 4778 672 4834 super
680 4762 817 4819 timentes
832 4768 941 4836 eum‚et
1031 4760 1100 4819 Caeli
1116 4765 1254 4818 enarrant
1276 4760 1400 4833 gloriam
1425 4760 1484 4832 liei,
1514 4765 1542 4816 et
1565 4776 1655 4831 opera
1678 4775 1824 4818 manuum

116 4846 149 4901 in
163 4846 206 4903 eis
221 4845 404 4919 quisperant
418 4863 506 4919 super
520 4848 721 4908 misericordia
734 4853 809 4924 ejus.
996 4852 1060 4923 eJus
1075 4849 1231 4906 annuntiat
1243 4849 1473 4907 firmamentum.

155 4934 235 4990 Beati
252 4935 303 5007 qui
319 4936 455 4991 esuriunt
469 4940 498 4991 et
512 4937 616 4994 sitiunt
626 4939 786 5013 justitiam,
803 4941 940 5014 quoniam
1030 4941 1103 4997 Cum
1118 4938 1208 4996 electu
1223 4937 1333 4996 electus
1349 4939 1417 5007 eris,
1433 4943 1463 4995 et
1477 4955 1544 4995 oum
1557 4953 1693 5012 perverso
1708 4955 1823 5012 persor·

116 5022 175 5097 ipsi
187 5023 409 5080 saturabuntur.
994 5028 1076 5086 teris.

151 5116 249 5170 Bonus
265 5117 364 5185 pastor
378 5113 508 5169 animam
524 5132 609 5171 suam
622 5116 672 5173 dat
685 5133 737 5189 pro
749 5118 853 5176 ovibus
864 5120 937 5177 suis.
1029 5121 1084 5174 Cor
1098 5116 1256 5173 contritum
1271 5120 1300 5172 ct
1314 5116 1502 5173 humiliatum
1511 5116 1655 5173 Deusnon
1667 5115 1819 5189 despiciet.

150 5200 324 5259 Benedictus
339 5201 440 5274 virqui
457 5203 576 5259 confidit
590 5204 621 5261 in
635 5204 769 5273 Domino,
781 5211 810 5262 et
821 5207 939 5266 eritBo-
1028 5204 1200 5264 Considerat
1214 5210 1348 5278 peccatur
1357 5207 1485 5279 justum,
1500 5209 1530 5262 ct
1540 5204 1645 5278 quaerit
1660 5205 1820 5262 mortifica·

114 5289 215 5347 minus
226 5290 332 5347 fiducia
346 5292 420 5363 eJ'ue.
993 5312 1023 5353 re
1038 5314 1117 5354 eum.

149 5378 257 5436 Beatus
270 5378 314 5435 uir
329 5380 379 5452 qui
394 5380 531 5438 inventus
552 5386 597 5439 est
621 5382 683 5438 aina
708 5383 823 5440 macula
844 5391 873 5442 et
886 5384 937 5458 qui
1027 5386 1106 5443 Galix
1128 5387 1158 5442 in
1174 5404 1263 5445 manu
1278 5385 1394 5442 Domini
1409 5383 1468 5441 vini
1481 5384 1553 5441 meri
1568 5383 1674 5457 plenus
1689 5383 1794 5441 mixto.

111 5472 180 5543 post
203 5483 309 5526 aurum
333 5486 392 5527 non
414 5470 495 5539 abiit,
521 5486 574 5529 neo
599 5470 727 5546 speravit
749 5473 779 5529 in
805 5475 936 5546 pecunie
1027 5475 1210 5534 confitemini
1224 5474 1497 5548 Dominoquonlam
1512 5474 1621 5544 bonus,
1635 5472 1818 5547 quoniamin

111 5557 271 5623 thesauris.
993 5564 1133 5624 seculum
1147 5564 1436 5638 misericordiaejue.
