3892 6096
156 260 214 335 235
662 257 834 318 O'l'llLONl
855 255 1033 319 nonnoni
1056 256 1088 316 S.
1112 251 1359 315 thtanMlll
1800 250 1862 314 2³6

157 392 206 464 qai
219 390 307 447 nrnltc
329 388 425 445 didicit
447 388 575 443 necabit
590 388 758 445 intellectam
773 388 866 460 (Eccli.
884 404 978 459 κων,
993 388 1021 455 Α
1036 403 1088 459 per
1097 385 1358 461 gradusquosdam
1367 384 1403 440 ad
1419 381 1521 440 altiora
1533 381 1674 454 paulatim
1684 383 1860 454 ascendens,

156 480 195 553 9).
210 481 299 552 Cujus
313 476 446 534 videlieet
469 477 511 532 rei
526 476 668 533 iudicium
689 477 717 532 in
742 478 897 550 temetipso
912 494 979 550 pro·
1034 476 1161 533 disceres
1174 475 1352 548 quandoque
1367 472 1504 546 congredi
1519 470 1712 545 gravioribus.
1724 473 1780 530 Sed
1793 491 1861 531 cum

161 570 229 626 bare
242 567 330 635 vales,
342 565 412 638 quia
427 565 485 622 nisi
499 565 579 622 varia
594 567 789 623 tentationum
802 566 937 623 molestia
952 569 981 622 et
1034 565 1065 621 in
1080 568 1140 621 tam
1156 563 1214 621 leui
1228 569 1258 620 ct
1279 566 1441 636 temperata
1455 560 1676 636 impugnatione
1691 560 1863 636 aliquantu·

159 674 229 714 cura
243 655 419 713 exercitatus
433 671 524 724 esses,
541 672 728 729 nequaquam
753 660 836 712 tanta
850 655 980 728 Scriptu-
1034 653 1096 710 lum
1110 652 1266 726 proficiens
1276 669 1391 724 eaque
1406 652 1435 707 in
1448 656 1476 708 te
1491 651 1586 724 gratia
1598 667 1663 708 mea
1672 654 1860 725 operabatur,

159 762 258 802 rarum
275 746 450 801 documenta
468 745 513 801 vel
528 745 698 802 testimonia
712 749 836 802 tractare
850 745 980 801 studuis·
1036 742 1130 815 magis
1143 759 1177 798 aa
1192 741 1287 814 magis
1297 739 1588 812 viribnsmeritisque
1598 740 1658 796 tuis
1672 740 1860 812 attribueres,

160 851 218 892 ses.
235 832 323 890 Plura
336 835 446 908 quippo
465 834 547 907 prius
563 834 711 909 incognita
722 836 785 906 Jam
801 833 981 906 indagationi
1035 830 1065 886 in
1079 830 1167 887 talem
1184 836 1212 887 te
1226 832 1345 886 tandem
1357 829 1477 903 permisi
1493 829 1684 886 tentationem
1698 829 1860 901 incurrere,

161 929 217 981 tuae
232 929 369 981 reserata.
1037 921 1121 992 cujus
1137 920 1368 993 impugnationis
1383 918 1586 992 magnitudine
1596 919 1754 992 depressus
1770 937 1862 995 agno·

197 1013 981 1088 «llludquoquesummoperenotandumtibiestquia,
1037 1024 1143 1077 sceres,
1160 1008 1207 1084 cui
1232 1007 1391 1066 instantem
1406 1008 1552 1065 delectum
1574 1012 1603 1065 et
1617 1009 1665 1065 cui
1680 1010 1862 1083 preteritum

163 1103 189 1161 si
204 1105 319 1176 absque
333 1103 492 1160 tentatione
507 1108 535 1160 et
557 1103 744 1162 tribulatione
759 1103 858 1176 aliqua
872 1102 983 1159 diutius
1038 1113 1214 1171 omnemque
1229 1096 1336 1155 laboris
1357 1096 1400 1155 tui
1416 1100 1578 1170 protectum
1603 1097 1756 1156 debuisses
1771 1098 1864 1173 depu-

161 1193 719 1268 remaneres,graviuspericulosiusque
729 1195 764 1250 de
774 1192 983 1249 beneficiorum
1038 1190 1111 1254 tare,
1126 1204 1159 1243 ac
1175 1204 1225 1260 per
1239 1187 1294 1244 hcc
1308 1190 1390 1243 tanto
1405 1186 1512 1244 certior
1526 1187 1562 1243 de
1576 1186 1676 1260 gratiae
1691 1203 1763 1244 mea
1778 1189 1866 1246 bene·

164 1300 296 1341 meorum
314 1283 447 1357 largitate
462 1283 659 1357 superbiendo
677 1283 796 1339 caderes
811 1297 899 1354 quam
916 1296 983 1335 cum
1038 1275 1113 1332 ficiis
1128 1276 1277 1343 existeres,
1293 1280 1402 1349 quanto
1417 1277 1516 1333 minus
1531 1276 1567 1332 de
1587 1276 1701 1334 meritis
1714 1277 1776 1335 tuis
1790 1294 1865 1352 prn-

163 1373 659 1445 sceleribusomnimodisqucndam
669 1369 984 1434 deditnsessestluan-
1040 1381 1182 1422 sumeres,
1199 1387 1214 1416 »
1229 1366 1293 1422 llaec
1304 1365 1438 1439 igiturex
1454 1365 1615 1438 supradicti
1631 1366 1731 1423 fratris
1745 1367 1867 1440 seriptis

162 1467 193 1519 to
206 1463 282 1519 euim
294 1460 678 1534 excellentioribusquisque
689 1462 799 1517 ditatur
809 1461 893 1517 donis
904 1461 984 1514 tanto
1040 1458 1172 1525 excerpta
1181 1454 1228 1511 hic
1242 1455 1380 1524 intuli,ut
1393 1454 1508 1527 his‚qui
1524 1454 1555 1511 in
1570 1456 1769 1513 conversionis
1780 1455 1867 1514 initio

163 1549 985 1625 magispulsaturviticelationis.Undeetillepraestan·
1040 1561 1155 1601 sacram
1185 1545 1366 1618 Scriptorum
1394 1544 1489 1618 legere
1517 1545 1649 1617 cupiunt,
1678 1547 1865 1604 ostenderem

164 1640 299 1698 tissimus
315 1640 496 1714 angelorum,
513 1658 570 1696 uon
586 1640 735 1696 sustinens
759 1638 911 1712 diguitatis
926 1652 985 1693 sune
1041 1633 1167 1707 qualiter
1176 1635 1352 1691 immensam
1367 1633 1515 1692 diabolicae
1526 1634 1638 1691 irandie
1648 1635 1865 1709 astutiamque

164 1730 287 1803 donum,
303 1745 336 1786 ec
352 1730 469 1802 gravius
484 1728 679 1801 superbiendo
699 1728 874 1799 ceciditque
890 1725 985 1783 subli-
1041 1739 1143 1780 omncs
1172 1725 1306 1781 eamdem
1326 1724 1507 1796 Scripturam
1534 1723 1664 1797 legentes
1690 1725 1866 1800 impugnare

166 1819 242 1876 mior
254 1818 365 1876 certeris
378 1817 496 1874 exstitit.
514 1816 582 1874 Saul
598 1833 725 1890 quoque,
742 1821 774 1873 ut
789 1815 862 1872 liber
876 1815 987 1888 Regum
1043 1812 1127 1879 solet,
1152 1830 1309 1887 agnoscere
1333 1818 1362 1869 et
1386 1830 1552 1887 praecavere,
1569 1813 1752 1888 qualiterque
1773 1815 1865 1873 etiam

164 1910 275 1978 narrat,
286 1923 353 1963 cum
363 1910 430 1963 ante
439 1910 605 1979 perceptam
615 1905 698 1978 regni
709 1905 881 1978 dignitatem
890 1901 988 1959 humi·
1043 1902 1147 1958 divine
1163 1902 1363 1974 inspirationis
1378 1903 1501 1976 gratiam
1517 1918 1674 1976 agnoscere
1688 1909 1717 1960 et
1730 1904 1867 1962 iuvocare

166 1996 206 2054 lis
222 1995 354 2067 mihique
369 1999 446 2053 esset
469 1999 615 2068 aceeptus,
631 1998 733 2068 postea
746 2012 813 2052 vero
838 2010 872 2050 ex
886 1993 988 2050 eadem
1043 1991 1177 2047 debeant.

169 2083 310 2158 dignitate
325 2084 499 2158 superbiens
513 2101 530 2140 a
544 2101 591 2141 ma
601 2087 646 2141 est
660 2084 805 2157 repulsus.
824 2084 890 2156 lpse
900 2081 989 2138 etiam
1339 2081 1453 2138 CAPUT
1472 2082 1568 2141 XXVl.
1648 2094 1651 2099 '

167 2173 267 2245 David,
280 2173 348 2231 licet
358 2189 461 2247 regum
470 2173 595 2231 eximius
606 2177 634 2230 et
648 2173 749 2247 pietati
761 2189 831 2229 meae
845 2171 987 2245 placidus,
1044 2169 1114 2238 Quid
1130 2170 1255 2226 omnibns
1278 2171 1431 2228 universim
1452 2173 1611 2230 nominibus
1632 2175 1817 2232 necessariam
1830 2175 1869 2232 sit

164 2262 785 2339 primustamenquamodregnielevaretur
797 2260 989 2334 fastigiama·
1167 2242 1206 2299 ‘ld
1220 2243 1279 2313 '1⁰⁶2
1295 2253 1327 2299 αἱ
1341 2252 1411 2300 70⁶!ss
1425 2245 1466 2301 ad
1476 2246 1602 2317 talliam
1614 2255 1737 2303 littam·

161 2354 220 2427 jori
236 2371 267 2410 se
281 2352 433 2412 constrixit
455 2351 605 2424 religionis
620 2368 701 2407 eura.
717 2351 791 2407 Nam
813 2357 899 2406 antes
913 2349 990 2404 bona
1079 2347 1188 2404 Deinde
1202 2366 1269 2405 vero
1284 2349 1445 2422 opitulante
1455 2356 1513 2409 Deo
1527 2368 1656 2409 reserare
1666 2351 1736 2410 libet
1750 2353 1818 2427 quis
1828 2354 1869 2411 sit

165 2461 218 2517 pro
242 2442 338 2513 malis,
360 2445 461 2514 postea
480 2457 547 2497 vero
573 2440 651 2512 mala
675 2439 802 2496 reddidit
826 2456 877 2512 pro
891 2437 987 2493 bonis.
1044 2452 1148 2493 cursus
1158 2438 1302 2510 generalis
1312 2440 1762 2517 omniumtamluicornmquam
1777 2443 1868 2501 cleri·

165 2531 291 2603 ideoque
302 2528 467 2601 iniquitatis
482 2546 541 2585 suae
553 2545 611 2584 non
622 2530 778 2585 immemor
789 2529 817 2584 in
830 2527 988 2583 centesimo
1044 2526 1292 2594 corum,virnrum
1308 2544 1342 2584 ac
1353 2528 1509 2587 mulierum
1521 2531 1556 2587 ad
1569 2548 1726 2604 supernam
1736 2533 1867 2605 patriam

169 2620 265 2693 primo
280 2618 394 2693 psalmo
405 2619 608 2692 gemebundus
620 2619 654 2673 ad
665 2634 711 2674 mc
726 2617 768 2673 ait
780 2634 786 2674 :
804 2618 874 2686 Quia
882 2616 989 2672 elevans
1043 2615 1194 2686 pervenire
1204 2616 1396 2689 cupientium.
1407 2618 1461 2676 Ubi
1476 2619 1506 2675 in
1517 2619 1620 2694 primis
1630 2620 1755 2678 arbitror
1765 2621 1867 2678 dicen·

169 2707 287 2765 allisisti
297 2711 399 2765 mese
415 2707 440 2763 si
455 2709 554 2779 aperte
568 2707 676 2763 diceret
686 2708 813 2772 :Quanto
824 2704 989 2762 sublimiori
1044 2703 1125 2774 dum,
1138 2705 1215 2776 quod
1231 2708 1259 2761 et
1274 2706 1304 2762 in
1314 2707 1472 2779 primisest
1482 2709 1620 2766 omnibus
1631 2710 1823 2780 studendum,
1834 2715 1869 2768 ut

165 2794 574 2870 medignitateelevastitanto
584 2795 990 2867 majoribuspeecatismeim·
1043 2790 1179 2849 videlicet
1193 2793 1308 2852 discant
1321 2796 1352 2852 iu
1367 2797 1459 2855 Deum
1482 2800 1599 2857 credere
1615 2818 1622 2856 ι
1639 2800 1712 2858 ildes
1726 2802 1806 2858 euim
1823 2804 1870 2858 est

165 2886 268 2960 plicari
279 2885 449 2959 permisisti.
461 2885 601 2942 Praeterea
609 2884 823 2958 quanteeruinae
833 2883 922 2956 is,qui
931 2900 989 2955 pra
1043 2880 1133 2938 totius
1148 2882 1216 2940 beni
1227 2885 1324 2957 operis
1334 2887 1571 2958 tundamentum,
1581 2888 1672 2946 totius
1686 2889 1790 2947 diviua
1802 2889 1871 2947 reli·

166 2976 278 3033 esteris
297 2974 426 3031 elevatur
440 2979 538 3048 pateat
560 2974 634 3030 liber
649 2973 888 3047 Paralipomenon
912 2972 988 3028 indi·
1044 2970 1140 3043 gicnis
1155 2972 1284 3029 initium.
1301 2974 1379 3032 Fidei
1396 2977 1557 3049 quoque,si
1572 2978 1870 3053 conjungantnrspes

166 3070 278 3122 cattle
299 3065 370 3121 icas
394 3079 521 3136 namque
546 3078 612 3136 rege
627 3063 704 3118 luda
727 3064 815 3119 reiert
830 3062 901 3135 quia
924 3065 990 3135 post
1044 3062 1073 3114 et
1096 3060 1234 3131 charitas,
1261 3067 1306 3120 est
1329 3064 1408 3121 scala
1431 3081 1490 3137 qua
1514 3067 1666 3123 scanditur
1689 3067 1725 3123 ad
1750 3066 1870 3125 coelum.

166 3153 406 3211 mortemlciada
417 3152 645 3224 sacerdotis,qui
661 3152 773 3208 eumad
789 3167 912 3225 regnum
923 3135 1026 3223 pro-C
1045 3147 1138 3212 Quam
1149 3152 1185 3207 ob
1196 3166 1257 3207 rem
1267 3152 1450 3211 omnibusad
1463 3154 1592 3212 eoelestia
1601 3156 1709 3230 gaudia
1719 3160 1872 3231 pervenire

164 3243 251 3310 vexit,
267 3242 297 3297 iu
311 3245 423 3297 tantam
443 3240 598 3298 elationem
612 3241 723 3297 uenerit
737 3246 771 3297 ut
785 3240 893 3297 relictis
909 3238 989 3296 cultu
1044 3239 1230 3311 cupientibus
1240 3242 1353 3315 primus
1368 3247 1396 3300 et
1408 3245 1689 3303 communiscursns
1699 3247 1870 3320 essedebet,

165 3331 216 3387 Dei
233 3348 249 3387 a
263 3330 326 3387 suis
342 3347 373 3387 se
386 3329 553 3402 permiserit
567 3329 691 3386 adorari.
701 3335 757 3387 Pro
773 3347 830 3403 quo
845 3329 989 3403 superbia
1044 3331 1078 3384 ut
1092 3328 1121 3384 in
1135 3328 1182 3385 bis
1203 3330 1298 3387 tribus
1323 3333 1543 3405 prenominatis
1557 3334 1715 3392 virtutibus
1740 3352 1772 3392 se
1786 3351 1873 3394 exer-

86 3447 88 3450 ·
166 3420 277 3494 flagitio
292 3420 361 3491 quid
378 3420 439 3492 regi
454 3419 549 3476 eidem
565 3419 691 3477 evenerit
711 3421 854 3492 scriptum
869 3420 991 3491 subjun-
1044 3421 1139 3489 ceant,
1151 3419 1293 3476 credendo
1309 3421 1431 3489 scilicet,
1441 3427 1470 3479 ct
1485 3424 1630 3496 sperando
1644 3424 1675 3480 in
1690 3428 1748 3481 Deo
1761 3424 1872 3482 aedili·

168 3511 220 3585 git,
237 3511 361 3566 dicens:
383 3509 503 3580 Cumque
526 3509 633 3564 notatos
656 3514 722 3566 esset
746 3526 845 3578 conas
869 3508 990 3565 ascendit
1044 3507 1138 3578 gendo
1153 3509 1872 3571 cumilliterenimadnotitiamsummasanetas·

167 3606 264 3656 contro
280 3597 645 3669 eamrechpriae,ccnitqae
660 3599 688 3652 in
703 3597 841 3653 dodonaei
858 3600 990 3654 Hieroso·
1044 3611 1100 3667 que
1115 3597 1277 3667 Trinitatis,
1289 3616 1353 3672 quae
1368 3600 1445 3658 Deus
1456 3606 1511 3669 est,
1523 3604 1688 3677 pertingere
1698 3604 1872 3676 nequimus,

167 3689 232 3755 lem,
246 3692 271 3744 et
285 3687 423 3756 interfecit
437 3693 546 3741 cunctos
560 3686 698 3756 principes
709 3686 815 3756 pepuli,
831 3691 911 3757 atque
924 3688 989 3742 ani·
1045 3684 1101 3741 nisi
1116 3687 1199 3757 prius
1215 3689 1300 3760 quasi
1314 3689 1344 3744 in
1360 3690 1461 3747 schola
1481 3692 1609 3766 quadam
1625 3693 1704 3750 omni
1719 3694 1809 3750 modo
1826 3692 1873 3751 di·

165 3774 433 3847 niuerccmpraedam
441 3774 577 3829 miserunt
587 3773 988 3846 repiltnmoscnmtlll’nrnlip.
1045 3789 1125 3829 scere
1142 3776 1335 3848 studeamus;
1351 3780 1478 3851 qualiter
1492 3781 1598 3838 harum
1612 3782 1701 3839 trium
1724 3781 1872 3840 virtutum

167 3880 244 3932 xxiv,
255 3863 311 3935 23).
324 3862 434 3919 luleus
449 3876 566 3934 quoqne
577 3860 774 3933 ignominiosa
781 3877 933 3919 exercuere
943 3864 989 3934 ju·
1044 3862 1207 3920 trinitatem
1233 3873 1434 3939 agnoscentes,
1452 3885 1527 3939 eam,
1553 3874 1697 3945 qnantum
1725 3869 1873 3944 fragilitas

168 3952 254 4020 dicia,
270 3957 298 4007 et
317 3951 457 4008 abeuntes
481 3950 656 4006 dimiserunt
669 3967 737 4006 eum
753 3950 783 4007 in
798 3951 989 4026 languoribus
1045 3950 1175 4009 humana
1191 3956 1344 4028 permittit,
1360 3958 1491 4015 moribus
1512 3959 1667 4034 condignis
1681 3958 1873 4033 impleamus.

169 4039 342 4112 magnisllx
354 4040 461 4111 quibus
472 4039 609 4096 omnibus
620 4039 721 4095 sentiri
732 4039 990 4113 valet,quianemo
1045 4039 1118 4096 Nam
1134 4042 1210 4098 sicut
1224 4044 1254 4099 in
1267 4045 1409 4103 'trinitate
1424 4064 1542 4106 summa
1552 4048 1702 4106 individua
1716 4053 1762 4106 ast
1775 4047 1875 4107 omnis

167 4127 212 4184 vel
226 4127 379 4200 virtutum,
390 4127 434 4184 vel
445 4127 595 4202 dignitatis
614 4128 739 4201 alicujus
757 4128 927 4186 excellentia
938 4148 990 4186 su·
1045 4146 1237 4202 personarum
1248 4134 1339 4191 trium
1350 4137 1478 4209 operatio
1491 4155 1497 4206 ;
1512 4138 1555 4194 sic
1565 4138 1653 4195 etiam
1664 4138 1694 4195 in
1709 4137 1768 4195 tide
1783 4145 1812 4196 et
1822 4153 1875 4213 spe

169 4216 471 4274 blimatusmortiicree
482 4216 625 4288 superbire
636 4216 751 4273 ruinam
763 4218 991 4292 absquemagua
1045 4223 1073 4276 et
1083 4219 1225 4278 charitate
1240 4223 1391 4282 individua
1401 4227 1530 4300 operatio
1542 4227 1648 4302 agitur.
1655 4228 1747 4285 Nemo
1763 4228 1874 4302 quippe

168 4306 342 4364 contritione
352 4306 463 4363 evadet.
476 4306 531 4363 Sed
543 4311 570 4361 et
581 4306 798 4363 beatusPaulus
809 4307 864 4364 hoe
874 4312 990 4365 attesta·
1044 4308 1168 4366 firmiter
1183 4312 1300 4370 eredere
1314 4318 1410 4386 potest
1424 4315 1453 4372 in
1469 4321 1571 4389 Deum,
1588 4317 1645 4374 nisi
1661 4317 1697 4375 ab
1711 4315 1763 4375 illo
1773 4319 1875 4391 speret

168 4400 218 4453 tur
232 4396 282 4470 qui
298 4395 451 4469 patefactis
476 4395 654 4469 quibusdam
668 4396 826 4453 virtutibus
850 4397 905 4453 sibi
921 4414 989 4455 con·
1044 4396 1161 4471 aliquod
1188 4401 1244 4457 sibi
1268 4408 1406 4476 praestare
1430 4405 1602 4478 premium3
1630 4423 1684 4464 uec
1707 4406 1872 4480 quisquam

166 4486 258 4543 cessis
268 4484 432 4559 subjungit,
446 4485 546 4542 dicens
560 4503 566 4542 :
580 4486 612 4541 lit
626 4488 833 4558 ncrncqnitudc
848 4487 990 4544 revelatio-
1004 4504 1028 4570 Ι)
1044 4491 1120 4545 recte
1135 4495 1233 4562 sperat
1247 4491 1277 4546 iu
1302 4492 1437 4563 Domino,
1454 4495 1511 4552 nisi
1536 4495 1620 4553 illum
1635 4496 1736 4553 credat
1761 4495 1874 4571 ubique

165 4574 419 4641 namestotlctme‚
431 4575 560 4632 deteneat
571 4575 779 4631 mibistimalas
788 4578 990 4646 recemundus
1044 4582 1227 4650 regnantem,
1235 4579 1344 4653 ubique
1356 4587 1650 4655 presentemcuucta
1659 4585 1872 4655 continentem,

168 4666 294 4747 Smoriae,
305 4671 336 4724 at
346 4683 389 4723 me
398 4666 549 4738 colaphiset
558 4668 596 4735 (ll
607 4666 668 4722 Cor.
678 4682 730 4734 xrs,
741 4667 780 4739 7).
792 4666 822 4722 Si
835 4667 912 4722 enim
925 4670 989 4723 tan·
1044 4670 1151 4722 cuncta
1166 4672 1325 4740 regentem.
1343 4669 1399 4726 Sed
1414 4687 1509 4744 neque
1533 4673 1660 4745 perlecta
1672 4675 1771 4746 potest
1783 4669 1887 4730 illnm'

165 4760 214 4813 tus
228 4755 413 4813 virstimulis
427 4755 491 4812 ideo
498 4757 686 4828 premebatur
695 4754 873 4825 carnalibus,
890 4771 926 4813 ne
936 4773 988 4829 prc
1044 4752 1174 4827 diligere,
1185 4756 1242 4812 nisi
1259 4757 1326 4814 fidei
1338 4762 1367 4815 et
1380 4759 1443 4831 spei
1454 4759 1653 4833 integritatem
1668 4760 1872 4834 supradictam

168 4843 316 4901 concessis
331 4841 517 4899 extolleretur
530 4845 698 4915 virtutibus,
710 4849 834 4917 putasne
849 4845 902 4901 tibi
914 4862 989 4918 opus
1043 4842 1074 4898 in
1089 4844 1174 4901 corde
1189 4862 1243 4902 811⁰
1254 4846 1367 4920 J'ussiler
1380 4851 1487 4905 teneat·
1499 4849 1573 4914 Quia
1586 4865 1653 4924 ergo
1669 4850 1743 4907 fidet
1760 4854 1789 4907 tt
1800 4857 1874 4924 ⁸150!

167 4937 212 4988 est
228 4931 326 5003 aliqua
344 4930 517 4986 adversitate
533 4931 660 5005 fatigari,
676 4950 713 4989 ne
727 4933 762 4990 de
779 4933 925 5007 perceptis
938 4934 988 4991 be·
1043 4938 1123 4989 recta
1146 4950 1299 5007 nunquam
1323 4941 1420 5008 potest
1443 4955 1507 4994 esse
1531 4939 1594 4996 sine
1621 4938 1722 5008 altera,
1752 4944 1782 4997 ct
1805 4938 1873 4998 sine

165 5020 280 5078 nessciis
295 5034 456 5092 presumas
471 5017 616 5091 gloriari?
1044 5027 1169 5095 utraque
1194 5023 1270 5082 Deus
1286 5027 1388 5099 nequit
1410 5026 1503 5101 diligi,
1519 5029 1623 5086 merito
1647 5029 1720 5087 tides
1736 5034 1766 5087 et
1787 5044 1871 5104 spes,

203 5133 215 5162 ι
233 5109 428 5175 Quamobrem
447 5109 603 5181 perpende,
620 5126 729 5182 quase,
745 5110 915 5168 tentationis
930 5115 989 5168 tuae
1043 5112 1127 5184 quasi
1143 5117 1228 5170 Pater
1247 5118 1277 5170 et
1291 5114 1382 5172 Filius
1396 5117 1426 5172 in
1451 5119 1583 5191 personis
1598 5120 1786 5192 precedunt3
1802 5118 1874 5176 ohe·

163 5215 283 5258 eausam
299 5203 328 5256 et
349 5198 492 5270 ordinem,
509 5197 659 5253 exordium
683 5203 712 5254 et
726 5199 826 5266 finem,
839 5205 873 5257 nt
895 5217 988 5274 agno·
1043 5200 1114 5258 ritas
1128 5218 1195 5259 vero
1210 5203 1295 5276 quasi
1319 5204 1446 5277 Spiritus
1460 5212 1581 5264 sanctus
1595 5225 1628 5266 ex
1651 5212 1737 5267 Patre
1750 5212 1781 5266 et
1796 5206 1872 5266 Filio

161 5305 243 5347 scere
258 5288 355 5362 possis
368 5305 421 5345 cur
433 5291 581 5361 pestremo
597 5287 733 5344 amariori
749 5304 838 5363 quam
849 5289 987 5363 primitus
1041 5292 1202 5364 procedens
1217 5296 1245 5349 et
1259 5293 1317 5351 fide
1331 5300 1360 5351 et
1374 5311 1426 5369 spe
1440 5313 1514 5370 pura
1527 5298 1669 5370 procedit.

162 5380 191 5434 et
205 5376 266 5450 illa,
282 5394 372 5450 quam
386 5380 418 5433 tn
433 5375 584 5434 insolitam
598 5377 721 5445 vocasti,
733 5379 892 5437 tentatione
901 5396 986 5437 vexa·
1077 5381 1132 5439 Sed
1147 5387 1176 5440 et
1190 5383 1245 5441 hoc
1260 5384 1333 5441 satis
1348 5385 1500 5444 convenit:
1513 5386 1671 5459 qniasicut
1684 5387 1873 5464 omniacpe·

161 5470 211 5524 tus
226 5464 340 5523 tuerint
354 5465 387 5522 lu
401 5465 504 5538 primis
519 5482 648 5539 namque
662 5466 727 5523 ideo
742 5466 903 5526 lenioribus
917 5468 986 5526 soli·
1040 5475 1123 5528 ratur
1137 5489 1214 5530 unus
1235 5477 1323 5547 atque
1336 5473 1415 5531 idem
1440 5474 1565 5548 Spiritus
1580 5478 1606 5549 (l
1619 5476 1681 5535 dor.
1695 5495 1750 5548 ιιι,
1765 5479 1825 5553 ll),
1839 5482 1873 5540 et

161 5556 260 5637 lisque
274 5552 439 5633 permissu's
453 5572 485 5617 es
495 5555 613 5636 fatigari
626 5556 848 5633 tentationibus,
859 5564 892 5618 ut
902 5558 987 5647 quasi
1041 5575 1128 5643 nemo
1141 5565 1240 5643 potest
1253 5562 1349 5623 dicere
1363 5563 1506 5661 Dominus
1519 5564 1619 5661 lesus,
1635 5565 1693 5653 niti
1707 5567 1739 5637 in
1752 5567 1874 5661 Sgltlss
