3892 6096
128 337 206 399 1277
752 339 914 404 NOTITIA
934 338 1211 404 nlpwtla'llcl.
1752 334 1831 401 late
1885 341 1886 344 ’

127 469 261 528 nentium
271 471 408 544 conjugia
420 470 603 544 pertinaciter
613 472 817 544 detondebant,
828 489 881 546 per
895 473 950 529 lla·
963 488 994 553 Α
1006 476 1066 529 mm
1083 472 1238 545 conjugem
1250 471 1404 546 repudiare
1418 472 1551 546 parabat,
1566 485 1618 545 per
1635 469 1755 529 Petrum
1770 472 1827 529 lla·

128 560 261 616 mianum
290 560 452 617 confutavit
472 568 501 617 et
523 560 689 617 eradicavit.
714 562 950 619 Incestuoserum
1007 561 1097 618 miani
1112 561 1272 634 apostolica
1295 561 1441 634 legatione
1463 560 1644 634 apropcsitc
1672 560 1828 618 resecavit.

127 664 195 704 vero
210 649 357 718 heresim,
373 666 437 723 quaa
461 649 635 706 auctoritate
653 650 810 707 iustiniani
825 651 951 725 impera·
1005 650 1249 723 argentinensem
1259 651 1441 725 episcopum,
1456 649 1640 707 Guamerum
1651 649 1826 718 nomine,ob

127 737 200 794 toris
212 740 370 807 asserebat,
380 739 482 795 eadem
493 739 604 795 ratione
612 739 705 812 quain
714 739 951 797 successionibus
1005 739 1116 796 odmen
1125 739 1260 796 Simonias
1274 739 1445 812 episcopatu
1460 738 1592 812 privavit.
1617 737 1690 795 Cum
1703 737 1827 811 Megun·

127 829 326 884 numerandos
337 844 402 884 csse
410 827 519 901 gradum
527 828 803 901 consanguinitatis,
815 845 873 885 non
885 833 950 885 tan·
1004 827 1067 884 tino
1076 832 1106 884 et
1119 828 1326 901 Bambergensi
1341 828 1377 884 ds
1386 828 1523 885 Simonis
1532 826 1660 884 crimine
1679 826 1826 884 accusatis

126 919 189 970 lum
204 931 256 988 per
265 914 418 988 epistolam
429 915 503 973 Petri
514 916 658 986 Damiani,
669 934 769 973 verum
780 917 869 974 ctiam
881 917 951 974 duo·
1004 921 1141 974 sanctum
1155 919 1307 974 Annonem
1318 918 1353 974 ad
1364 915 1580 985 sereniantem,
1595 919 1625 972 et
1633 932 1686 990 pre
1697 915 1754 972 reis
1764 915 1825 989 epi·

127 1004 183 1060 bue
194 1002 387 1077 pluribusque
396 1005 493 1061 Roma
504 1004 949 1079 habitisconciliisimpugnavit.
1003 1006 1101 1079 scopis
1115 1007 1352 1078 intercedentem,
1379 1005 1538 1063 honorilice
1561 1005 1684 1078 excepit,
1706 1005 1826 1062 brachie

126 1092 235 1149 Contra
251 1110 342 1150 novos
355 1093 508 1150 hereticos
531 1093 586 1150 boc
607 1099 740 1167 tempere
753 1099 948 1169 emergentes,
1004 1096 1097 1151 sancti
1112 1094 1227 1151 Caesarii
1242 1095 1377 1164 donavit3
1402 1095 1527 1168 ejusque
1541 1094 1649 1162 lavore,
1674 1093 1748 1149 citra
1761 1109 1827 1149 mu·

126 1182 951 1258 quidccebantepiscopatusaprincipibuslaicisabsque
1004 1181 1826 1257 norumaccepticnem,utcuminjuriapcntillcissuspi·

127 1271 250 1327 crimine
266 1271 403 1327 Simonis
417 1270 495 1328 licite
509 1272 567 1328 cmi
582 1289 679 1345 posse,
694 1290 826 1346 quosque
846 1277 950 1330 Petrus
1003 1277 1087 1330 catur
1103 1273 1283 1344 lambertus,
1299 1272 1451 1346 predictos
1464 1271 1598 1330 absoluit.
1615 1272 1669 1328 Per
1681 1269 1793 1344 legatos
1808 1288 1826 1327 a

127 1360 262 1415 [tauriani
273 1360 389 1432 scriptis
404 1360 466 1417 suis
476 1362 603 1434 graviter
616 1362 839 1430 insectatusest,
850 1362 949 1419 decre·
1002 1359 1336 1435 lateresuciuAnglium
1344 1361 1487 1418 missosin
1498 1358 1825 1418 concilicWintoniensi

126 1452 189 1504 tum
198 1448 289 1505 edidit
300 1466 357 1520 quo
368 1451 463 1505 omnia
471 1449 603 1506 beneficii
614 1449 948 1508 ecclesiasticivenditio·
1003 1450 1190 1524 stigandum,
1201 1449 1419 1508 cantuariensis
1430 1448 1564 1506 Ecclesia
1581 1449 1758 1515 invasorem,
1773 1448 1825 1503 de·

126 1554 194 1593 nem
210 1541 238 1593 et
252 1538 430 1609 emptionem
447 1539 606 1595 interdixit.
1002 1539 1101 1612 posuit
1112 1557 1120 1608 ;
1133 1539 1395 1597 Lauicancoeidem
1411 1540 1569 1612 subrogato
1581 1536 1689 1609 duplex
1701 1535 1824 1608 pallium

163 1629 218 1681 Per
233 1625 422 1682 Godelridum
437 1626 548 1684 Tuscia
559 1626 770 1696 marchionem,
786 1628 948 1685 itomanam
1002 1627 1155 1684 concessit.
1165 1627 1284 1685 Petrum
1293 1626 1451 1700 Anagnino
1461 1624 1776 1699 clvilatiseplsccpum,
1787 1624 1824 1679 ad

123 1712 285 1770 Ecclesiam
308 1713 472 1770 liberavita
494 1714 703 1772 Nertmannis:
721 1731 788 1772 cum
808 1716 872 1787 ‚iam
896 1715 949 1771 lli·
1002 1711 1824 1788 llichaelcmVll,Orientisimperaterem,apocrisiarium

124 1801 251 1858 cbardus
267 1802 516 1858 Nortmannorum
529 1801 665 1875 princeps
679 1802 828 1876 Aquinum
853 1817 949 1876 usquc
962 1844 987 1913 Β
1002 1802 1099 1874 mls1t3
1110 1804 1189 1861 unde
1199 1804 1549 1876 cumdemimperatorem
1559 1818 1626 1859 cum
1636 1802 1826 1859 Romanallc·

123 1889 215 1947 victor
229 1890 417 1963 pervenisset,
433 1890 539 1947 Urbem
556 1889 687 1963 proxime
701 1891 868 1963 invasurus,
886 1895 949 1949 uta
1002 1890 1308 1950 elesiacemmuniene
1319 1892 1509 1963 conjunctum
1524 1891 1615 1947 fuisse
1626 1894 1726 1964 aperte
1740 1888 1824 1946 colli·

121 1979 261 2052 pontifics
276 1980 462 2053 imperatoris
486 1979 601 2053 insigne
616 1981 756 2054 consequi
771 1984 880 2053 posset.
902 1981 947 2038 Ad
1001 1981 1090 2057 gitur.
1103 1981 1256 2038 Basilicam
1267 1980 1365 2037 Sancti
1373 1979 1520 2038 Benedicti
1529 1979 1559 2034 in
1570 1978 1748 2035 monasterio
1759 1979 1826 2036 Cas·

120 2067 455 2125 Guillclmumcomitem
462 2068 946 2141 Nortmanniae,quemlldwardus,
1001 2068 1112 2127 alnensi
1124 2069 1229 2143 ipsein
1245 2069 1399 2142 prasentia
1412 2068 1545 2126 omnium
1561 2066 1756 2124 cardinalium
1771 2067 1825 2123 de·

119 2155 201 2230 virgo
212 2157 354 2228 uirginem
365 2157 477 2213 habens
490 2173 609 2213 uxerem
620 2157 766 2227 Editbam,
775 2157 857 2214 nulla
867 2156 948 2231 prole
1001 2158 1117 2216 dicerit.
1128 2158 1286 2215 Henricum
1295 2173 1404 2231 regem,
1416 2173 1504 2230 quem
1516 2160 1633 2229 propter
1642 2155 1824 2212 simoniacas

120 2245 232 2318 relicta,
245 2262 445 2303 successorem
457 2246 540 2318 regni
555 2246 756 2318 constituerat,
768 2247 850 2305 misit
859 2246 947 2303 vexil-
1001 2245 1451 2319 abbatiarumetepiscopatuum
1460 2243 1698 2314 nundinationes,
1708 2243 1823 2314 aliaque

118 2333 406 2404 lum,utHaroldum
424 2338 582 2406 tyrannum
597 2334 709 2408 Anglia
725 2349 849 2409 regnum
864 2351 947 2392 occu·
1000 2335 1086 2410 plura
1099 2335 1216 2403 delicta,
1240 2335 1368 2391 Saxones
1393 2338 1422 2390 et
1443 2333 1589 2409 principes
1614 2331 1729 2404 imperii
1745 2330 1823 2403 apud
1915 2382 1921 2391 ‚

119 2423 944 2497 pentempestebitumsauctiEdwardiregiserpelleret,
1000 2425 1169 2497 pontillccm
1190 2427 1406 2490 accusaverant,
1431 2438 1579 2495 quemque
1593 2425 1713 2478 sanctus
1726 2421 1822 2486 Anno,

121 2517 211 2585 atque
224 2518 254 2579 ut
264 2511 414 2585 legitimus
425 2512 684 2569 successorecdem
693 2529 783 2586 regno
791 2513 944 2585 potiretur.
1000 2513 1136 2570 abdicata
1149 2512 1225 2570 hanc
1236 2513 1400 2569 obcauaam
1412 2511 1494 2584 regni
1505 2526 1581 2584 cura!
1590 2512 1619 2566 et
1633 2507 1821 2565 administra·

120 2603 177 2658 Pro
192 2598 404 2673 componendis
427 2600 622 2657 seditionibus
646 2616 699 2673 per
720 2600 903 2658 Simonieccs
917 2605 947 2659 et
998 2601 1088 2669 tione,
1101 2601 1137 2657 ab
1148 2600 1296 2674 impietate
1306 2605 1334 2658 et
1344 2599 1507 2674 sacrilegiis
1517 2598 1594 2672 apud
1605 2596 1741 2655 eumdem
1753 2612 1822 2668 pcn-

118 2690 293 2748 lornicaries
318 2689 437 2746 clericos
462 2689 580 2761 cnemis,
600 2688 775 2763 legationem
799 2689 881 2747 misit
907 2691 945 2749 ad
998 2690 1108 2746 tidcem
1123 2688 1261 2764 graphice
1274 2689 1479 2762 descripserat,
1502 2703 1555 2760 per
1568 2685 1681 2743 litteras
1696 2684 1819 2741 Romam

113 2778 363 2838 Mediolanenses.
379 2779 499 2836 Decreta
513 2778 669 2835 autoritate
688 2776 849 2850 apostolica
871 2779 944 2852 ipsis
998 2777 1116 2835 citavit:
1131 2794 1234 2835 uarum
1246 2781 1339 2835 morte
1351 2782 1526 2850 praeuentus,
1537 2791 1656 2833 causam
1667 2772 1745 2847 regis
1755 2788 1821 2829 suo

114 2869 288 2943 praecripta
300 2868 377 2924 inira
390 2868 621 2940 eubJ‘unguntur.
635 2875 655 2924 Δ
670 2866 827 2924 Guilielmo
837 2867 944 2924 comite
998 2866 1333 2939 cessoridijudicandam
1342 2865 1470 2940 reliquit.
1481 2866 1614 2924 Mortuus
1624 2867 1669 2921 est
1680 2860 1818 2936 pontifex,

86 2997 89 3002 -
112 2956 308 3031 Burgundio,
324 2961 353 3013 et
367 2954 568 3029 compluribus
583 2956 761 3012 Francorum
784 2955 943 3026 nobilibus,
998 2955 1177 3013 miraculosa
1194 2956 1336 3014 demonis
1352 2952 1523 3030 expulsione
1538 2957 1566 3010 ct
1580 2951 1676 3009 claudi
1692 2949 1820 3006 bominis

112 3063 169 3120 pro
183 3045 365 3103 defendenda
375 3045 506 3102 Romana
515 3042 654 3113 Ecclesia,
666 3044 860 3118 quotiescpus
870 3049 943 3112 erat,
998 3059 1069 3101 cura
1082 3044 1300 3110 celeberrimus,
1317 3045 1426 3115 Remu,
1441 3043 1555 3101 decimo
1574 3039 1719 3098 Kalendas
1741 3037 1819 3110 llaii,

109 3135 245 3210 juratam
261 3134 489 3209 promissionem
500 3133 619 3206 accepit.
635 3132 727 3190 Usum
741 3132 844 3202 mitra,
860 3131 943 3190 laicis
997 3148 1074 3190 anne
1089 3134 1169 3199 1072,
1186 3148 1253 3188 cum
1279 3131 1404 3189 sedisset
1430 3147 1524 3188 anuos
1538 3130 1687 3197 undecim,
1703 3142 1820 3184 menses

113 3223 260 3282 hactenus
274 3221 645 3291 inconcessum,thislao
660 3220 727 3278 duci
743 3221 939 3278 Bchemorum
955 3211 977 3281 C
995 3237 1057 3288 sex,
1072 3225 1102 3277 et
1115 3221 1178 3277 dies
1189 3220 1294 3294 viginti
1308 3220 1394 3277 duos.

113 3313 270 3371 concessit.
282 3312 439 3370 llenricum
450 3327 560 3385 regem,
574 3311 624 3383 qui
633 3308 756 3384 juvenili
767 3310 866 3367 furore
875 3309 944 3366 Ber·

114 3454 1821 3493 Μ

488 3652 491 3657 -
602 3592 855 3693 NOTITIA
889 3590 1330 3692 DIPLOMATICA.

548 3821 655 3894 (lurra,
679 3823 791 3894 lteram
812 3816 977 3892 pontificum
1003 3817 1197 3888 mmmmm,
1222 3832 1289 3890 pag.
1313 3815 1389 3888 389.)

150 4094 182 4152 ln
193 4094 350 4152 Alexandri
361 4095 385 4152 ll
396 4095 486 4152 bullis
495 4097 632 4170 (quarum
643 4096 729 4170 signa
738 4095 983 4171 chronological)
1068 4091 1222 4166 Stephanus
1235 4095 1346 4149 amatu
1359 4089 1591 4162 matinatella).

111 4182 195 4240 haud
219 4200 284 4241 raro
300 4189 370 4241 sunt
393 4185 560 4258 depravata)
574 4185 635 4242 heac
650 4185 753 4243 insunt
767 4188 937 4244 sententis:
988 4251 994 4263 ‚
1067 4181 1274 4240 Hildetreudus
1287 4181 1316 4238 S.
1332 4182 1364 4237 ll.
1379 4180 1410 4236 9.
1424 4179 1636 4237 mcbidiuccoue
1651 4176 1709 4250 (27,
1722 4176 1780 4249 29).

112 4272 329 4330 uscanensis
340 4289 449 4331 uosrss
459 4291 493 4330 ar
503 4291 714 4332 suessulanus
730 4290 807 4343 auos;
816 4307 850 4317 -
861 4276 940 4332 Dsus
1031 4270 1150 4343 Scripta
1165 4269 1251 4327 bullae
1266 4274 1337 4327 sunt
1350 4285 1401 4343 per
1415 4284 1559 4326 manum:

112 4364 938 4434 somnouassuorousrvrnrus;-ltlxacrav1rual)aus
1063 4360 1190 4415 minerii
1202 4355 1816 4429 amicieriietocioriisecripololiillss,33).
1914 4364 1921 4378 ⁰

111 4466 146 4508 uc
157 4465 280 4508 viarum
294 4466 411 4509 amcau
425 4468 483 4510 sor.
1065 4446 1227 4504 Guioiucots
1252 4448 1358 4504 aeteri
1379 4447 1457 4502 sacri
1479 4446 1581 4518 polodi
1601 4451 1759 4516 senemque
1783 4444 1815 4499 ll.

149 4614 234 4669 uecta
249 4611 505 4686 subscripserunt:
1063 4623 1197 4696 Stephani
1218 4623 1323 4679 commi
1344 4622 1497 4694 regionarii
1518 4625 1547 4677 et
1573 4619 1707 4676 calamii
1728 4617 1758 4674 S.
1782 4619 1815 4673 lt.

186 4701 348 4775 derisorius
363 4701 501 4776 episcopus
515 4701 676 4761 libanensi
687 4704 743 4776 (27,
760 4705 816 4776 49).
1098 4713 1130 4768 Ε.
1146 4711 1213 4783 (29).

186 4791 287 4846 Petras
303 4793 461 4848 Dumiuour
473 4793 900 4869 accommodatumque).
1064 4800 1170 4858 Ocmuii
1182 4798 1327 4855 semiorii
1339 4805 1366 4855 et
1378 4798 1486 4856 nemci
1499 4795 1680 4870 secripulutic¹
1688 4793 1745 4866 (51,
1755 4793 1812 4866 52).

185 4880 305 4936 qucces
319 4881 460 4952 episcopus
468 4880 642 4954 Parmensis,
657 4883 714 4954 (27,
728 4883 785 4957 29).
1060 4889 1179 4947 leucoia
1192 4888 1298 4944 notarii
1311 4894 1338 4944 et
1351 4887 1505 4957 reqicnurii
1519 4901 1552 4943 uc
1565 4883 1697 4942 minerii
1709 4899 1734 4940 a.
1755 4882 1813 4938 aed.

184 4969 331 5041 leopertus
344 4964 487 5044 episcopua
500 4971 658 5029 Pcrcuratis
672 4972 740 5043 (49).
1083 4981 1183 5051 ,apost
1199 4977 1256 5050 (58,
1270 4975 1329 5049 59).

185 5056 385 5114 buinardus.
401 5058 507 5130 Rufina
520 5061 740 5134 epiecopucltl).
1026 5071 1116 5138 Dete,

184 5145 325 5203 llatuldus
339 5147 482 5220 episccpuc
496 5148 660 5207 mamae
671 5151 727 5223 (27,
744 5153 800 5226 49).
1228 5153 1329 5211 Mense
1340 5152 1476 5224 januario
1489 5155 1576 5211 loos:

183 5236 303 5294 locanes
316 5238 457 5309 episcopare
472 5238 683 5297 bumlaomis
699 5242 766 5315 (27).
989 5244 1045 5302 Per
1058 5259 1197 5303 manum:
1214 5242 1354 5300 llmuurdi
1372 5259 1396 5300 a.
1416 5243 1548 5302 dcckdae
1569 5242 1654 5300 δι’ἱυι·
1682 5238 1815 5299 Candida

184 5324 343 5383 stridenes
360 5325 453 5398 presb.
467 5327 543 5384 card.
568 5343 637 5385 rom.
667 5330 739 5387 sect.
764 5337 790 5388 et
807 5331 891 5388 ottus
905 5333 935 5387 S.
1028 5368 1031 5379 ·
1256 5334 1376 5404 episcopi
1398 5339 1424 5389 et
1446 5336 1535 5404 apost.
1553 5331 1614 5389 aad.
1636 5329 1815 5388 tibiietlteco·

219 5412 362 5471 Beaedicti
376 5413 444 5487 (27).
1254 5422 1295 5477 rii
1308 5421 1347 5493 (8,
1364 5421 1420 5492 10).

184 5502 312 5570 lemnes,
340 5502 389 5574 qui
407 5511 433 5560 et
458 5503 590 5575 dicutur,
621 5506 698 5563 cord.
727 5510 771 5565 lit.
797 5506 825 5564 S.
842 5508 936 5566 llario
1096 5507 1272 5566 llanuario
1288 5509 1359 5565 1953
1372 5509 1409 5566 ad
1423 5509 1599 5567 ianuarium
1617 5510 1706 5566 1069:

221 5599 300 5650 uuas
315 5592 439 5652 Tiberim
452 5593 520 5667 (19).
989 5597 1045 5657 Per
1059 5613 1200 5657 manum:
1215 5598 1294 5658 Petri
1303 5597 1508 5657 bibliothecarii
1516 5598 1557 5673 (9,
1572 5599 1619 5671 25,
1630 5599 1677 5668 ae,
1689 5598 1746 5672 29).
