3892 6096
623 127 657 192 Ο

114 316 172 399 tut
621 311 1046 391 cranourncnaoms.
1070 317 1314 386 nuuuenum
1761 316 1823 381 ms

117 462 177 517 test
190 455 327 517 inveniri.
342 457 446 516 Nullus
462 456 589 533 denique
617 458 697 516 rivus
712 459 824 532 absque
846 459 938 518 lentis
952 460 981 530 A
994 446 1530 531 quieribusspiritibusjudieiodivino
1539 446 1819 526 permittunturim·

118 548 165 605 sui
181 547 348 605 substantia
362 547 477 618 delinit,
505 565 659 623 quousque
687 548 753 606 leus
773 548 940 607 ebulliendo
996 547 1130 622 pugnari.
1146 548 1213 603 Eece
1228 560 1356 618 namque
1372 542 1528 611 diaboli‚ut
1551 541 1667 616 legitur,
1685 543 1823 600 electensi
1847 573 1852 580 ·

55 650 65 659 ·
118 636 411 695 subsistit.Gaterum
427 637 452 694 si
468 638 533 695 lons
548 637 738 709 exsisecatur,
750 640 779 694 et
792 638 880 694 iontis
891 655 940 712 pe·
997 637 1108 711 (llatae,
1125 637 1156 709 1).
1172 638 1233 702 Quo
1248 634 1432 708 significatur
1455 633 1527 706 quia
1553 630 1663 705 peritos
1691 636 1720 688 et
1747 648 1822 689 san·

119 742 192 783 sone
209 725 411 799 privatuu.Sed
423 732 451 784 et
461 731 599 801 stagnum
614 728 686 785 satis
695 728 827 785 convenit
840 744 942 801 perse·
997 731 1059 785 ctos
1073 741 1207 801 quosque
1219 724 1345 782 maxime
1360 724 1539 797 impugnans
1553 736 1603 778 eos
1618 725 1718 778 ventre
1734 720 1821 778 mali-

119 831 163 871 na
178 814 305 887 Spiritus
320 816 415 873 sancti
431 833 438 872 ε
454 816 594 888 quoniam
618 818 696 875 sieut
723 817 788 874 iens
819 822 848 874 et
863 817 942 875 rivus
997 817 1044 874 tia
1056 832 1115 874 sua
1128 816 1232 873 nititur
1245 815 1392 871 devorare.
1408 810 1584 885 Huiusmodi
1605 813 1703 867 autem
1718 811 1821 883 impu·

120 903 301 961 confluentes
315 903 346 961 in
355 909 493 979 stagnum
502 905 735 965 uuiuselementi
746 906 942 965 substantium
997 907 1096 980 guntin
1106 905 1220 979 Jugiter
1234 902 1463 978 praeoccupanda
1478 905 1523 959 est
1535 899 1660 959 lectione
1673 898 1821 958 librorum

120 991 241 1060 hubent,
256 993 296 1049 ita
311 997 340 1050 et
355 992 440 1050 Pater
454 998 483 1072 et
498 994 588 1051 Filius
615 997 644 1052 iu
674 996 788 1054 unitate
816 996 943 1071 Spiritus
996 994 1115 1053 illorum
1127 995 1157 1051 iu
1173 993 1281 1067 quibus
1296 992 1469 1065 deteguntur
1484 990 1602 1047 fraudes
1628 989 1740 1046 inimici
1755 1006 1822 1047 ma·

121 1081 216 1138 sancti
230 1083 437 1144 convenientes
452 1100 544 1140 unum
560 1088 641 1152 sunt,
656 1088 686 1141 et
700 1101 790 1142 unam
805 1085 943 1142 substan·
997 1084 1133 1156 ximeque
1148 1081 1304 1157 Evangelii,
1318 1081 1368 1139 ubi
1395 1098 1413 1138 a
1436 1079 1560 1138 Domino
1587 1078 1825 1152 unumquodque

120 1170 194 1227 tiam
210 1170 352 1228 eiilciunt.
997 1173 1101 1231 vitium
1116 1173 1160 1230 vel
1174 1170 1268 1229 virtus
1284 1169 1498 1245 pronuntiatur
1512 1185 1563 1242 per
1578 1166 1825 1242 parabolasoua-

158 1259 323 1317 lnaecensa
350 1276 467 1333 quoque
490 1260 612 1317 eundela
639 1261 763 1318 inveniri
791 1267 897 1334 potest,
912 1266 945 1319 ut
998 1266 1117 1336 propter
1143 1279 1177 1319 ex
1205 1260 1372 1335 euangelica
1408 1258 1530 1316 lectione
1563 1256 1824 1316 commonitorium

121 1364 197 1416 reor,
212 1349 291 1405 idem
307 1353 414 1405 sancta
429 1349 581 1406 Trinitatis
593 1351 775 1422 mysterium.
791 1352 865 1408 Nam
876 1368 943 1408 eum
998 1352 1084 1408 breve
1095 1351 1141 1407 hic
1156 1352 1250 1408 faeere
1263 1349 1328 1407 volo
1344 1352 1376 1406 ut
1389 1350 1420 1405 iu
1430 1351 1568 1423 promptu
1579 1346 1747 1404 habeantur
1757 1362 1823 1420 quen

121 1438 228 1495 ardeus
238 1436 392 1494 elementis
407 1439 639 1509 conaminibus,
656 1439 685 1495 id
701 1442 745 1496 est
759 1443 946 1513 stuppa,cera
1000 1439 1157 1510 cujuslibet
1170 1439 1239 1496 vitio
1254 1438 1429 1513 opponenda
1443 1437 1482 1495 sit
1496 1437 1592 1494 lectio.

120 1524 196 1598 igne.
213 1542 405 1598 personarum
420 1525 512 1583 trium
533 1527 658 1600 figuram
682 1531 771 1597 tenet,
787 1528 839 1585 sed
854 1545 944 1593 uuam
1034 1529 1107 1586 Cum
1122 1528 1212 1601 igitur
1226 1528 1256 1584 in
1271 1528 1370 1584 animo
1384 1526 1512 1583 doctoris
1528 1524 1763 1584 assiduadivina
1778 1525 1825 1581 iu·

122 1613 318 1672 substantiam
333 1632 344 1676 ‚²
359 1619 388 1670 et
403 1615 481 1671 sicut
510 1615 592 1672 nulla
619 1616 746 1674 candela
774 1616 887 1673 utilitas
914 1618 944 1673 in
1000 1617 1162 1674 stitutionis
1178 1613 1595 1690 negligentiasentiatur‚lcgat
1608 1613 1824 1686 parabolamil·

122 1708 236 1776 stuppa
251 1706 279 1760 et
293 1720 364 1760 cera
380 1704 559 1761 coniectione
571 1705 681 1777 absque
696 1704 865 1762 incensione
878 1705 943 1775 erit,
1000 1705 1059 1763 lam
1076 1724 1082 1763 :
1096 1707 1173 1764 anta
1186 1711 1235 1781 qui
1247 1709 1367 1763 seminat
1376 1707 1704 1763 seminareaemensuum
1718 1704 1826 1776 (liciti.

124 1791 166 1848 ita
180 1791 269 1848 etiam
284 1790 327 1848 illi
343 1791 393 1863 qni
409 1791 440 1849 in
455 1793 570 1850 Patrem
585 1800 613 1849 et
626 1792 733 1850 Filium
748 1793 869 1851 eredens
883 1795 945 1867 Spi·
999 1811 1062 1865 1111,
1077 1795 1115 1868 3).
1132 1795 1206 1860 Quia
1216 1795 1247 1851 iu
1262 1795 1364 1851 eodem
1379 1796 1442 1867 ipso
1457 1792 1579 1850 Domino
1608 1792 1780 1862 disserente,
1796 1796 1827 1850 et

122 1881 203 1954 pitas
215 1881 310 1937 saneti
326 1880 424 1953 ignem
435 1882 472 1937 ab
486 1881 530 1938 cis
544 1886 670 1955 separat,
691 1881 731 1939 nil
746 1882 875 1956 proderit
887 1883 943 1939 hu·
999 1901 1051 1957 per
1064 1884 1119 1941 hee
1134 1885 1222 1941 etiam
1237 1900 1340 1942 omues
1354 1884 1486 1941 doctores
1513 1886 1684 1939 ceterarum
1698 1882 1827 1956 parabo-

118 1969 252 2041 jusmodi
266 1969 349 2026 tides.
998 1973 1094 2030 larum
1106 1973 1281 2030 solutionem
1297 1975 1461 2031 instruente
1482 1975 1683 2030 memorantur
1709 1971 1823 2042 omnia,

161 2055 468 2132 Hisigiturexemplis
483 2060 519 2117 de
535 2064 637 2118 saneta
652 2061 796 2119 Trinitate
824 2061 945 2134 prolatis
999 2079 1126 2136 querum
1155 2063 1259 2120 ellectu
1283 2063 1373 2119 divini
1402 2062 1481 2119 verbi
1511 2060 1688 2135 negligentia
1703 2059 1824 2130 ¹oritur.

124 2163 199 2220 qua,
215 2147 397 2220 utarbitror,
413 2149 551 2206 omuibus
576 2149 665 2222 plana
690 2152 844 2224 santiam
859 2151 945 2225 cupio
1000 2153 1081 2219 Quod
1098 2152 1176 2209 enim
1199 2152 1319 2226 plurimi
1346 2151 1480 2209 bomincs
1506 2152 1542 2208 od
1566 2155 1669 2222 tempas
1697 2149 1825 2217 armant,

124 2233 181 2292 ulia
195 2235 329 2309 exempla
343 2237 379 2293 ad
395 2236 535 2296 moralem
548 2255 668 2296 sensum
679 2239 855 2314 pertinentia
863 2256 945 2313 spar-
999 2250 1026 2298 et
1040 2240 1071 2297 in
1084 2246 1203 2315 tempore
1218 2242 1380 2299 tentationis
1395 2240 1535 2307 recedunt,
1552 2240 1702 2314 quodqueo
1715 2239 1828 2295 acilici-

123 2325 179 2383 sim
188 2322 560 2399 colligere.Primoquidem
569 2329 945 2402 deparabolisquibusdam
1005 2329 1146 2386 tardiribus
1161 2333 1188 2386 et
1201 2329 1305 2386 diuitiis
1319 2338 1343 2386 et
1357 2329 1544 2401 uoluptatibus
1562 2329 1629 2385 uita
1643 2325 1727 2395 buius
1736 2326 1826 2398 cutio

122 2413 225 2486 quain
239 2413 395 2486 Evangelio
410 2414 504 2488 ipsius
515 2416 629 2473 Domini
641 2417 731 2475 nostri
744 2432 794 2474 ore
808 2416 947 2491 leguntur
1000 2426 1099 2476 cantur
1112 2420 1187 2491 (Luc.
1199 2435 1262 2486 1111,
1279 2418 1333 2490 ll),
1346 2434 1398 2475 sen
1414 2417 1545 2490 quolibet
1559 2416 1646 2473 modo
1660 2413 1829 2488 impediun-

122 2501 252 2576 prolata;
268 2517 321 2576 per
334 2503 387 2560 bas
403 2503 516 2560 scilicet
531 2503 651 2563 clericos
667 2506 830 2580 specialiter
845 2507 946 2564 admo·
1001 2511 1060 2576 tur,
1076 2523 1113 2564 ne
1127 2506 1217 2564 diuini
1232 2506 1312 2563 verbi
1329 2508 1456 2564 referant
1469 2506 1610 2574 fructum,
1625 2501 1681 2562 hoc
1696 2503 1828 2560 maxime

123 2605 197 2646 nens
212 2593 245 2645 ut
258 2594 345 2646 tauta
361 2591 500 2648 doetrinae
509 2591 788 2670 verbalegeutes,rel
795 2596 947 2653 audientes
1002 2613 1037 2652 ex
1050 2595 1101 2652 illa
1115 2595 1293 2669 negligentia
1307 2596 1386 2651 venit
1400 2612 1459 2668 qua
1472 2596 1609 2652 timorem
1635 2606 1827 2664 amoremque

124 2681 251 2735 mentem
260 2677 492 2751 aliquatenusab
503 2679 648 2738 illecebris
662 2687 692 2740 et
699 2684 816 2757 pompis
826 2685 946 2742 sacula—
1000 2684 1051 2742 Dei
1062 2687 1233 2757 spernentes
1244 2684 1367 2740 eredunt
1377 2700 1408 2741 se
1417 2682 1733 2756 temperaliaetcateru
1742 2681 1823 2738 bona

123 2765 207 2822 ribus
222 2766 499 2826 retrabant.Deinde
510 2786 577 2827 vero
592 2786 627 2828 ex
638 2771 728 2830 variis
742 2773 830 2830 rebus
842 2790 906 2847 qua
916 2775 947 2830 in
1005 2789 1064 2830 uuo
1079 2772 1246 2831 dilectionis
1255 2789 1361 2846 genere
1371 2789 1457 2846 posse
1467 2772 1588 2845 adipisci
1606 2789 1658 2830 seu
1671 2771 1828 2844 quianam

124 2854 453 2929 hoeseculopervisum
463 2858 649 2927 velanditum
665 2864 725 2918 tarn
735 2861 946 2935 slaiois,quam
1002 2877 1055 2934 pro
1070 2865 1148 2918 certo
1161 2860 1256 2917 sciant
1270 2860 1537 2917 discernendaesse
1552 2859 1581 2916 in
1592 2857 1829 2929 dilectione,pro·

125 2940 240 3001 clericis
255 2945 357 3003 sentiri
372 2951 506 3020 possunt,
522 2953 554 3006 ut
569 2949 669 3022 apium
688 2949 839 3008 defloratio
854 2952 885 3009 in
900 2969 948 3010 va·
1002 2954 1117 3024 ponunt
1132 2949 1189 3006 sibi
1205 2949 1327 3023 longum
1343 2949 1406 3006 vita
1422 2948 1573 3024 presentis
1587 2947 1716 3022 spatium
1743 2945 1829 3002 divi·

125 3032 178 3090 riis
193 3032 315 3101 loeis3ut
328 3034 494 3095 immensus
510 3037 580 3096 solis
590 3038 774 3112 splendor;ut
788 3046 909 3100 ornatus
919 3046 949 3100 et
1003 3055 1130 3112 namque
1146 3039 1361 3112 pietatemque
1376 3039 1490 3097 eunetis
1506 3039 1542 3096 ad
1556 3037 1669 3111 se,licet
1682 3051 1829 3094 serceou·

126 3121 316 3194 pulchritudo
331 3123 781 3202 iacturaipsaqueutilitas,qua
796 3130 827 3186 in
843 3135 949 3187 natura
1001 3129 1105 3195 versis,
1121 3128 1235 3185 veniam
1250 3129 1395 3202 premittit
1413 3132 1443 3185 et
1465 3128 1520 3185 hac
1548 3126 1742 3201 promissione
1772 3125 1829 3181 ab·

125 3210 257 3268 humana
271 3212 416 3283 consistit;
434 3221 467 3271 ut
477 3216 798 3276 taeultasetdiffieultas
808 3220 948 3292 operandi
963 3203 986 3272 G
1005 3217 1397 3287 utentes,credendoscilicet
1405 3218 1475 3291 quia
1482 3218 1718 3291 quandocunque
1727 3214 1830 3272 velue·

124 3297 156 3356 iu
167 3299 345 3371 quibusdam
360 3303 553 3376 temporibus,
569 3308 770 3365 utnecessitas
783 3309 950 3381 quotidiani
1004 3307 1263 3366 rintoitouonverti
1274 3307 1486 3381 possint,quasi
1498 3305 1696 3365 conversionis
1706 3308 1829 3378 tempus

125 3404 212 3457 esus;
230 3391 804 3468 utabundantiaetpeuuriasubstautia
814 3397 950 3456 victualis
1004 3397 1035 3454 iu
1051 3400 1193 3471 potestate
1207 3397 1465 3465 habeant,iuterim
1481 3401 1543 3454 toto
1557 3396 1623 3453 uisu
1637 3393 1765 3452 terrama
1781 3408 1830 3451 eo·

124 3477 228 3534 Euhie
243 3494 312 3552 ergo
328 3481 467 3540 omnibus
477 3481 566 3540 laicos
573 3484 739 3557 specialiter
749 3485 950 3544 admonendos
1005 3486 1156 3544 lummodo
1171 3487 1250 3543 curis
1270 3491 1298 3543 et
1313 3486 1512 3560 voluptatibus
1536 3488 1719 3558 occupantur
1734 3526 1743 3553 ,
1759 3497 1829 3540 eum

126 3565 340 3636 essedecerno;
356 3570 425 3642 quia
440 3574 468 3628 st
482 3572 572 3629 semel
587 3572 629 3629 eis
644 3573 714 3644 quid
730 3572 897 3647 significent
908 3591 950 3632 re·
1006 3592 1062 3650 que
1076 3577 1112 3633 de
1126 3575 1173 3632 die
1189 3576 1219 3632 in
1235 3575 1324 3645 diem,
1340 3577 1376 3632 de
1390 3591 1491 3633 mense
1507 3575 1537 3632 in
1554 3573 1735 3646 mensem,de
1751 3587 1831 3629 anno

128 3659 253 3724 seratur,
269 3661 370 3728 postea
385 3674 483 3715 eoram
498 3660 557 3716 Deo
573 3658 685 3716 nullam
706 3660 815 3718 habent
829 3680 949 3720 exeusa-
1006 3666 1037 3722 iu
1052 3682 1163 3724 annum
1178 3665 1502 3738 conversionistempus
1515 3661 1830 3733 differuntautvixde·

127 3743 238 3800 tionem
253 3761 305 3817 pro
325 3745 494 3820 ignorantia
516 3747 681 3806 litterarum
700 3767 707 3818 ;
723 3750 794 3806 dum
819 3752 950 3825 quotidie
1006 3771 1089 3811 mum
1104 3758 1323 3824 convertuntur,
1334 3759 1386 3811 aut
1400 3754 1484 3827 quasi
1498 3753 1624 3810 catenati
1639 3755 1831 3809 aoousuetu·

129 3830 165 3887 ab
180 3830 228 3888 his
243 3849 307 3905 qua
321 3835 474 3906 possident
487 3840 515 3893 et
529 3854 597 3894 eum
612 3837 720 3912 quibus
744 3846 899 3898 versantur
913 3842 949 3900 ad
1007 3844 1075 3900 dine
1089 3842 1220 3916 pessima
1234 3843 1298 3900 sine
1312 3843 1498 3901 conversione
1510 3842 1686 3899 moriuntur.
1701 3840 1777 3897 Nam
1792 3854 1830 3896 ex

129 3921 274 3979 creatoris
289 3923 633 3984 notitiaminstruantur.
1005 3930 1117 4008 peceati
1132 3949 1228 4007 pinna,
1245 3949 1334 4006 quam
1349 3932 1379 3989 in
1393 3932 1483 4008 leuga
1497 3929 1694 3989 conversionis
1709 3927 1831 3986 diletio-

451 4033 565 4090 cAthT
580 4033 626 4090 1v,
1005 4037 1042 4078 ne
1057 4026 1229 4078 meruerunt
1243 4020 1389 4079 videbitur
1404 4021 1446 4078 eis
1459 4016 1831 4095 quandoqueimpossibila

130 4119 324 4189 Propanuatur
342 4120 449 4178 ebriam
477 4121 594 4182 diem
621 4125 786 4197 evangelie&
809 4127 953 4199 poroiolae
1007 4110 1084 4184 quod
1100 4110 1356 4184 quondamvisum
1371 4110 1466 4168 luerat
1478 4109 1614 4166 laeile.ld
1626 4106 1846 4181 expellendum,

166 4205 285 4261 quarum
298 4190 474 4251 meditatione
487 4194 601 4252 dicacis
615 4211 709 4253 eorum
724 4199 800 4254 uitiis
816 4199 952 4257 nudicina
1007 4215 1074 4271 ergo
1082 4203 1142 4256 tam
1149 4198 1343 4273 periculosam
1353 4203 1473 4272 tamque
1482 4199 1666 4256 tremendam
1676 4195 1833 4270 negligen-

164 4268 290 4332 Ῥίνθων·
1007 4288 1079 4347 tiam
1090 4288 1289 4360 satisjnvat,si
1301 4287 1509 4363 parabolajam
1519 4286 1837 4357 commemorataejus·

167 4366 223 4425 Sed
239 4368 287 4426 his
301 4370 544 4431 interimomissis
554 4372 719 4432 adelericus
730 4392 804 4449 quos
814 4378 952 4449 perSeri-
1008 4395 1065 4451 que
1080 4378 1221 4451 expositio
1236 4377 1344 4452 sapius
1359 4379 1527 4451 intenteque
1550 4377 1674 4451 legatur,
1690 4374 1717 4433 si
1731 4378 1836 4432 umen

131 4460 249 4529 pteram
258 4459 476 4519 sanctissimam
487 4462 660 4537 evangelicas
669 4463 954 4525 lectionisiustruere
1007 4467 1085 4525 adsit
1099 4468 1188 4526 simul
1203 4484 1274 4525 cura
1282 4467 1433 4540 oratioque
1451 4467 1579 4539 Jugis,ut
1589 4462 1754 4540 expellatur
1770 4464 1837 4538 ;ip·

132 4547 859 4628 statui‚qriusadmonendosaggrediunnpostolus
872 4573 954 4613 nam·
968 4576 993 4644 Ι)
1010 4574 1074 4615 sam
1090 4557 1168 4615 cuim
1183 4557 1348 4614 divinorum
1363 4555 1680 4614 verboramleetionem
1694 4558 1726 4612 et
1737 4554 1844 4611 intua·-

132 4652 190 4710 que
218 4637 288 4695 dicit
304 4658 310 4709 ;
325 4642 499 4717 Quaecunque
526 4645 631 4716 scripto
662 4647 736 4716 cunt,
765 4645 801 4700 ad
830 4652 955 4704 noctram
1008 4647 1118 4705 tionem
1134 4647 1258 4704 nimium
1273 4646 1436 4704 formidans
1459 4641 1849 4718 diabolueiugitalegen-'

131 4725 288 4784 doctrinam
301 4733 406 4804 scripta
420 4748 482 4789 aum
496 4734 583 4805 (Rom.
598 4750 645 4803 xv,
661 4733 698 4806 l).
717 4735 786 4802 Quae
813 4734 954 4793 nimirum
1008 4736 1087 4795 tibus
1100 4740 1129 4794 et
1143 4735 1355 4794 meditantibus
1366 4734 1474 4794 diviua.

130 4815 266 4872 verbead
281 4833 331 4874 eos
345 4819 511 4892 specialiter
524 4822 682 4896 pertinent,
712 4823 762 4896 qui
789 4823 953 4883 litterarum
1044 4827 1118 4883 Item
1129 4827 1154 4883 si
1165 4827 1272 4900 quises
1282 4824 1432 4898 superflua
1441 4823 1598 4882 tenacitate
1608 4821 1761 4896 nimieque
1770 4837 1837 4897 pre·

131 4903 266 4962 notitiam
284 4906 423 4964 babentes
438 4909 469 4966 in
496 4910 539 4967 eis
564 4912 676 4985 jugiter
703 4927 860 4987 agnoscere
885 4931 952 4987 pes·
1008 4917 1152 4974 tiesarum
1167 4915 1348 4973 vestiumvel
1361 4915 1492 4972 ciborum
1508 4913 1640 4987 appetitu
1654 4910 1792 4970 laborare
1803 4928 1835 4972 se

132 4998 204 5050 sunt
219 4995 346 5067 qualiter
370 5014 402 5054 se
430 5002 459 5055 et
487 5000 662 5058 commissos
690 5020 788 5077 regere
817 5004 952 5062 debeant.
1008 5006 1132 5064 senserit
1147 5005 1401 5079 attendatjugitcr
1419 5003 1588 5079 parabolam
1615 5001 1767 5071 dedivits,
1783 5002 1835 5074 qui

131 5082 214 5140 Unde
230 5084 318 5140 etiam
334 5085 446 5143 clerieis
460 5104 535 5160 epus
547 5093 601 5157 est,
610 5094 642 5146 ut
657 5107 843 5165 summopere
858 5097 954 5151 atteu·
1009 5113 1060 5171 pre
1075 5111 1109 5153 eo
1123 5095 1202 5168 quod
1216 5095 1339 5151 indutus
1349 5099 1393 5152 cst
1405 5110 1537 5167 purpura
1551 5098 1580 5151 et
1589 5093 1720 5167 byssaet
1733 5090 1836 5166 epula-

131 5172 235 5230 dentes
253 5175 330 5246 quod
356 5175 499 5248 scriptum
526 5180 571 5234 eat
587 5180 658 5236 :Cui
669 5181 732 5253 ptua
760 5185 953 5258 committitur,
1008 5186 1095 5244 batur
1109 5184 1544 5259 quotidiesplendidequodque
1559 5182 1834 5241 desubstautiasua

129 5261 193 5335 ptus
207 5262 241 5318 ab
256 5264 431 5334 coneipitur,
448 5267 588 5324 studeant
605 5275 748 5343 percepta
764 5272 892 5331 seientia
909 5278 953 5332 ta·
1009 5293 1062 5334 nec
1077 5275 1255 5333 mendicanti
1266 5275 1374 5333 Lazaro
1389 5274 1458 5331 dare
1467 5272 1597 5331 voluitin
1608 5271 1723 5330 interno
1733 5269 1833 5348 sepul·

132 5348 246 5407 lentum
262 5369 319 5408 uon
330 5352 361 5409 in
376 5356 623 5426 terrasodere‚boe
638 5359 725 5428 estin
741 5363 865 5421 murenis
876 5363 955 5422 curis
1008 5370 1057 5423 tus
1071 5366 1199 5439 estltue.
1221 5381 1280 5437 xvi,
1311 5362 1405 5436 19-22)
1423 5380 1430 5431 ;
1446 5365 1474 5419 et
1489 5359 1590 5435 procul
1617 5358 1706 5417 dubio
1723 5359 1761 5416 ab
1777 5357 1834 5417 bec

131 5440 304 5513 expendere,
322 5444 417 5501 sedin
443 5447 508 5518 ejus
523 5449 675 5507 servitium
705 5467 723 5506 a
748 5467 807 5526 quo
836 5451 956 5513 sibimet
1010 5454 1079 5512 vitio
1091 5453 1276 5528 aliquantum
1291 5453 1442 5510 abstinens
1457 5451 1593 5510 eflicitur.

132 5532 248 5586 constat
261 5531 415 5591 tributum.
433 5536 571 5595 liecelaut
599 5538 791 5597 nihilomiuus
804 5546 832 5598 et
856 5541 929 5600 illud
945 5563 952 5615 ;
1044 5546 1082 5599 Ut
1096 5549 1193 5601 autem
1204 5543 1387 5617 quibuslibet
1397 5541 1489 5616 lapsis
1504 5539 1687 5614 compatiens
1698 5540 1729 5596 et
1742 5553 1837 5612 super
1853 5578 1857 5585 ·

131 5619 201 5695 quia
215 5625 325 5697 quante
339 5623 442 5698 melori
457 5626 664 5688 scientiaeaut
680 5628 776 5704 ditati,
805 5633 887 5691 tauto
900 5649 954 5692 ne·
971 5680 974 5684 .
1009 5649 1110 5694 corum
1124 5633 1329 5696 emendatione
1341 5633 1444 5694 doctor
1470 5629 1618 5695 discretus
1644 5644 1711 5692 esse
1735 5627 1857 5706 possit.-

1707 5910 1730 5963 l.
