3892 6096
140 326 194 389 titt
489 352 492 357 ·
633 329 803 393 (t'thurtt
828 328 1005 393 nunaunt
1030 334 1062 392 S.
1086 328 1329 394 EttMEuAttttt
1787 329 1846 392 184

138 460 247 536 eloquii
262 462 351 520 nostri
364 461 472 518 ira.Dei
483 462 590 519 dicitur
604 462 668 520 ideo
679 470 779 521 contra
790 465 961 538 delinquen·
978 467 1004 531 Α
1020 464 1125 520 demus
1140 464 1180 520 ita
1194 480 1273 532 esse;
1290 465 1339 520 scd
1355 463 1425 536 quia
1440 462 1515 519 alius
1530 460 1586 519 alio
1601 458 1695 535 magis
1709 462 1845 523 minusve

139 556 183 608 tes
198 551 227 607 in
244 551 298 608 boc
314 550 420 607 seculo
431 556 572 620 exerceat,
582 558 728 625 quatenus
738 553 780 610 eis
790 572 808 608 a
822 553 963 626 pravitate
1017 559 1127 625 peccat,
1139 554 1169 609 in
1186 558 1329 626 potestate
1345 553 1394 609 Dei
1411 557 1457 609 est
1472 569 1559 625 quem
1574 550 1644 609 velit
1658 553 1765 625 magis,
1775 552 1847 610 velit

137 657 192 698 sua
206 638 343 696 correctis
372 639 402 696 in
430 640 530 697 lutura
558 641 689 698 misereri
719 643 964 700 valeatUndaet
1018 641 1118 699 minua
1135 642 1328 715 propeccatis
1344 643 1407 698 suis
1423 642 1540 715 punire;
1558 639 1844 713 quemvelithumi-

130 728 293 786 ‘Psalmista
308 728 378 784 dicit
390 746 397 784 :
408 730 537 804 Nnnqnid
552 731 729 788 obliviscetur
741 734 870 789 misereri
884 734 962 805 Dens,
1023 731 1096 788 liare
1109 731 1154 787 vel
1169 732 1312 799 exaltare;
1325 747 1412 803 quem
1421 730 1488 786 velit
1499 729 1605 804 eligere
1618 729 1663 786 vel
1678 732 1845 803 reprobare.

136 823 184 875 aut
198 819 348 875 continebit
362 821 390 875 in
408 821 452 876 ira
474 837 525 877 sua
548 822 751 878 misericordias
773 827 862 879 saras?
877 824 962 896 (Psoi.
1019 823 1083 894 lpse
1095 821 1173 877 enim
1185 820 1255 876 dicit
1269 837 1275 875 :
1291 820 1438 876 lliserebor
1449 823 1497 876 cai
1508 819 1621 876 coluere
1632 820 1728 892 (liaod.
1744 838 1847 889 xxxin,

136 924 230 976 mxv1,
243 909 298 978 10).
317 908 411 974 Quam
435 909 576 965 nimirum
602 913 777 968 sententiam
803 929 860 968 non
884 913 963 969 aissr-
1020 910 1075 982 tt).
1091 911 1127 966 tat
1139 910 1298 981 Apostolus
1314 926 1321 964 ι
1337 911 1396 965 lion
1420 913 1469 980 cst,
1483 908 1590 982 iuquit,
1603 913 1733 982 potestas,
1754 912 1813 967 nisi
1827 928 1848 968 a

139 999 258 1064 maudo,
274 997 325 1054 sed
350 999 521 1071 denegando
536 998 670 1073 protulit,
687 1001 756 1073 quia
780 1018 837 1058 non
862 1002 962 1058 oblivi-
1018 1000 1162 1071 Demque
1183 1006 1275 1054 autem
1298 1005 1362 1054 sant
1387 1015 1403 1054 a
1426 999 1479 1054 Deo
1495 997 1630 1054 ordinata
1653 1001 1716 1053 sarit
1730 1017 1739 1054 :
1754 1002 1849 1072 itaque

140 1091 239 1144 suatur
253 1087 385 1144 misereri
411 1088 498 1156 Deus,
518 1105 611 1160 nequa
626 1089 786 1146 continebit
801 1090 830 1145 in
846 1091 889 1147 ira
913 1107 967 1146 sua
1018 1089 1069 1160 qni
1080 1090 1182 1144 resistit
1191 1089 1323 1159 potestati
1333 1088 1381 1143 Dei
1391 1087 1563 1144 ordinationi
1572 1090 1679 1144 resistit
1688 1088 1849 1160 (Romani,

141 1175 384 1247 misericordiam,
402 1177 430 1232 id
455 1182 510 1245 eat,
522 1194 580 1234 non
602 1178 710 1234 deserit
734 1179 965 1235 misericordiam
1021 1177 1091 1249 1,2).
1101 1181 1233 1249 Cumque
1244 1176 1304 1232 haec
1315 1176 1414 1232 omnia
1425 1177 1465 1231 ita
1476 1191 1540 1232 asse
1548 1177 1766 1252 perpenderint,
1774 1177 1850 1234 nihil

139 1269 257 1339 propter
267 1265 351 1332 iram,
360 1266 410 1321 aed
419 1265 516 1337 potius
527 1266 602 1322 inter
610 1267 793 1323 severitatem
803 1285 966 1340 suamque
1021 1266 1050 1321 in
1063 1265 1256 1339 dispositione
1272 1266 1370 1322 divina
1385 1265 1610 1338 reprehendant,
1622 1265 1673 1322 sed
1687 1283 1754 1322 cum
1767 1267 1850 1324 Psal-

140 1355 261 1413 abusive
278 1355 321 1410 ira
336 1356 400 1427 qius
416 1354 698 1424 dicitur,miseratur
712 1357 759 1413 his
773 1357 824 1429 qui
839 1360 967 1414 invocant
1021 1354 1109 1411 mista
1125 1355 1223 1410 dicant
1234 1373 1243 1410 .·
1256 1357 1397 1426 (iconiam
1411 1363 1499 1410 rectus
1513 1356 1649 1411 Dominus
1663 1356 1732 1412 Dens
1743 1361 1848 1425 noster,

142 1459 204 1500 cum
231 1445 262 1499 in
283 1445 401 1500 veritate
416 1444 501 1516 (Psoi.
518 1445 725 1517 cxn1v‚18).Ut
740 1451 837 1503 autem
863 1447 967 1520 dispu·
1021 1447 1048 1499 ct
1061 1460 1117 1500 non
1130 1453 1170 1500 est
1190 1446 1325 1515 iniqnitas
1339 1446 1368 1500 in
1384 1459 1414 1500 eo
1431 1444 1516 1516 (Psoi.
1533 1445 1701 1516 ιιει,16);ει
1716 1445 1823 1502 iterum
1841 1462 1848 1501 :

141 1532 222 1589 tandi
237 1548 331 1605 genus
342 1532 553 1606 peroppositaa
564 1533 724 1591 sententiaa
740 1535 848 1591 sactum
862 1553 967 1609 appro·
1021 1534 1113 1589 iustas
1128 1549 1166 1599 cs,
1182 1534 1305 1599 Domine,
1328 1542 1354 1589 ct
1376 1536 1479 1589 rectum
1498 1532 1637 1604 judicium
1662 1541 1739 1589 taum
1759 1534 1847 1606 (Psal.

142 1621 257 1689 bemus,
274 1622 443 1677 intueamur
466 1622 594 1694 qualiter
608 1624 794 1696 omnipotens
817 1629 895 1681 Deus
909 1642 967 1681 non
1022 1622 1380 1694 cxv111‚137).t]ecequam
1396 1620 1559 1677 neccssaria
1573 1621 1767 1694 oppositionis
1782 1639 1849 1695 spe·

143 1709 241 1769 salum
257 1710 392 1767 homines
407 1715 496 1783 atque
516 1711 666 1782 animalia,
683 1713 734 1768 sed
759 1713 846 1770 etiam
870 1713 967 1787 ipsum
1022 1710 1081 1766 cies
1096 1715 1150 1776 est,
1167 1708 1197 1764 in
1223 1727 1281 1783 qua
1305 1709 1490 1781 aliquatenus
1505 1725 1664 1782 agnoscere
1687 1726 1850 1781 possumus

141 1801 246 1857 mundi
263 1803 372 1856 statum
389 1816 440 1872 per
455 1800 570 1873 aliquas
585 1802 733 1873 oppositas
748 1803 861 1874 species
876 1805 968 1876 quoti·
983 1799 1132 1906 Bjudicia
1144 1798 1261 1854 Domini
1283 1814 1347 1854 esse
1366 1802 1479 1868 vara,et
1501 1797 1570 1871 quia
1583 1814 1638 1855 non
1646 1799 1851 1871 justificabitur

141 1887 188 1945 die
203 1888 352 1961 disponat.
1023 1890 1055 1945 in
1069 1895 1212 1958 corzspcctu
1226 1891 1288 1960 pris
1304 1889 1392 1944 omnis
1406 1889 1499 1943 vicens
1513 1889 1599 1956 (Psoi.
1616 1904 1700 1957 cxcvi,
1716 1888 1754 1960 2).

180 1977 215 2032 Et
225 1975 355 2049 primum
364 1977 528 2050 quidemde
539 1977 969 2038 hominibusdicamus.Nonne
1058 1977 1112 2033 Per
1127 1977 1259 2048 ejusdem
1272 1993 1389 2050 quoque
1402 1976 1594 2049 oppositionis
1607 1976 1734 2050 speciem
1747 1994 1853 2036 omnes

144 2081 213 2139 ergo
229 2064 351 2137 spiritua
367 2070 395 2122 et
409 2082 487 2137 caro,
497 2068 575 2123 unde
588 2067 723 2125 subsistit
736 2070 836 2141 homo,
847 2069 876 2124 in
887 2073 970 2126 tanta
1023 2068 1150 2123 virtutes
1161 2066 1337 2132 clarescunt,
1348 2066 1372 2120 si
1387 2065 1583 2122 luerintvitiis
1599 2068 1754 2123 contrariis
1764 2083 1852 2140 appo

146 2154 329 2229 oppositione
355 2154 411 2211 sibi
435 2155 557 2211 invicem
573 2158 760 2214 adversantes
784 2157 918 2215 laborant
938 2163 970 2215 ut
1025 2156 1097 2212 site.
1111 2156 1186 2222 Quid
1202 2155 1411 2212 multaiNulla
1426 2173 1547 2228 prorsus
1559 2157 1634 2212 bonu
1648 2157 1720 2213 satis
1731 2158 1851 2231 agnosci

145 2242 272 2299 nonnisi
288 2242 461 2299 difficillima
472 2244 582 2301 ratione
593 2246 745 2303 convenire
757 2247 889 2304 valeant?
900 2247 970 2304 Caro
1026 2249 1158 2317 possunt,
1175 2244 1232 2300 nisi
1248 2262 1298 2317 per
1313 2245 1448 2318 opposita
1472 2249 1500 2301 at
1523 2245 1667 2302 contraria
1681 2245 1737 2303 sibi
1755 2246 1848 2313 mala;

143 2333 229 2403 enim,
242 2336 276 2389 ut
286 2333 327 2389 ait
336 2332 506 2405 Apostolus,
516 2337 683 2406 concupiscit
693 2336 969 2409 artaersasspiritum,
1026 2333 1436 2406 autenimvilescunt‚autpro
1447 2332 1752 2408 nihiloeomputantur
1762 2335 1849 2403 bona,

142 2428 168 2478 et
191 2423 307 2494 spiritns
330 2422 458 2478 aduersas
472 2438 584 2478 carnem
598 2423 668 2495 (Gal.
681 2442 709 2480 v.
721 2426 775 2494 17).
788 2427 844 2481 Sed
867 2425 970 2499 hujus·
1026 2422 1082 2478 nisi
1093 2421 1374 2495 opponanturmala.
1383 2423 1430 2478 Sic
1443 2423 1529 2478 eiiam
1543 2423 1636 2496 pietas
1647 2424 1695 2479 Dei
1711 2424 1741 2479 in
1753 2424 1850 2497 equis,

145 2510 225 2566 modi
240 2510 385 2584 oppositio
402 2527 459 2566 non
472 2512 505 2567 ad
524 2512 677 2582 damnum,
688 2514 739 2570 aed
755 2515 791 2570 ad
806 2515 970 2586 proiectum
1027 2511 1057 2567 in
1073 2512 1178 2580 bobus,
1195 2512 1225 2567 in
1241 2512 1354 2579 ovibus,
1369 2516 1399 2567 et
1414 2511 1443 2566 in
1460 2513 1582 2569 canibus
1603 2513 1770 2585 ceterisque
1785 2513 1855 2569 sni-

147 2602 282 2655 nostrum
293 2597 407 2671 judicio
419 2598 516 2655 divino
527 2601 643 2656 decreta
658 2606 701 2657 est
712 2606 754 2669 ut,
766 2619 833 2659 cum
844 2620 878 2659 ex
888 2604 972 2659 nobis
1029 2600 1156 2656 malibus
1172 2601 1345 2657 necessariis
1360 2600 1572 2667 consideratur,
1588 2601 1612 2656 si
1628 2601 1756 2670 leonum,
1772 2599 1858 2674 lupa·

148 2704 332 2761 nequeamus
342 2687 511 2758 coadunari,
523 2705 691 2760 quaeramus
703 2690 843 2746 auxilium
856 2691 972 2747 Domini
1029 2705 1095 2744 rum
1109 2688 1292 2761 aliarumque
1307 2689 1468 2745 bestiarum
1487 2690 1620 2746 ferocitas
1634 2689 1665 2745 ia
1679 2707 1732 2746 nos
1743 2689 1856 2764 jugiter

147 2777 248 2850 sicque
260 2776 412 2833 discamus
422 2777 492 2849 quia
502 2776 573 2833 nihil
585 2777 652 2834 boni
664 2779 727 2835 aine
740 2779 790 2835 illo
802 2781 895 2837 lacere
905 2797 973 2852 poa·
1029 2783 1149 2851 propter
1163 2783 1281 2850 peccata
1296 2783 1397 2834 nostra
1407 2779 1567 2835 deseviens
1582 2782 1756 2852 opponatur.
1769 2778 1858 2835 Simi-

148 2883 263 2924 sumus.
273 2866 328 2924 Sed
339 2867 421 2923 etvir
431 2872 460 2923 et
473 2865 580 2923 mulier
594 2867 619 2923 si
634 2867 794 2924 italuarint
804 2868 930 2942 oppositi
942 2873 975 2924 ut
1029 2864 1096 2922 liter
1111 2865 1160 2920 lux
1180 2883 1231 2938 per
1245 2867 1433 2923 tenebrarum
1450 2866 1664 2939 oppositionem
1684 2884 1742 2923 non
1758 2867 1857 2924 solum

152 2955 319 3013 attendatur
330 2955 487 3029 quiaDeus
498 2971 684 3029 nequaquam
698 2957 807 3014 frustra
823 2957 974 3013 mulierem
1031 2953 1147 3022 clarior,
1159 2955 1209 3010 sed
1229 2959 1258 3010 ct
1278 2955 1387 3028 gratior
1400 2956 1525 3011 videtur.
1542 2956 1590 3011 Sic
1604 2960 1737 3029 tempora
1750 2956 1859 3014 diurna

151 3045 213 3101 viro
227 3044 419 3102 infirmiorem
440 3044 674 3118 creavitviroquo
684 3046 833 3103 subditam
848 3063 912 3104 esso
927 3048 976 3104 de·
1032 3059 1084 3115 par
1094 3048 1247 3111 nocturna,
1257 3044 1300 3099 sic
1310 3043 1410 3099 aestiva
1421 3060 1472 3117 per
1487 3044 1635 3112 hiemalia,
1647 3045 1690 3101 sic
1701 3045 1795 3102 calida
1805 3062 1860 3118 per

154 3132 255 3201 crevit,
264 3134 314 3190 sed
326 3138 359 3191 ιιι
369 3134 505 3206 probarat
516 3137 673 3206 utrumque
685 3135 713 3190 iu
726 3134 797 3204 alio;
810 3136 903 3192 virum
915 3137 978 3208 qui·
1032 3131 1139 3205 brigida
1151 3136 1312 3204 temperata
1326 3132 1494 3188 efficiuntur
1508 3138 1600 3205 grata.
1615 3134 1661 3189 Sic
1677 3151 1783 3189 aurum
1797 3150 1859 3190 om·
1917 3144 1922 3153 '

155 3222 232 3291 dem,
247 3223 272 3279 si
284 3223 338 3278 rite
349 3239 490 3295 praesae;
504 3223 656 3279 mulierem
667 3225 776 3293 vero‚si
788 3225 841 3281 rite
856 3226 978 3283 subesse
993 3215 1014 3278 C
1033 3236 1127 3293 neque
1141 3221 1303 3292 pretiosum
1320 3221 1471 3278 metallum
1486 3238 1537 3294 per
1545 3222 1657 3278 vilioris
1668 3221 1779 3278 metalli
1793 3238 1859 3295 spe·

156 3310 309 3378 vellet3vel
324 3311 348 3366 ei
364 3312 408 3367 vir
419 3314 516 3385 grates
526 3310 670 3369 ullasDeo
682 3329 734 3385 pro
750 3313 879 3386 prioratu
896 3319 977 3371 tanto
1032 3309 1106 3366 ciem
1123 3309 1209 3382 quale
1225 3310 1264 3366 ait
1278 3310 1452 3366 declaratur.
1468 3311 1519 3367 Est
1534 3311 1621 3367 etiam
1635 3313 1665 3367 in
1679 3310 1735 3368 hoc
1749 3311 1858 3368 inesti-

155 3415 250 3475 agera,
263 3400 305 3457 vel
322 3398 428 3457 mulier
443 3417 494 3472 pro
504 3401 590 3472 culpa
605 3401 803 3475 suggestionis
820 3402 978 3477 illiusque
1032 3397 1150 3456 mabilia
1171 3398 1266 3472 gratia
1279 3399 1329 3457 Dei
1349 3400 1571 3466 consideranda,
1584 3401 1661 3473 quod
1686 3401 1859 3473 supradicta

153 3489 248 3547 virum
263 3488 387 3562 decepit,
396 3487 482 3545 vellet
497 3506 528 3545 se
538 3488 704 3561 humiliare,
717 3489 754 3558 si,
764 3490 897 3562 inquam,
909 3491 977 3548 talis
1032 3487 1433 3561 quadamoppositisvariata
1444 3489 1579 3562 utrinque
1589 3490 1755 3546 efficiantur
1765 3490 1859 3547 delec-

152 3576 298 3652 oppositio
311 3577 388 3633 inter
403 3578 496 3633 virum
512 3582 541 3633 et
554 3577 707 3633 mulierem
720 3594 737 3632 a
751 3578 808 3635 Deo
824 3580 899 3635 lacta
914 3598 978 3652 pro·
1031 3576 1176 3633 tabiliora.
1186 3576 1268 3633 Unde
1278 3576 1428 3650 Scriptura
1440 3578 1511 3633 dicit
1523 3595 1529 3632 :
1541 3579 1663 3635 ιιιιενηιέ
1677 3580 1720 3634 nti
1736 3578 1856 3636 macra-

150 3665 279 3723 bationis
295 3681 384 3722 cauea
406 3665 543 3731 creditur,
562 3682 688 3738 magnus
705 3665 805 3739 utique
830 3669 976 3739 proiectus
1032 3666 1086 3722 bite
1099 3670 1140 3721 est
1155 3665 1191 3736 (ll
1204 3667 1290 3721 Mart.
1300 3683 1347 3733 xv,
1363 3666 1418 3738 tut.
1434 3670 1504 3722 Curn
1522 3684 1590 3740 ergo
1605 3684 1639 3724 ex
1655 3667 1701 3724 bis
1716 3666 1858 3724 omnibns

151 3753 255 3812 exinde
269 3753 372 3810 oritur.
388 3753 527 3824 Ejusdem
549 3753 741 3826 oppositionis
762 3755 859 3826 specie
873 3772 976 3813 omnes
1031 3771 1094 3828 quac
1110 3755 1173 3826 jam
1197 3753 1290 3822 vobis,
1307 3755 1410 3812 iratres
1425 3755 1604 3825 charissimi,
1619 3757 1755 3828 diximus,
1780 3756 1858 3812 satis

150 3842 262 3917 praelati
277 3846 306 3899 ct
324 3841 446 3914 subditi,
460 3858 562 3898 omnes
585 3842 696 3898 domini
720 3847 749 3900 ot
772 3844 857 3915 servi,
874 3861 975 3903 ornnes
1030 3847 1128 3915 pateat
1151 3859 1288 3916 magnam
1306 3843 1362 3898 vim
1388 3843 1495 3900 habere
1511 3845 1724 3918 oppositionem
1744 3860 1858 3917 rerum,

150 3931 214 3988 sani
229 3935 258 3987 et
271 3930 391 4001 infirmi,
407 3946 510 3987 ornnes
524 3928 628 3986 divites
645 3938 674 3986 et
688 3947 830 4004 pauperes
846 3933 975 4005 quotidie
1030 3932 1225 4002 attendentes,
1238 3948 1348 4004 queso,
1359 3931 1429 4004 quia
1443 3933 1544 3990 eadem
1561 3933 1606 3989 vis
1621 3936 1666 3990 eat
1688 3934 1717 3989 in
1737 3933 1861 4006 opposi-

151 4020 329 4093 probantur;
341 4018 390 4074 isti
402 4018 513 4075 scilicet
523 4019 649 4092 qualiter
661 4020 781 4093 praesint
791 4027 975 4095 quantasque
1029 4019 1108 4077 tione
1123 4021 1289 4087 verborum,
1302 4020 1401 4076 audite
1427 4019 1590 4076 Psalmistae
1607 4021 1693 4077 verba
1717 4037 1781 4093 qua
1807 4022 1861 4079 Sa·

151 4112 250 4182 grates
260 4112 317 4164 Deo
328 4107 455 4163 reserant
465 4125 517 4181 pro
528 4107 654 4165 sanitate
663 4109 706 4165 vel
718 4110 900 4168 abundantia
910 4128 976 4168 con·
1030 4107 1140 4180 pientia
1156 4108 1274 4164 miscuit
1287 4108 1395 4177 divina,
1405 4109 1480 4165 dans
1490 4126 1524 4165 ex
1540 4126 1598 4165 uua
1612 4113 1693 4181 parte
1710 4110 1794 4182 quasi
1811 4127 1862 4166 ca·

151 4195 681 4268 caasa,astaliiqualitersintaubditi
692 4199 754 4255 etsi
767 4200 837 4272 quid
850 4201 975 4272 peccatis
1030 4197 1101 4262 lida,
1114 4213 1148 4252 ex
1169 4196 1262 4253 altera
1275 4213 1342 4252 vero
1358 4198 1442 4269 quasi
1469 4197 1583 4270 frigida,
1597 4203 1629 4253 ut
1645 4198 1691 4254 cui
1714 4215 1772 4254 uon
1788 4215 1862 4255 con·

151 4285 216 4343 suia
230 4285 431 4342 infirmitatem
444 4285 487 4343 val
497 4291 699 4359 paupertatem
713 4286 915 4346 imminentem
925 4291 975 4346 do·
1030 4286 1108 4360 gruit
1122 4303 1236 4342 merum
1248 4287 1360 4352 vinum,
1369 4287 1440 4358 quia
1449 4287 1526 4344 calin
1536 4289 1567 4342 in
1577 4304 1660 4343 mann
1672 4289 1786 4344 Donnini
1799 4292 1863 4346 vini

151 4378 265 4449 putent.
277 4377 385 4431 Omnes
402 4391 529 4447 namque
547 4375 611 4447 jam
628 4376 843 4449 prenominati,
859 4377 883 4432 si
900 4377 975 4433 invi·
1029 4377 1102 4431 meri
1113 4376 1213 4448 plenas
1229 4377 1309 4431 misto
1324 4377 1410 4445 (Psoi.
1423 4393 1497 4446 cmv,
1509 4375 1548 4448 9),
1559 4374 1588 4430 id
1605 4380 1650 4431 est
1670 4375 1721 4447 qui
1735 4376 1863 4450 negligit

150 4480 214 4521 uem
229 4463 285 4521 rite
297 4469 493 4537 opponantur,
504 4463 553 4520 alii
565 4465 683 4536 quidem
693 4463 757 4531 viri,
771 4464 820 4520 alii
834 4481 974 4522 veromu-
1030 4464 1128 4520 bibere
1143 4465 1178 4519 de
1193 4463 1394 4520 sincerissima
1413 4463 1464 4519 Dei
1479 4464 1574 4537 gratia
1589 4463 1742 4537 utriusque
1758 4466 1863 4523 Testa·

149 4551 229 4612 lieris
253 4570 408 4628 personam
424 4558 538 4627 gestare
553 4553 699 4610 videntur.
711 4555 747 4609 bt
772 4553 847 4611 siout
871 4554 976 4611 mulier
992 4569 1016 4636 ρ
1032 4553 1121 4609 menti
1131 4553 1273 4609 doctrinis
1285 4552 1382 4620 mista,
1396 4552 1477 4608 bibat
1488 4553 1575 4621 laces,
1588 4553 1616 4609 id
1627 4557 1682 4622 est,
1695 4554 1730 4610 da
1741 4553 1785 4610 ira
1796 4553 1860 4623 Dei,

149 4642 245 4701 virum
262 4645 406 4701 seducens
422 4644 528 4700 meruit
542 4643 640 4712 subdi,
657 4642 697 4699 ita
711 4659 813 4700 omnes
828 4643 879 4716 qui
894 4643 976 4699 infir·
1032 4642 1109 4698 unde
1120 4642 1213 4699 bibent
1223 4657 1315 4699 omnes
1327 4649 1479 4713 peccatores
1493 4641 1787 4714 arcanissimus
1804 4661 1861 4700 au·

152 4731 259 4790 micres
282 4733 324 4790 vel
349 4733 537 4806 pauperiores
560 4731 626 4788 aliis
641 4732 671 4788 in
687 4731 817 4788 Ecclesia
840 4732 978 4803 existunt,
1034 4736 1093 4787 tem
1108 4732 1226 4789 nornine
1238 4747 1424 4806 nequaquam
1436 4731 1552 4804 proprie
1562 4729 1727 4805 appellatur
1741 4731 1785 4789 ira
1795 4733 1860 4802 Dei,

151 4822 288 4879 credendi
304 4827 374 4879 sant
387 4823 439 4878 hoc
450 4821 636 4878 meruissent
648 4822 760 4878 catenis
771 4822 978 4886 subderentur,
1033 4821 1084 4878 aad
1101 4821 1232 4890 abusive,
1242 4838 1275 4877 eo
1286 4821 1363 4894 quod
1378 4820 1516 4876 omnibus
1532 4820 1665 4877 videatur
1679 4837 1788 4878 amara.
1802 4822 1860 4879 Sed

153 4910 199 4968 vel
212 4910 382 4966 infirmitate
397 4908 441 4966 vel
457 4914 628 4983 paupertate
643 4915 843 4983 gravarentur.
1033 4911 1068 4966 de
1083 4912 1283 4983 oppositorum
1295 4910 1436 4982 qualitate
1446 4909 1519 4965 satis
1529 4909 1640 4965 dictum
1653 4914 1711 4979 est;
1724 4909 1862 4969 dicamus

191 5000 245 5056 Sed
262 4999 287 5055 si
301 4999 375 5055 lorte
389 4998 538 5070 aliquibus
554 4998 614 5054 hac
628 4999 782 5056 viduantur
796 5000 980 5057 incredibilia
1034 5016 1113 5056 nuuc
1128 5001 1206 5070 ipsas
1222 4999 1382 5055 sententias
1397 5014 1449 5070 per
1463 4996 1677 5071 oppositionem
1694 4998 1835 5071 prolatas.

156 5093 185 5147 at
199 5089 299 5163 inepta
310 5105 361 5162 pro
371 5104 405 5144 oo
415 5086 549 5144 videlicet
560 5089 636 5162 quod
647 5089 762 5162 mulier,
774 5090 851 5147 sicut
862 5090 978 5163 legitur,
1068 5091 1151 5145 Novit
1176 5090 1307 5144 Dominus
1326 5088 1400 5143 triam
1417 5088 1566 5156 pastorem,
1581 5091 1608 5143 ei
1631 5089 1686 5143 ilcr
1709 5089 1862 5161 impiorum

156 5197 208 5253 pro
217 5177 662 5253 suggestioneiniquameruerit
670 5179 730 5236 viro
739 5179 979 5250 subjici,illivero
1031 5177 1323 5250 permitterentne),
1343 5175 1468 5232 subaudi
1493 5177 1549 5232 nisi
1568 5181 1773 5234 connectantur.
1790 5178 1861 5243 Quas

156 5267 228 5325 nihil
240 5268 295 5325 tale
306 5266 873 5340 commiserint,attendant,quaeao‚quia
883 5267 912 5324 in
925 5269 980 5325 hoc
1033 5267 1174 5323 nimirum
1183 5264 1352 5323 subauditio
1361 5264 1495 5320 addenda
1504 5269 1549 5320 cai
1560 5265 1587 5320 in
1597 5267 1735 5323 omuibus
1745 5271 1863 5324 senten·

155 5356 266 5414 similia
290 5360 470 5428 meruerunt,
483 5358 559 5428 quod
585 5356 788 5428 unusquisque
810 5373 861 5428 por
882 5358 978 5415 carnis
1033 5356 1138 5427 tiis,in
1155 5355 1313 5427 quibusda
1334 5358 1518 5428 peccatorum
1544 5355 1661 5410 interitu
1679 5356 1862 5429 disputatur,

154 5463 214 5503 sua
230 5446 496 5518 concupiscentiam
520 5445 677 5517 aliquando
700 5445 816 5500 seduxit
830 5446 977 5518 spiritum,
1034 5449 1065 5500 ut
1083 5463 1089 5500 :
1106 5446 1210 5511 tintinna,
1235 5460 1297 5517 qnae
1320 5444 1482 5516 peccauerit,
1507 5444 1569 5515 ipsa
1592 5446 1725 5501 nrorietnr
1744 5446 1859 5518 (Eaecb.

154 5533 550 5600 sicutmuliervirum.Quod
562 5535 586 5591 si
598 5534 666 5589 huic
678 5533 717 5589 roi
731 5533 978 5605 objiciturumnes
1032 5551 1111 5602 xvnr,
1127 5534 1183 5605 20),
1200 5534 1326 5591 subaudi
1350 5535 1408 5589 nisi
1430 5549 1479 5605 per
1500 5533 1690 5604 penitentiam
1715 5538 1861 5591 concerta·

156 5623 294 5684 mortales
310 5625 338 5683 in
352 5626 454 5683 eodem
469 5624 592 5681 crimine
608 5621 760 5697 prolapsos
774 5640 848 5696 esse,
859 5641 979 5698 respon·
1032 5626 1088 5679 tar.
1104 5623 1139 5679 Et
1154 5624 1178 5680 si
1195 5624 1261 5695 quia
1281 5623 1355 5680 iortc
1378 5622 1439 5679 haec
1463 5621 1607 5695 denegare
1630 5623 1763 5697 voluerit,
1779 5622 1862 5698 legat
