3892 6096
69 307 152 370 ,rios
873 304 979 370 una.
1698 284 1778 379 rice

64 443 231 508 «secretum,
248 440 353 512 querit
365 439 539 499 consilium:
555 444 653 498 mente
668 442 895 498 consternantur
908 441 937 509 A
951 438 1105 497 auxilium.
1121 440 1187 498 inm
1203 440 1311 516 qnippe
1327 439 1382 498 sub
1398 441 1462 514 eius
1485 441 1676 499 contubernio
1690 445 1775 501 tanta

72 530 364 597 omnes,dissuadent
375 528 898 603 plurimi‚proponunturmultimoda
952 534 1072 602 tamque
1084 530 1236 604 multiplex
1250 531 1334 604 copia
1344 530 1445 604 populi
1459 530 1576 602 coierat,
1591 535 1623 587 nt
1633 532 1776 590 exercitus

72 635 229 675 causarum
241 619 424 691 discrimina,
434 619 535 675 mertis
546 619 835 692 intercessio,patrias
850 618 898 675 da·
953 618 1068 676 Domini
1082 621 1245 689 diceretur3
1262 619 1287 677 si
1299 621 1433 693 usquein
1445 619 1675 677 extremosfines
1691 621 1775 696 regni

71 707 188 779 solatio,
205 707 294 763 simul
309 704 443 764 Ecclesia
469 707 525 763 sibi
555 708 717 764 commisse
735 707 895 765 destitutio.
951 707 1182 777 sui,datodnce,
1201 710 1248 766 Dei
1265 713 1439 781 procurante
1454 707 1665 778 misericordia,
1690 726 1775 767 secu·

70 796 184 863 Quibus
196 813 280 852 mens
289 796 389 853 sanior
399 797 464 863 fuit,
475 795 563 853 altius
574 796 895 870 considerantasponti·
951 813 1017 853 rum
1032 799 1177 855 concessit
1191 798 1282 856 abire.

71 884 156 942 flcale
169 884 363 957 propositum,
378 890 517 941 verentur
531 885 741 953 contradicere,
763 891 895 943 metuen·
1235 903 1352 960 ggpgvp
1366 904 1488 961 xxxm-

71 977 161 1030 tesex
171 973 225 1030 boo
239 973 286 1031 Dei
296 972 460 1030 valdomini
471 974 517 1030 sui
529 973 813 1031 animadversionem
825 974 895 1030 sub·
952 992 1003 1048 ggg
1015 994 1101 1048 ,00103
1115 1001 1190 1049 meg,
1214 992 1397 1049 barbarorum
1425 995 1568 1050 mmm,
1597 993 1724 1051 gorm,
1741 1011 1777 1050 n,

70 1060 123 1118 ire.
137 1061 260 1118 Domine
275 1061 414 1134 pontifice
427 1065 616 1133 protestante,
630 1061 749 1119 Reddam
763 1068 820 1119 Deo
834 1066 896 1120 cote
1296 1067 1423 1136 paveant.

69 1166 132 1206 esec
147 1165 211 1223 quae
223 1150 414 1208 distinxerant
427 1151 503 1207 labie
516 1167 576 1208 mee
603 1153 690 1222 (Paul.
715 1169 760 1220 ux,
775 1152 814 1225 9),
837 1168 894 1208 non
985 1156 1213 1226 pretergressus
1228 1152 1427 1210 Romanorum
1444 1153 1518 1210 fines
1534 1152 1710 1222 limitaneos,
1730 1154 1776 1210 in-

71 1239 135 1295 sine
151 1239 222 1296 flatu
237 1240 347 1312 pariter
362 1255 465 1296 omnes
480 1240 657 1296 assentiunt.
948 1240 1080 1312 graditur
1093 1241 1267 1298 solitudines
1281 1241 1437 1306 saltuosas,
1450 1258 1524 1313 quas
1535 1242 1651 1297 deserta
1662 1241 1773 1314 liutga-

381 1328 501 1385 uarbr
516 1329 600 1386 XXX.
948 1329 998 1384 riae
1009 1331 1173 1398 nominant,
1190 1347 1323 1403 quasque
1338 1330 1498 1388 latrunculi
1521 1330 1662 1404 Scythice
1679 1331 1777 1403 gantis

111 1417 161 1474 tter·
172 1417 331 1487 confirmato
344 1418 459 1474 consitio
473 1419 644 1489 [crementur
659 1419 713 1476 niae
727 1420 849 1476 comites.
949 1417 1131 1474 inhabitant:
1148 1419 1178 1474 bi
1194 1421 1332 1494 degentes
1350 1437 1431 1477 more
1446 1421 1572 1477 ferarum
1589 1419 1679 1476 nullis
1695 1436 1775 1477 coer-

106 1504 237 1561 Consilio
251 1506 424 1562 confirmato
453 1507 633 1563 foederantur
661 1508 793 1576 comites,
819 1507 896 1564 inter
949 1512 1052 1564 centur
1066 1507 1190 1580 legibus,
1209 1508 1299 1566 nullis
1314 1510 1503 1567 continentur
1518 1509 1651 1576 urbibus,
1660 1510 1715 1565 sub
1726 1508 1775 1565 dio

71 1610 147 1666 quos
162 1599 191 1650 et
201 1611 260 1667 pres
275 1595 385 1666 quibus
400 1595 430 1651 bi
445 1612 572 1668 quorum
588 1597 709 1654 nomina
736 1595 894 1655 subtitula·
950 1600 1157 1670 manent,quas
1168 1615 1223 1655 nox
1232 1599 1358 1673 coegerit
1368 1600 1452 1656 sedas
1462 1599 1582 1665 habeut,
1594 1602 1775 1670 praetereun-

71 1698 139 1738 mus
151 1699 158 1737 :
170 1683 298 1740 domnus
308 1683 897 1759 Walcberusarchidiaconnsetpraposi·
949 1689 993 1742 tes
1009 1685 1154 1755 obsident,
1167 1687 1268 1744 obvios
1279 1687 1591 1755 interficiunt,oaeteros
1601 1688 1773 1761 depredan-

70 1773 119 1825 tus
130 1771 314 1843 curia,tingo
322 1771 502 1844 oapelfanus,
514 1774 599 1844 cujus
608 1774 796 1830 sanctitatem
811 1790 895 1830 mon·
949 1776 1008 1839 tur,
1023 1775 1166 1846 gregatim
1180 1775 1303 1841 vadunt,
1319 1776 1419 1832 omnia
1432 1792 1487 1832 sua
1509 1790 1610 1832 secum
1623 1777 1773 1848 portantes

71 1862 168 1914 strant
182 1858 312 1914 claustra
322 1859 530 1916 canonicorum
544 1861 672 1918 ccclesia
683 1861 796 1932 matris,
813 1879 897 1919 mon·
951 1876 1018 1916 cum
1034 1865 1095 1917 tota
1108 1861 1300 1934 supellectile,
1314 1863 1443 1935 parvulis
1453 1867 1483 1921 et
1492 1864 1632 1920 uxoribus
1644 1880 1651 1919 :
1664 1862 1776 1921 nullius

73 1948 373 2004 stratmonasterium
386 1947 897 2023 aquicicinctense,llrfeboldusJ‘u
951 1948 1070 2007 heresis
1086 1951 1236 2007 nominata
1251 1956 1341 2023 senta,
1357 1952 1470 2009 nullius
1499 1951 1650 2025 religionis
1678 1952 1778 2008 divino

72 2035 128 2091 dex
142 2039 171 2092 et
186 2040 358 2108 procurator
372 2036 509 2107 civitatis,
526 2042 555 2094 et
570 2037 643 2096 alter
653 2038 836 2107 Erleboldus,
852 2056 896 2097 oo·
950 2038 1031 2094 cultu
1044 2043 1200 2108 tenentum
1218 2045 1318 2096 tamma
1334 2040 1412 2096 sicut
1425 2057 1460 2097 ex
1485 2057 1587 2097 eorum
1616 2039 1778 2097 interfectis

72 2129 230 2198 gnomento
244 2125 373 2194 Rubens,
391 2142 478 2198 quem
495 2126 593 2199 qualis
609 2127 695 2184 fuerit
705 2129 841 2201 praedicat
851 2146 896 2185 eo-
950 2127 1088 2199 vidimus,
1104 2143 1185 2183 more
1199 2128 1411 2185 Saracenorum
1427 2129 1689 2196 circumciduntur,
1705 2129 1775 2184 bar-

72 2212 163 2271 olesia
173 2214 284 2270 Sancta
296 2213 397 2271 Crucis
412 2232 419 2282 ;
434 2215 486 2272 sed
503 2214 532 2270 hi
548 2215 617 2283 duo,
644 2216 755 2274 scilicet
770 2217 897 2275 domnus
951 2215 1026 2281 buri,
1039 2215 1184 2288 crudeles,
1199 2216 1364 2285 homicide,
1376 2217 1441 2274 sins
1452 2219 1570 2283 affectu,
1583 2217 1647 2274 sine
1657 2216 1774 2289 pietate.

71 2302 244 2359 Walcberus
256 2306 285 2358 et
296 2303 388 2374 judex
403 2301 589 2372 llrlaboldns,
606 2309 723 2377 quante
731 2307 897 2364 sanctitatis
986 2305 1045 2360 llas
1054 2304 1222 2362 mortiferas
1234 2305 1340 2378 presul
1351 2306 1519 2379 ingrediens
1528 2322 1595 2362 cum
1607 2304 1657 2362 illo
1667 2321 1722 2362 suo
1732 2321 1778 2361 co·

72 2390 190 2459 fuerint,
204 2389 365 2464 qualesque
374 2397 575 2464 cooperatores
590 2398 619 2450 et
630 2395 779 2466 adjutores
795 2397 896 2453 domni
951 2395 1056 2450 mltatu
1067 2393 1249 2463 solitudines,
1261 2395 1364 2452 obvius
1375 2395 1430 2451 fuit
1440 2393 1619 2467 quibusdam
1630 2393 1778 2466 refugien-

72 2480 230 2553 pontifloie‚
246 2495 301 2536 suo
316 2478 379 2537 loco
393 2480 535 2550 dicemus,
552 2482 578 2539 si
593 2483 670 2540 Deus
683 2484 818 2542 voluerit.
950 2482 1166 2556 tibus,suisqus
1174 2483 1278 2556 refugii
1287 2500 1407 2540 causam
1417 2483 1777 2541 flebilitarintimantibus.

365 2569 481 2628 CAPUT
495 2570 597 2628 XXXI.
951 2571 1146 2644 Quampfuras
1159 2576 1316 2645 terrentur,
1335 2573 1504 2646 pariterque
1518 2573 1776 2630 retrocederecum

119 2657 169 2715 Ubi
182 2656 352 2727 epredienao
367 2659 510 2717 cameraco
522 2660 739 2734 flieroaoipmom
760 2666 860 2735 pergit.
951 2658 1163 2733 refugientibus
1174 2661 1364 2719 meditantur.
1378 2662 1617 2719 Narrabantesso
1627 2661 1776 2717 latronum

108 2745 898 2820 ttillesimoquinquagesimoquarto[lominicelncar-
922 2770 930 2779 ·
951 2749 1526 2823 cuneosineurrisss,suornmplurimos
1540 2750 1774 2824 oppetiieso,oe·
1869 2817 1876 2829 ι

73 2833 202 2892 nationis
217 2851 305 2905 anuo,
322 2835 462 2893 missione
477 2841 538 2893 tam
554 2837 623 2894 cleri
639 2855 727 2911 quam
738 2839 837 2912 populi
852 2841 898 2897 vix
951 2841 1030 2894 teres
1044 2838 1080 2893 nd
1096 2838 1323 2896 internecionem
1338 2838 1517 2908 vulneratos,
1534 2843 1567 2895 ut
1590 2839 1687 2896 videre
1702 2844 1776 2908 erat,

72 2923 243 2996 impetrata,
259 2923 379 2982 libertas
394 2925 504 2997 patries,
521 2925 654 2984 Ecclesia
665 2929 764 2996 decue,
781 2933 838 2987 Deo
852 2931 897 2986 di·
951 2924 998 2980 vix
1013 2926 1151 2983 evasisse.
1181 2929 1400 2984 conturbantur
1427 2944 1540 2998 omnes,
1569 2927 1719 3000 divinique
1733 2944 1778 2984 re·

73 3029 152 3088 gnus
168 3013 297 3087 pontifex
313 3013 474 3071 bietbertus
489 3014 638 3088 egreditur
666 3033 682 3070 a
710 3016 823 3075 civitate
843 3035 898 3075 sua
952 3021 1071 3087 spectus
1083 3015 1779 3090 misericordiamflebiliterimplorant‚qunniam

74 3105 231 3159 cameraco
242 3102 409 3159 tenemiter
420 3102 651 3176 Hierosolymam
663 3119 784 3174 versus;
800 3122 898 3178 prose·
953 3103 1024 3174 quid
1038 3104 1241 3177 faotoopussit
1251 3106 1437 3178 ignorabant.
1448 3106 1555 3161 Audita
1565 3106 1694 3161 domnus
1703 3120 1777 3178 pnn-

74 3193 180 3265 quitur
192 3207 261 3246 enm
276 3191 335 3248 fere
353 3191 391 3247 ad
407 3191 464 3248 tria
478 3191 571 3249 millia
593 3209 653 3249 non
680 3194 744 3251 sine
759 3193 897 3269 lacrymis
912 3172 934 3241 G
952 3191 1023 3248 tifex
1034 3193 1156 3249 turbata
1168 3193 1593 3263 multitudinislamentatione,
1603 3193 1777 3265 pedessnim

73 3285 105 3337 et
114 3279 270 3337 immensis
280 3279 545 3353 gemitibusomnis
555 3289 624 3338 etas
635 3281 898 3355 utriusquesexus.
954 3279 1191 3351 subsequebatur
1205 3283 1286 3338 solus
1295 3286 1327 3337 ut
1336 3281 1479 3338 attentius
1489 3285 1605 3337 vacaret
1616 3279 1774 3353 psalmiset

75 3367 463 3441 l’rsterlagenseivitateset
477 3369 594 3441 oppida,
605 3369 756 3427 civitatum
766 3372 900 3445 regiones
955 3368 1146 3425 orationibus.
1161 3369 1305 3440 substitit,
1320 3372 1348 3426 et
1363 3386 1415 3425 cur
1429 3369 1663 3426 lamentarentur
1675 3368 1778 3440 inqui-

72 3462 104 3515 et
121 3457 295 3531 provinciae,
311 3458 457 3514 montium
472 3458 654 3527 discrimina,
667 3459 808 3518 silvarum
823 3463 899 3534 peri·
955 3455 1009 3513 rit:
1021 3457 1136 3529 cognito
1148 3475 1218 3515 casu
1229 3458 1348 3530 signum
1360 3462 1466 3514 sancta
1478 3457 1574 3513 crucis
1585 3456 1707 3525 indidit,-
1716 3470 1779 3512 ere·

73 3545 151 3614 cula,
167 3545 259 3617 cultu,
274 3545 407 3602 monibus
422 3550 451 3603 et
464 3545 566 3619 lingua
579 3547 736 3606 barbaram
751 3565 840 3621 quam
853 3567 900 3608 oo·
956 3548 1060 3618 utaque
1075 3547 1249 3619 dextraque
1264 3548 1359 3604 iturus
1374 3551 1436 3603 erat
1451 3550 1543 3620 parte,
1559 3544 1696 3618 signavit,
1712 3549 1780 3618 post

72 3633 141 3691 lunt
153 3633 230 3691 Huni
244 3638 406 3692 transmeat
420 3634 543 3707 patriam
556 3653 563 3704 ;
579 3640 609 3693 et
624 3640 656 3693 nt
669 3637 836 3710 prolixioris
846 3639 898 3696 via
956 3633 1130 3707 recolligens
1146 3652 1246 3693 secum
1260 3637 1350 3693 verba
1364 3635 1470 3709 psalmi
1485 3635 1594 3708 quibus
1621 3635 1732 3705 orabat,
1749 3634 1780 3689 in

71 3723 236 3781 luoraratur
249 3723 469 3796 compendium,
484 3726 673 3784 transvadato
688 3725 832 3794 Danubio,
847 3745 897 3802 pe.
955 3722 1034 3778 venit
1048 3722 1128 3780 bunc
1141 3740 1279 3781 versum:
1295 3726 1376 3796 Eripe
1384 3741 1430 3781 me
1440 3725 1476 3782 de
1486 3723 1662 3795 operantibus
1671 3723 1781 3794 iniqui·

72 3817 171 3869 nefrat
185 3812 379 3882 Pannoniam,
392 3813 486 3870 sancti
511 3813 628 3871 Martini
657 3815 809 3874 nativitate
824 3834 897 3890 prae·
956 3813 1049 3880 tatem
1065 3817 1091 3869 et
1105 3813 1138 3870 de
1151 3814 1218 3871 ciris
1231 3814 1402 3884 sanquinem
1416 3814 1551 3870 adverae
1564 3813 1732 3882 (Paci.r.v11,
1748 3812 1778 3880 3)

70 3901 193 3960 claram.
956 3899 1099 3958 Siomiles
1109 3900 1217 3960 Christi
1227 3901 1380 3976 paululum
1388 3900 1585 3975 progreditur,
1596 3904 1778 3972 cunctosque

362 3991 481 4048 CAPUT
497 3990 609 4048 xxxii.
953 3987 1004 4060 qui
1019 3990 1141 4046 aderant
1156 3991 1281 4048 breviter
1295 3990 1465 4064 alloquitur.

156 4081 207 4138 ilbi
215 4097 233 4137 o
248 4097 310 4151 repe
322 4083 478 4139 Panocoiae
491 4087 648 4138 reverenter
662 4083 810 4154 excipitur.
991 4099 1002 4130 ι
1020 4078 1241 4137 Commilitones
1257 4080 1326 4149 mei,
1342 4097 1400 4137 non
1415 4095 1467 4137 vos
1481 4080 1625 4136 deterreat
1637 4077 1775 4134 adversa-

110 4169 270 4226 Nuntiatur
283 4170 344 4244 regi
360 4172 397 4227 ab
411 4170 518 4226 exteris
533 4170 666 4242 partibus
693 4170 796 4227 babitu
817 4188 898 4243 pare.
955 4189 969 4217 «
982 4167 1141 4226 riusvester
1151 4167 1297 4235 diabolus,
1310 4169 1362 4242 qui
1373 4171 1507 4241 tanquam
1521 4169 1562 4225 feo
1577 4167 1679 4224 circuit
1702 4179 1779 4239 qaae·

70 4258 159 4331 grino
171 4260 316 4332 quosdam
324 4257 641 4325 venissebomines,sui
652 4259 734 4331 regni
744 4260 900 4317 finestran·
959 4279 969 4307 ι
986 4272 1050 4313 rens
1064 4274 1145 4330 quem
1159 4258 1289 4322 devoret:
1304 4261 1349 4316 cci
1376 4260 1496 4316 resistite
1522 4260 1605 4331 sonae
1634 4259 1666 4313 io
1688 4255 1741 4327 fide
1754 4254 1778 4326 (l

70 4347 346 4421 siravolentes,qui
360 4347 897 4419 mnxacoitoesibipraaentarijussit.
958 4350 1063 4401 «Patr.
1079 4362 1107 4412 v,
1123 4347 1161 4418 8),
1173 4347 1313 4418 quoniam
1322 4349 1432 4405 silicas
1453 4362 1505 4420 pro
1529 4347 1618 4413 nobb,
1632 4361 1694 4417 qaia
1713 4359 1776 4400 con·

74 4435 297 4511 Vidensitaqua
308 4436 795 4511 rexpcntiflcem,Deiuutumutata
803 4442 899 4495 mente
958 4454 968 4482 ¹
985 4437 1031 4489 tre
1044 4434 1116 4490 rosi
1130 4435 1220 4501 (firm.
1232 4452 1295 4504 vui,
1310 4436 1368 4507 91.)
1393 4436 1585 4507 Quapropter,
1615 4433 1723 4489 induite
1735 4446 1782 4487 tros

77 4525 216 4599 pristina,
227 4527 323 4600 surgit
333 4527 421 4586 citius
435 4542 453 4583 a
467 4525 551 4593 solio,
561 4541 673 4582 necnon
684 4525 899 4584 officiosissime
917 4543 942 4610 p
960 4539 972 4570 a
987 4531 1164 4579 armatarum
1175 4523 1224 4579 liet
1252 4526 1282 4578 ut
1308 4525 1417 4595 poarita's
1444 4527 1529 4593 afore,
1554 4530 1580 4579 et
1608 4523 1641 4578 ire
1654 4519 1781 4576 omnibu

79 4613 245 4675 educatum
258 4615 363 4672 invitat
376 4615 407 4671 in
422 4614 606 4683 consistorio,
627 4613 846 4687 quaritcansas
856 4615 903 4672 iti·
962 4632 973 4663 ι
988 4612 1105 4682 perfecti
1118 4626 1175 4668 aare
1189 4611 1298 4684 (tipher.
1313 4628 1353 4681 vr,
1371 4611 1436 4683 iti:
1450 4610 1624 4683 quietantat
1637 4624 1689 4665 vos
1703 4607 1781 4663 Deus

80 4704 176 4776 neris,
192 4704 317 4761 miratur
329 4704 449 4771 auditis,
465 4703 687 4761 miraturtnlem
702 4704 907 4765 astantumvi.
961 4705 1099 4767 «venter,
1116 4703 1149 4756 ut
1164 4699 1279 4764 soiatsi
1294 4699 1424 4772 diligatis
1439 4715 1519 4756 enm.
1534 4698 1590 4756 Sed
1615 4697 1700 4754 faciet
1713 4713 1781 4752 cum
1810 4747 1821 4753 -

71 4809 144 4850 rum
154 4798 216 4850 tam
228 4793 359 4850 difficilis
370 4794 487 4867 pondus
498 4793 626 4851 subiisse
635 4793 760 4851 laboris:
773 4795 823 4852 sed
834 4811 905 4866 qne
961 4810 976 4841 ε(
993 4789 1153 4846 tentatione
1168 4792 1341 4863 proventum
1357 4794 1390 4845 nt
1402 4787 1521 4861 possitis
1536 4787 1700 4855 sustinere;
1716 4801 1783 4858 pro·

66 4881 154 4939 niam
168 4881 228 4939 illis
243 4883 348 4940 diebus
362 4883 409 4939 vix
423 4881 548 4954 quilibet
562 4886 612 4938 aut
625 4898 699 4955 pene
729 4882 830 4940 nullus
850 4884 929 4941 boo·
960 4885 1126 4952 «perantes
1149 4878 1206 4935 iter
1228 4878 1305 4951 quod
1326 4877 1493 4951 arripuistis
1521 4875 1689 4943 accelerate,
1712 4873 1782 4948 quia

74 4970 137 5027 iter
151 4970 319 5044 arripiebat,
333 4971 481 5045 cogitabat
495 4987 531 5028 ne
545 4970 720 5029 simularent
741 4972 771 5028 id
787 4972 906 5030 alterius
962 4991 977 5022 a
991 4986 1077 5026 nemo
1089 4968 1210 5026 mittens
1220 4983 1341 5025 manum
1352 4984 1437 5025 suam
1447 4968 1483 5024 ad
1498 4970 1640 5037 aratrum,
1651 4969 1681 5022 et
1691 4962 1781 5036 respi-

66 5059 184 5132 negotii
199 5059 296 5132 gratia
308 5077 315 5128 ;
327 5058 527 5117 undavooatis
538 5059 691 5132 suisjubet
706 5076 756 5117 eos
766 5061 906 5135 evestigio
960 5083 975 5112 a
992 5059 1073 5116 ciens
1088 5061 1177 5124 retro,
1193 5061 1281 5130 aptus
1296 5062 1342 5114 est
1355 5072 1444 5130 regno
1459 5055 1520 5112 Dei.
1536 5076 1551 5108 a

66 5146 228 5221 diligenter
241 5147 403 5218 observari,
420 5164 456 5205 oe
485 5146 647 5205 moliantur
666 5148 812 5222 quidlibet
833 5149 906 5206 sini·
997 5149 1040 5205 lta
1055 5145 1141 5203 miles
1157 5145 1207 5202 Dei
1220 5145 1329 5202 (ibristi
1343 5162 1413 5203 cum
1427 5162 1482 5202 sun
1493 5141 1630 5200 familiari
1644 5146 1673 5198 et
1687 5141 1784 5199 dome·

67 5236 144 5293 stri.
160 5236 319 5311 Explorate
330 5253 383 5310 per
395 5235 508 5311 aliquot
524 5237 590 5294 diss
606 5237 743 5310 religiosa
760 5238 907 5311 pontilicis
963 5238 1037 5295 atico
1053 5235 1194 5292 comitatu
1210 5234 1346 5307 princeps
1355 5234 1497 5306 graditur,
1507 5231 1725 5305 exercitumque
1735 5230 1786 5288 Dei

71 5325 449 5399 sanctitate,simulaudita
463 5325 907 5399 instipendiispauperumlibe·
964 5344 1001 5384 ne
1016 5328 1120 5399 paveat
1134 5323 1315 5380 exhortatur.
1331 5322 1435 5379 Decem
1450 5327 1479 5379 et
1493 5338 1526 5377 eo
1541 5318 1669 5393 amplius
1682 5319 1787 5377 diebus

70 5413 380 5489 ratissimalargitate,
393 5415 552 5488 invigiliis,
563 5415 758 5482 orationibus,
772 5415 906 5488 jejuniis,
962 5417 1121 5488 peragrant
1136 5428 1185 5468 eas
1201 5410 1385 5478 solitudines,
1403 5427 1548 5483 perquas,
1561 5409 1715 5466 utdictum
1730 5413 1785 5478 est,

72 5504 262 5573 assiduitate,
273 5505 396 5563 devotus
406 5521 457 5561 rex
467 5504 609 5577 impendit
622 5504 908 5578 obsequiumquod·
961 5520 1077 5575 semper
1091 5501 1228 5558 Saraceni
1245 5500 1365 5558 sedibus
1379 5500 1498 5559 incertis
1513 5500 1570 5557 huc
1585 5499 1713 5575 illucque
1733 5514 1783 5554 va·

73 5608 133 5665 que
149 5595 266 5667 petebat
281 5593 337 5651 sibi
366 5592 487 5669 suisque
515 5593 645 5667 pontifex
673 5597 794 5668 prestat
808 5593 907 5654 libane
960 5596 1077 5671 gantur.
