3892 6096
128 264 206 324 1443

654 249 843 313 nnouulnt
866 247 1098 311 LEODlllNSlS
1122 247 1300 310 uelscoel
1350 341 1353 346 .

1772 253 1828 313 tttt

127 395 163 450 lis
178 394 342 459 alumnum,
359 386 414 442 nisi
435 400 532 456 regem
549 384 709 441 dixerimus
726 383 881 438 Dominum
897 399 947 437 na·
962 385 989 450 Α
1005 381 1169 452 speratione
1183 380 1295 437 labitur
1308 381 1337 436 in
1353 381 1439 452 iram,
1456 385 1489 438 ct
1516 397 1574 453 pro
1597 380 1743 452 precibus
1757 383 1827 442 solitis

127 483 241 539 strurn‘l
250 484 341 546 Quam
350 477 420 531 dum
432 478 539 530 saneim
547 474 595 529 Dei
603 472 751 545 genitricis
760 471 948 527 beatissima}-

127 589 183 645 que
199 567 325 625 ecclesiae
341 564 478 637 martyris
493 564 531 634 (l)
556 563 749 634 mancipando
775 561 947 631 substernit,

126 657 283 733 quotation
296 653 351 710 nisi
365 653 538 709 indomitam
551 651 661 707 rabiem
674 651 702 706 in
717 649 853 705 melleum
867 665 949 719 sapo-

126 765 187 804 rem
196 744 357 802 convertit?
370 758 402 798 ac
413 742 600 814 postmodum
613 757 682 813 paee
691 740 846 795 informata
857 738 947 793 haere-

124 838 254 907 dumque
270 831 453 890 successione
467 830 595 895 exclusa,
612 828 747 902 pretiosis
763 827 847 899 qnasi
867 827 946 882 invo-

126 924 187 981 luta
214 923 355 980 contentis
381 920 562 992 requiescere
590 918 670 974 novit
696 933 807 972 secum.
833 915 880 970 Sic
907 915 948 970 sic

124 1014 209 1070 xenia
218 1008 427 1076 vestra,dulcis
437 1009 538 1075 amice,
547 1024 604 1062 non
617 1012 677 1063 tam
687 1005 947 1074 suntdona,quarn

125 1104 209 1175 signa
223 1099 387 1172 significata
400 1114 451 1169 per
461 1094 612 1151 charitatis
625 1095 772 1164 affectum,
784 1092 835 1148 sed
851 1091 948 1164 potius

126 1191 203 1249 edita
218 1187 422 1261 perspiritum
436 1190 572 1240 sanctum
586 1201 592 1249 ;
610 1200 642 1238 ac
666 1200 702 1238 ue
725 1181 796 1252 quid
816 1181 897 1237 vobis
912 1181 948 1237 de

121 1278 308 1353 jucunditate
328 1274 419 1331 nostri
441 1278 601 1330 conventus
626 1271 809 1340 subtraham,
827 1287 860 1326 ea
884 1285 948 1342 quar

125 1369 250 1442 gloriose
260 1366 336 1420 facta
346 1364 499 1434 suntapud
513 1379 566 1418 nos
578 1361 623 1416 bis
635 1360 739 1415 dicbus
750 1357 874 1415 fideliter
884 1374 949 1430 ape·

1003 487 1119 526 onrnem
1129 472 1283 526 verborum
1295 469 1677 542 ingeruntcontumeliam
1687 487 1693 524 :
1703 471 1750 527 Vel
1759 489 1825 545 nune

1003 559 1150 628 inquiunt,
1159 559 1347 632 ignavissime
1358 576 1457 626 senex,
1470 559 1544 615 luce
1555 558 1680 614 clarius
1691 565 1762 631 patet
1771 563 1824 633 qnid

1002 648 1109 718 valeas,
1126 650 1242 721 quando
1269 650 1298 703 in
1323 650 1449 706 adventu
1476 653 1534 704 tuo
1564 649 1686 704 nedum
1708 651 1822 720 postulata

1002 740 1197 807 consummet,
1213 739 1301 793 etiam
1317 737 1379 794 loco
1395 743 1477 793 stare
1494 737 1689 810 indignatur
1702 741 1765 810 regia
1780 758 1819 813 pa

1002 831 1103 882 testas.
1120 827 1171 880 liis
1187 831 1275 897 atque
1290 827 1436 883 similibus
1452 826 1589 898 hymnis
1617 825 1650 881 in
1674 829 1817 886 eodenloto

1002 919 1115 971 noctem
1127 915 1477 984 circumsmviuntunam,
1493 931 1572 971 cum
1591 932 1685 971 mane
1699 917 1816 974 vineator-

1002 1003 1084 1077 queri
1100 1009 1206 1075 posset.
1219 1008 1252 1058 ut
1267 1005 1421 1060 referretur
1435 1005 1469 1059 in
1485 1003 1671 1074 ecclesiam,
1683 1005 1730 1061 ubi
1744 1022 1815 1063 conso

1001 1092 1084 1148 ciatie
1100 1091 1232 1165 presulis
1249 1093 1400 1165 utriusque
1424 1092 1564 1160 meritis,
1581 1098 1672 1148 tanta
1697 1095 1815 1151 contestis

1001 1183 1159 1238 subsecuta
1173 1186 1217 1237 est
1231 1181 1336 1252 gratia,
1352 1186 1384 1236 ut
1399 1198 1513 1237 manus
1530 1198 1570 1237 ac
1600 1182 1694 1254 pedes
1709 1186 1814 1239 contorti

1002 1269 1192 1339 solverentur,
1204 1272 1311 1326 orbatas
1326 1269 1462 1325 mulieris
1475 1269 1564 1326 oculi
1580 1271 1816 1343 aperirentur,ile

1002 1358 1099 1415 colluti
1114 1361 1268 1430 cujusdam
1283 1358 1369 1430 pedes
1379 1359 1502 1415 distorti
1515 1359 1738 1428 relocarentur,
1748 1362 1815 1433 inqua

125 1458 209 1514 riam.
226 1458 295 1510 Post
310 1452 419 1508 multas
435 1451 563 1522 corporis
579 1449 741 1505 beatissimi
766 1446 892 1502 ltemaeli
908 1448 947 1518 (5)
1002 1447 1076 1505 nulli
1088 1448 1209 1503 dubium
1222 1448 1277 1503 fuit
1287 1447 1465 1504 Trinitatem
1474 1455 1631 1505 vsanctam
1643 1448 1768 1506 fidelibus
1776 1451 1814 1506 suit

110 1545 319 1619 'repulsiones
332 1540 525 1613 exquisitione
540 1541 683 1611 bonorum
698 1536 946 1592 Malmundarien·
1001 1537 1149 1594 evidenter
1163 1536 1301 1602 adfuisse,
1319 1535 1368 1591 ubi
1391 1553 1445 1608 per
1467 1538 1588 1593 merita
1605 1544 1765 1594 sanctorum
1778 1545 1815 1595 tna

125 1636 202 1693 sium
214 1634 302 1689 etiarn
314 1647 392 1686 nunc
403 1629 480 1701 apud
492 1645 544 1683 nos
556 1631 699 1683 retentare
713 1626 768 1681 fuit
777 1624 945 1690 consilium,
1001 1625 1044 1681 illi
1060 1629 1125 1682 sani
1139 1625 1313 1683 videbantur
1327 1630 1431 1680 astare.
1447 1625 1495 1681 Fit
1510 1626 1732 1682 inenarrabilis
1745 1628 1815 1700 populi

125 1728 157 1780 ut
172 1723 256 1796 quasi
269 1721 346 1792 quod
359 1735 410 1791 per
424 1735 455 1773 se
471 1733 528 1772 non
544 1720 666 1788 poterat,
680 1715 772 1786 pietas
784 1713 882 1769 divina
897 1729 947 1784 per
1001 1714 1168 1784 commotio,
1184 1718 1283 1770 cantat
1307 1714 1439 1781 ecclesia,
1462 1715 1687 1772 contremiscit
1709 1715 1773 1786 aula,
1784 1733 1816 1771 rer

123 1815 337 1883 cooperatorem
350 1805 499 1878 suppleret
510 1805 709 1859 lambertum.
720 1803 843 1857 Ventum
854 1805 899 1856 est
911 1802 946 1856 ad
1002 1803 1128 1858 accurrit
1142 1801 1279 1868 anbelus,
1291 1803 1367 1859 bona
1381 1819 1447 1873 quae
1463 1803 1647 1860 abstulerat
1662 1806 1815 1862 sancbsano

123 1889 948 1965 noscamadmirabiliplebismultitudinesimulacde-
1000 1891 1113 1965 corpori
1138 1891 1270 1962 utrisque
1298 1894 1490 1964 representat
1519 1893 1685 1949 manibus.
1702 1893 1816 1962 todeni

122 1989 247 2054 votione,
261 1987 458 2054 feretrumque
470 1982 614 2051 jactatum
629 1996 717 2051 super
731 1995 864 2034 mensam
878 1995 946 2034 eum
1000 1979 1088 2036 frater
1101 1983 1129 2035 et
1139 1979 1268 2045 domine,
1279 1980 1336 2046 oui,
1346 1979 1452 2036 Jesum
1468 1984 1587 2049 testor,
1600 1983 1697 2039 debeo
1707 1983 1816 2055 quicquit

124 2076 284 2144 devotione,
301 2090 367 2128 cum
393 2088 429 2127 ne
453 2071 494 2125 sio
517 2070 634 2142 quidem
655 2086 705 2123 cor
719 2068 806 2138 reris,
823 2069 901 2140 quod
916 2068 947 2124 in
1001 2067 1070 2123 nom
1093 2067 1193 2124 deberi
1217 2072 1313 2140 potest
1336 2068 1450 2124 homini
1467 2069 1508 2125 ab
1527 2069 1676 2138 bomine,
1691 2072 1719 2127 in
1733 2089 1817 2127 sunno

123 2182 213 2222 manu
228 2164 278 2220 Dei
294 2166 348 2230 est,
361 2163 396 2214 ad
412 2157 643 2215 misericordiam
658 2159 877 2224 devolveretur;
895 2158 946 2213 sed
1001 2174 1122 2213 inuuere
1138 2173 1217 2228 rogo,
1234 2163 1266 2212 ut
1290 2157 1364 2213 meis
1383 2158 1483 2213 verbis
1500 2158 1651 2216 divinam
1668 2162 1817 2233 majestatem

123 2254 221 2326 potius
232 2253 267 2308 ad
283 2249 466 2306 iracundiam
477 2247 650 2311 concitatus,
663 2244 800 2303 exsiliens
811 2246 846 2301 de
861 2263 947 2301 acen·
1001 2247 1122 2302 adorare
1136 2245 1231 2302 velitis
1247 2263 1335 2317 super
1354 2245 1408 2303 boc
1428 2246 1558 2318 duplici
1578 2251 1714 2323 negotio,
1729 2252 1790 2323 quod
1801 2251 1818 2305 ir

122 2344 184 2398 bitu
201 2339 390 2411 conclavique
407 2341 540 2408 receptus
565 2352 667 2391 seeum
691 2334 946 2401 stomacharetur;
1000 2339 1132 2407 tempore
1149 2335 1438 2407 uostrieplscopatus
1452 2339 1521 2392 tam
1541 2338 1819 2413 mirabiliteroperui

122 2448 181 2504 qua
195 2428 498 2502 perturbatione-grex
513 2429 598 2480 antea
610 2423 775 2491 devolutus,
786 2424 830 2479 vel
847 2441 883 2480 cx
897 2425 946 2480 de·
1002 2423 1031 2479 in
1049 2423 1134 2479 nobis
1148 2423 1287 2496 dignatus
1301 2428 1345 2480 est
1368 2423 1534 2481 Dominus.

158 2710 195 2781 (t)
212 2706 346 2780 Martyris
361 2707 390 2761 S.
408 2702 554 2760 Lamberti
570 2701 740 2758 Leodieosis
755 2699 882 2756 ecclesie
897 2716 946 2772 pa·
1000 2701 1051 2756 bes
1075 2701 1151 2772 apud
1178 2699 1401 2772 chapeavillam‚
1417 2701 1454 2756 ad
1481 2704 1610 2760 calcem
1637 2708 1713 2762 tomi
1731 2708 1822 2763 aaran

122 2782 211 2839 troni,
1001 2771 1036 2826 de
1059 2772 1155 2827 Gestis
1182 2773 1384 2915 episcoporum
1409 2773 1641 2834 Leodiensium
1669 2780 1821 2849 (Penelopia

160 2854 198 2924 (5)
214 2851 360 2923 Integram
375 2844 519 2918 triumphi
537 2845 566 2900 S.
583 2843 710 2898 liemaoli
725 2842 877 2898 historiam
893 2841 946 2898 ha·
1000 2847 1072 2898 tom.
1093 2842 1198 2898 CXLIX

490 3028 905 3131 nmmum
956 3026 1459 3130 Lnonmrtsts

652 3288 655 3293 .
760 3224 1186 3313 rnrvrnncrun

538 3377 608 3431 eno
627 3374 852 3431 connectant
871 3375 901 3428 a.
922 3374 1046 3431 uranu
1065 3375 1234 3432 ncccnsn
1253 3376 1406 3433 norunsr.

874 3498 965 3568 (rnna
981 3499 1073 3568 roae.)

271 3627 479 3701 limpdissimam
494 3627 520 3681 ei
537 3625 604 3696 facit
618 3623 792 3678 donationem
808 3623 838 3676 in
852 3621 941 3692 ipsias
955 3621 1134 3694 dedicatione,
1151 3640 1267 3695 eamque
1282 3625 1361 3695 eliqit
1372 3640 1422 3696 pro
1436 3627 1610 3698 sepulturae
1627 3634 1698 3690 foco.
1795 3605 1801 3614 ’

643 3747 728 3817 (from
744 3746 887 3815 Mauram,
903 3703 1029 3818 Ampliat.
1051 3746 1175 3815 Collect,
1189 3748 1210 3816 1,
1228 3749 1301 3818 467.)

155 3989 186 4042 ln
202 3985 320 4042 nomine
336 3988 443 4038 sanctae
468 3985 496 4036 et
518 3979 672 4034 individuae
687 3978 849 4033 Trinitatis.
866 3979 981 4045 BnnaG
1002 3982 1101 4033 notata
1118 3996 1124 4033 :
1150 3979 1302 4036 ecclesiam
1327 3980 1363 4035 da
1388 3981 1512 4052 llousle,
1529 3987 1697 4046 ecclesiam
1723 3991 1755 4046 de
1771 3991 1819 4045 fn·

117 4074 181 4128 vitae
198 4072 350 4144 Psaeggnqjs
366 4071 504 4125 omnibus
525 4066 576 4139 qui
603 4083 667 4121 eam
694 4067 822 4137 diligunt
848 4082 942 4131 avaro,
998 4066 1154 4135 deis-villa,
1170 4067 1312 4138 capellam
1336 4070 1371 4125 de
1398 4074 1426 4124 S.
1454 4072 1682 4145 Petri-monte,
1698 4079 1817 4136 teloneum

118 4156 941 4228 nullamsalutem,sedmortempariuntsempiternam.
997 4154 1033 4210 de
1057 4155 1391 4229 Havelange,praedium
1419 4161 1503 4231 quod
1533 4163 1658 4223 ibidem
1687 4174 1714 4225 et
1736 4174 1819 4224 terram

117 4247 171 4312 Qui
195 4253 293 4302 autem
318 4262 369 4317 per
394 4243 495 4299 eadem
519 4243 595 4298 bona
619 4242 755 4315 operibus
776 4242 941 4298 miscricor-
999 4260 1086 4314 quam
1116 4243 1145 4298 in
1173 4244 1339 4300 Heristallio
1368 4246 1528 4320 acquisivi,
1561 4260 1705 4314 octavam
1731 4261 1819 4331 partem

118 4335 171 4391 dqffi
187 4335 290 4391 florere
305 4332 484 4398 studuerint,
501 4337 604 4387 serunt
627 4331 745 4403 quidem
769 4331 943 4402 temporalia
996 4330 1094 4386 allodii
1110 4331 1140 4386 in
1156 4331 1225 4387 villa
1239 4333 1396 4402 Hisemale,
1414 4337 1569 4406 praedium
1587 4347 1676 4416 quod
1692 4343 1818 4418 aequiori.

117 4423 254 4494 centuplo
274 4423 370 4479 fructu
395 4422 459 4478 sine
486 4422 543 4476 fine
571 4437 721 4476 mansura.
740 4420 863 4476 Proinde
888 4420 942 4493 igi·
997 4420 1026 4474 in
1051 4418 1114 4475 loco
1138 4419 1274 4493 Ungravi,
1292 4427 1404 4494 partem
1421 4427 1548 4484 comitis
1566 4431 1734 4502 Godefridi,
1751 4447 1818 4507 quam

117 4517 166 4568 tur
181 4529 233 4586 ego
254 4511 418 4567 [tietwinus
441 4509 610 4566 Leodiensis
635 4508 729 4581 gratia
754 4508 801 4564 ltei
827 4509 941 4580 episto·
996 4508 1099 4564 habuit
1122 4509 1150 4563 in
1177 4509 1255 4565 villis
1282 4517 1408 4585 Langen,
1426 4513 1656 4594 Lettalambre,
1674 4522 1818 4598 lingelrodn

117 4616 173 4674 pus
202 4598 334 4673 exemplo
363 4599 463 4655 domni
492 4598 632 4663 Richarii,
663 4598 789 4666 flvracri,
811 4597 939 4670 Notgeri,
994 4599 1022 4651 ct
1046 4596 1074 4651 in
1101 4596 1310 4671 ecclesiaque
1336 4603 1381 4655 est
1404 4601 1433 4656 in
1459 4602 1536 4660 villa
1552 4607 1713 4683 Reymest,
1728 4614 1754 4668 in
1767 4609 1818 4664 tilla

118 4687 595 4761 aliorumqoediversorumhujus
611 4686 699 4752 sedis,
712 4687 829 4758 quinon
845 4685 940 4742 solum
992 4684 1138 4740 Taolieres
1155 4687 1371 4757 mansosduos,
1388 4692 1506 4746 curtem
1532 4694 1648 4754 Lustin
1664 4717 1730 4756 cum
1744 4698 1817 4756 ceclt·

99 4778 299 4861 ¹extrinsecus
311 4776 475 4848 acquisitis,
487 4776 537 4830 sed
555 4775 745 4831 multaetiam
760 4774 816 4830 sibi
831 4779 860 4830 et
874 4792 939 4831 suc·
995 4773 1039 4829 sia
1063 4778 1091 4828 et
1114 4775 1253 4831 omnibus
1278 4776 1455 4848 appenditiis
1484 4781 1565 4848 suis,
1592 4786 1736 4845 allodium
1757 4785 1816 4860 quod

119 4864 695 4930 cessoribusdetrabentes,laborantibus
707 4863 805 4934 inopia
820 4880 939 4935 congre·
994 4861 1098 4917 habuit
1112 4863 1193 4918 Ilaoo
1219 4863 1249 4918 in
1269 4864 1338 4920 villa
1357 4864 1483 4937 Hirgeis‚
1503 4870 1673 4932 dimidiam
1688 4877 1814 4934 eeclesiam

113 4956 284 5028 gationibus
310 4954 357 5026 pie
383 4958 411 5009 et
435 4953 664 5009 misericorditer
685 4953 892 5020 subvenerunt,
910 4953 939 5008 in
995 4952 1030 5006 do
1040 4951 1248 5009 Wanterluche
1263 4969 1331 5009 cum
1346 4955 1426 5009 omni
1443 4957 1581 5028 familia,
1595 4969 1628 5021 et
1643 4971 1705 5023 tota
1718 4968 1778 5023 dote
1787 4965 1815 5035 ip
1862 5024 1864 5041 Ι

114 5043 242 5100 satutem
259 5046 287 5098 et
302 5040 534 5113 redemptionem
550 5041 655 5096 animae
670 5056 741 5096 mcae
755 5039 894 5096 ecclesias
909 5041 939 5095 in
994 5040 1065 5096 aius.
1083 5041 1156 5105 Quia
1180 5058 1246 5098 vero
1272 5043 1336 5113 ipsa
1357 5044 1465 5100 domus
1487 5059 1609 5110 sanctae
1625 5058 1722 5112 lfarie
1736 5053 1814 5112 mulli!
1862 5046 1864 5121 f

113 5131 185 5188 lloio
212 5136 322 5188 sanetae
348 5130 395 5186 Dei
423 5129 577 5185 Genitrieis
603 5129 699 5185 Mariae
724 5131 762 5201 (6)
787 5129 940 5201 sanctique
993 5128 1151 5200 impendiis
1176 5146 1249 5201 opus
1274 5130 1372 5199 habet,
1395 5133 1559 5195 ecclesiam
1592 5144 1632 5199 de
1660 5142 1810 5201 alternant

114 5219 271 5275 Domitiani
288 5217 396 5275 contuli
413 5220 448 5273 ad
464 5233 537 5273 usus
552 5218 676 5273 fratrum
692 5216 753 5272 haec
773 5218 874 5273 subter
889 5217 938 5273 ad·
993 5217 1156 5273 custodiam
1173 5218 1382 5293 delegavimus,
1398 5226 1427 5276 et
1452 5225 1493 5278 ad
1523 5227 1584 5286 has
1610 5235 1809 5291 necessitates!

150 5360 189 5430 (6)
203 5361 361 5417 Ecclesiam
377 5360 532 5417 Hoiensem
553 5361 643 5416 beatae
668 5359 763 5416 Marias
786 5377 804 5414 a
827 5360 939 5416 Bosone
994 5359 1366 5429 mentisercctam,additis
1382 5363 1473 5422 etiam
1486 5368 1536 5426 XV
1551 5377 1710 5435 canonicis
1732 5370 1805 5433 scam

116 5429 320 5489 archidiacono
336 5450 388 5506 pro
412 5431 457 5490 XV
479 5432 627 5489 canonicis
642 5431 806 5498 fundatam,
823 5447 840 5486 a
866 5431 938 5487 Deo·
993 5431 1113 5506 Egidius
1128 5433 1164 5489 de
1179 5432 1384 5492 Aurea-Valle.
1713 5420 1721 5446 ’

114 5499 206 5563 dufno
220 5503 355 5582 episeopo
369 5504 520 5564 Laodiensi
536 5508 743 5574 restauratam,
758 5507 788 5562 et
803 5519 820 5561 a
835 5502 938 5561 funda·
