3892 6096
114 207 192 269 {285
695 202 899 266 nvlssobAE
920 203 1233 268 schibboletth.
1738 219 1815 282 qm

115 342 233 411 propter
242 352 295 411 ego
304 335 478 404 Alexander,
484 339 593 392 sanotae
605 334 741 391 Romano
747 333 881 390 Ecclesia
891 333 935 390 di·
949 336 978 404 Α
991 351 1091 391 eorum
1107 335 1191 392 aliter
1204 352 1294 408 qnam
1315 336 1428 396 dictum
1450 344 1497 398 est
1512 341 1623 414 locent,
1639 352 1816 420 componant

114 423 371 498 viuaprovidentia
384 425 513 497 pontifex
523 427 552 480 et
562 422 938 497 epiecopushuccensisdo-
992 425 1055 480 nuri
1084 423 1188 497 optimi
1211 424 1302 482 libras
1325 431 1454 498 centum,
1477 430 1664 489 medietatem
1692 452 1816 494 camma

116 515 221 581 clesia,
235 517 391 587 provestro
403 513 453 585 qui
465 511 717 586 supramemorati
729 510 938 578 estiaservitio,
992 513 1093 569 domni
1108 513 1195 586 regis,
1212 518 1241 570 et
1255 515 1439 573 medietatem
1460 516 1519 575 illis
1534 520 1642 591 quihus
1658 522 1767 594 injuria
1780 525 1816 582 il·

116 609 146 660 et
159 603 296 659 benevela
309 619 378 675 erga
394 619 447 658 nos
471 601 625 658 dilectione
639 617 691 673 per
705 601 758 657 hoo
773 600 939 674 apostolica
992 599 1053 657 lata
1068 601 1166 670 luerit,
1180 605 1209 660 et
1223 602 1344 676 insuper
1358 609 1497 678 perpetuo
1513 609 1700 669 anathemate
1715 613 1816 671 inreti-

117 694 195 749 sedis
207 691 390 764 privilegium
402 688 717 747 concedoetcouhrmo
729 689 811 745 vobis
823 705 942 762 preme·
994 693 1043 746 tus
1062 690 1142 747 omui
1170 690 1374 749 maledictione
1397 694 1555 766 subjaceat.
1573 698 1611 754 Ul
1632 705 1732 758 autem
1756 703 1818 761 hac

118 781 240 838 moratis
263 797 352 836 unam
380 781 486 852 petiam
510 779 546 834 de
569 783 648 834 terra
669 778 826 834 Lucconsis
848 775 941 833 nostri
994 781 1091 836 verius
1101 781 1267 851 credantur,
1281 798 1368 837 manu
1384 784 1503 856 propria
1512 788 1731 848 subscribentes
1741 792 1818 850 hano

119 871 315 944 episcopatus,
328 869 414 925 sitam
422 868 506 940 juxta
521 867 670 940 prolatam
682 867 834 924 ecclesiam
846 867 875 924 S.
888 872 940 923 Do·
995 868 1133 943 paginam
1150 868 1333 925 roboramus.

119 959 191 1026 nati,
208 975 274 1014 cum
297 973 374 1024 casa,
390 961 419 1012 et
433 956 528 1026 horto,
543 960 572 1013 et
596 955 677 1012 omni
692 973 746 1013 suo
760 955 892 1023 aedilicio,
915 958 944 1011 et
1030 959 1076 1029 (Io
1101 958 1202 1014 circulo
1225 975 1235 1013 :
1260 962 1380 1016 Muenna
1408 965 1486 1019 Deus
1513 979 1633 1035 noema,
1659 985 1694 1024 er
1720 986 1820 1028 manua

121 1046 290 1114 intratoriis,
307 1051 335 1102 ot
358 1044 576 1118 egressionibus
590 1046 665 1116 ejus,
681 1048 789 1102 etcum
805 1043 943 1101 omnibus
995 1062 1099 1103 vissus
1113 1062 1182 1102 rsus
1194 1064 1201 1114 ;
1215 1054 1242 1103 et
1255 1049 1286 1103 io
1308 1050 1429 1107 circuitu
1448 1051 1569 1122 ejusdem
1591 1056 1691 1112 circuli
1705 1076 1714 1113 .·
1730 1063 1818 1116 Exan-

121 1138 285 1207 rebusque
302 1133 342 1190 ibi
361 1137 430 1190 sunt
440 1137 491 1189 eut
501 1149 575 1205 quas
590 1132 621 1189 in
636 1138 723 1190 antea
736 1132 790 1188 tibi
800 1131 944 1188 Dominus
995 1152 1077 1191 rsvrv
1090 1152 1130 1190 us
1153 1135 1232 1192 Daue
1248 1153 1277 1192 ιιι
1299 1154 1422 1194 viarum
1436 1156 1552 1198 senemr
1571 1144 1764 1217 sus.)1letum
1779 1166 1820 1206 vn

122 1224 256 1280 dederit:
273 1219 849 1294 tenentemscilicetambocapitaunum
865 1219 944 1276 lalus
996 1223 1065 1280 Idus
1089 1223 1220 1280 Jannsrii
1248 1225 1277 1281 in
1301 1227 1442 1284 comitatu
1467 1231 1597 1299 Senensi,
1612 1249 1690 1292 anno
1712 1253 1780 1295 vero
1799 1255 1820 1295 ιι

122 1313 152 1370 in
163 1310 363 1370 terrodomini
374 1309 461 1383 regis,
477 1308 557 1366 aliud
569 1308 723 1367 verolatus
734 1310 764 1366 in
775 1325 860 1365 muro
872 1325 944 1381 pra·
997 1313 1098 1370 domni
1112 1311 1267 1369 Alexandri
1292 1314 1316 1371 11
1332 1320 1398 1386 Pl),
1422 1333 1473 1390 per
1494 1335 1601 1378 manus
1616 1324 1693 1380 Petri
1716 1325 1820 1384 biblio·

122 1404 187 1459 latu
200 1400 338 1465 ecclesie,
348 1399 416 1456 etin
431 1403 508 1455 terra
522 1416 587 1471 quas
602 1399 658 1456 luit
669 1400 770 1456 Leonis
785 1397 944 1455 etGerma·
999 1401 1120 1458 theserii
1135 1418 1183 1458 an.
1200 1402 1278 1471 1063,
1295 1402 1396 1460 indict.
1412 1406 1517 1477 prima.

122 1509 229 1549 norum
241 1509 248 1548 :
260 1506 328 1547 cum
343 1506 376 1546 eo
391 1488 527 1545 videlicet
541 1489 643 1546 ordine
662 1492 695 1545 nl
708 1488 839 1546 liberast
852 1485 945 1559 quieti
1392 1510 1414 1567 Χ

121 1581 179 1653 ipsi
191 1586 520 1637 elsuccessoreseorum
531 1595 598 1634 curn
610 1575 945 1635 omnibussuisoohabi·
998 1596 1150 1653 ,qrammi
1162 1598 1191 1654 ῃ
1210 1598 1327 1669 ,pamla
1349 1599 1384 1654 ad
1405 1551 1599 1661 purchardum
1612 1608 1822 1670 palpamen.

122 1670 255 1726 tentibus
270 1667 300 1723 in
316 1667 424 1723 dictam
440 1669 595 1733 terram,et
607 1670 754 1734 casam,ol
767 1681 834 1721 cum
850 1663 946 1720 omni·
1035 1684 1094 1723 sm
1107 1669 1272 1740 epsicopum.
1288 1699 1323 1710 -
1337 1671 1443 1727 caudes
1455 1674 1516 1744 ejvs
1528 1679 1710 1750 commendet,
1721 1692 1747 1739 el
1761 1686 1822 1756 pol·

123 1758 179 1814 bus
197 1774 259 1828 que
271 1755 459 1827 praediximus
474 1754 752 1825 integretenoantet
766 1753 947 1827 possideant,
1038 1739 1108 1794 lium
1120 1754 1171 1810 1)Το
1184 1741 1282 1795 mrim
1297 1741 1428 1798 wimii-

123 1841 948 1914 etibihabitent,remotaomnimolestia,elinquietudine
1309 1831 1405 1896 “¹¹⁰⁰
1426 1830 1517 1904 ¹⁰⁶3·)

123 1938 225 1991 nostra
240 1937 464 2003 nostrorumque
477 1946 691 2002 successorum,
702 1930 753 2003 qui
765 1929 950 1988 voluimuset
1173 1917 1276 1984 iMANSI
1292 1916 1394 1973 cmii·
1411 1917 1483 1988 mr
1501 1937 1567 1994 9⁸3·
1583 1924 1659 1998 9⁸3·]

124 2023 249 2079 firmiter
263 2020 473 2078 constituimus
489 2023 590 2077 utnon
604 2018 754 2076 solumilli
770 2019 862 2076 nostri
878 2037 949 2092 pro·
1038 2027 1212 2078 Ammaous
1225 2022 1381 2096 episcopua
1405 2041 1506 2083 servus
1520 2045 1670 2089 servorum
1685 2034 1735 2094 Dei
1750 2038 1824 2096 dile·

123 2111 177 2167 lati
192 2110 252 2178 Dei,
269 2112 297 2165 et
311 2107 427 2165 illorum
443 2123 628 2164 successores
643 2124 709 2164 cum
733 2107 872 2164 omnibus
886 2107 949 2165 suis
1003 2109 1135 2167 etisaimo
1154 2110 1184 2166 io
1199 2110 1313 2167 Christo
1337 2112 1512 2172 Buacnsnoo
1526 2116 1747 2182 Helbertadensi
1761 2128 1826 2201 epi·

123 2198 385 2264 cohabitatoribus,
401 2196 478 2253 sicut
501 2196 611 2254 dictum
636 2201 690 2263 est,
705 2196 843 2268 habeant,
859 2199 888 2252 et
906 2199 950 2253 ts-
1004 2214 1091 2270 scopo
1115 2198 1144 2253 in
1168 2199 1292 2255 Domino
1321 2199 1448 2259 salutem
1471 2208 1500 2260 et
1522 2208 1712 2277 apostolicam
1735 2214 1825 2273 hene·

126 2286 601 2355 neant,ethahitentmemoratam
612 2288 950 2353 terram,etoasamcum
1004 2285 1173 2342 dictionem.

126 2375 208 2433 omni
223 2391 277 2432 suo
290 2374 423 2444 edificio,
439 2376 468 2430 el
492 2372 664 2442 intratoriis,
679 2377 708 2429 ot
722 2371 950 2446 egressionibus,
1042 2376 1119 2431 Inter
1145 2374 1238 2432 multa
1265 2393 1330 2448 qua
1349 2379 1488 2451 Magister
1506 2386 1536 2438 et
1555 2382 1662 2442 Doctor
1682 2388 1826 2461 gentium,

127 2470 216 2538 atque
231 2462 311 2520 omni
327 2462 504 2536 pertinentia
517 2478 581 2534 sna,
595 2460 675 2519 velut
688 2461 824 2534 superius
838 2461 950 2518 dictum
1007 2463 1143 2519 minister
1154 2464 1275 2535 quidem
1290 2464 1398 2522 Christi
1419 2472 1449 2525 et
1471 2472 1634 2531 secundom
1660 2475 1712 2533 Dei
1726 2480 1827 2552 gratias

127 2559 184 2622 est,
196 2551 345 2610 sedetiam
357 2550 754 2623 similitaromnesilliqniin
765 2551 954 2607 dictanostra
1006 2552 1117 2608 donum
1133 2552 1318 2624 dispensator
1341 2556 1546 2626 mysteriorum
1561 2561 1637 2633 ejus,
1652 2564 1776 2624 discrete
1798 2572 1829 2626 et

127 2640 251 2699 ecclesie
265 2639 391 2696 ordinati
416 2638 534 2707 luerint,
550 2643 579 2696 et
594 2639 635 2695 ibi
661 2654 848 2696 communem
863 2640 953 2695 vitam
1007 2638 1203 2713 spiritualiter
1226 2640 1363 2709 instituit,
1379 2646 1523 2716 quosdam
1538 2648 1568 2704 in
1584 2651 1712 2710 Ecclesia
1726 2660 1829 2715 sancta
1935 2658 1944 2665 '

130 2731 236 2787 ducere
250 2727 394 2785 voluerint
403 2730 432 2784 el
445 2727 582 2784 cononice
596 2725 727 2793 vixerint,
742 2730 771 2784 et
780 2726 953 2798 obedierint,
1007 2745 1065 2786 non
1081 2733 1115 2785 ut
1128 2728 1258 2802 hospites
1273 2736 1302 2786 et
1316 2731 1455 2804 advenas,
1469 2737 1520 2793 sed
1544 2744 1577 2796 ut
1590 2739 1677 2812 cives,
1693 2747 1723 2801 et
1736 2746 1829 2803 coha-

131 2824 161 2876 et
174 2823 282 2875 rectam
299 2816 386 2873 iidem
403 2815 591 2889 portaverint,
600 2820 692 2872 elnon
707 2816 807 2888 inique
822 2815 955 2873 insidiati
1008 2818 1092 2876 redes
1106 2822 1135 2875 ot
1146 2819 1368 2894 concorporales
1382 2822 1412 2878 in
1424 2822 1627 2885 habitaculum
1643 2832 1692 2888 Dei
1708 2835 1830 2892 coadid-

132 2907 240 2965 fuerint
256 2906 328 2963 mihi
344 2906 476 2978 meisque
490 2905 718 2962 successorihus,
730 2905 760 2961 Si
775 2905 842 2978 quia
856 2909 954 2962 autem
1009 2912 1101 2973 catos,
1115 2907 1144 2962 in
1168 2923 1237 2963 area
1250 2924 1367 2981 quoque
1390 2910 1543 2972 Dominica
1564 2921 1832 2997 comparticipasset

131 2995 298 3054 ordinarius
308 2996 344 3051 de
357 3011 433 3067 sape
447 2995 526 3050 dicta
536 2993 659 3051 ecclesia
673 2993 810 3067 deinceps
824 2994 854 3050 in
870 2998 956 3050 antea
1011 2999 1214 3068 cooperatores
1224 2995 1366 3070 singulari
1378 3001 1580 3062 munificentia
1593 3009 1767 3069 excellenter
1780 3013 1833 3071 do·

131 3085 183 3143 Dei
195 3084 307 3157 judicio
326 3084 362 3139 de
377 3083 431 3140 hoc
454 3082 560 3139 saeculo
575 3083 752 3155 migraverit,
768 3087 797 3139 et
817 3083 884 3140 talis
898 3067 991 3139 cle-C
1010 3083 1074 3139 neri
1090 3084 1275 3155 premonuit.
1290 3086 1361 3142 Dum
1374 3091 1490 3162 tempus,
1505 3092 1610 3165 inquit,
1626 3097 1767 3169 menam,
1784 3103 1830 3160 te·

131 3175 214 3231 ricus
228 3190 245 3229 a
258 3172 341 3229 vobis
355 3171 491 3228 inventus
506 3170 594 3226 luerit
609 3171 659 3242 qui
675 3171 806 3228 moribus
817 3175 846 3227 et
860 3170 960 3228 allicio
1010 3188 1078 3228 nom
1089 3186 1232 3242 Olim&
1245 3172 1281 3228 “d
1293 3188 1396 3244 ‘'mm‘’
1410 3181 1534 3236 'mim
1550 3188 1643 3241 “mm
1657 3186 1693 3242 Μ
1706 3188 1832 3247 ‘immi'

133 3260 355 3319 utilisvidcatur
369 3259 512 3333 predicta
524 3258 700 3329 ecclesia,et
711 3260 850 3316 canonice
863 3259 958 3316 vivere
1010 3276 1054 3317 cos
1068 3259 1134 3332 fidei
1146 3260 1217 3331 (Gal.
1232 3278 1272 3330 vr,
1290 3262 1345 3332 10).
1361 3262 1442 3321 Unde
1466 3267 1568 3340 etiarn,
1584 3273 1625 3327 mi
1640 3273 1832 3334 dilectissime

133 3349 313 3424 promiserit,
329 3348 413 3404 illum
435 3348 524 3405 talem
539 3347 747 3405 constituimus
761 3351 790 3404 et
803 3347 883 3404 omni
898 3351 957 3404 sta·
1012 3349 1053 3404 tili
1082 3350 1258 3417 Buroharde,
1284 3353 1447 3410 venerande
1470 3357 1650 3433 coepiscope,
1675 3362 1743 3420 fidei
1772 3369 1831 3422 tuo

76 3466 78 3473 ·
134 3439 247 3496 bilitets
261 3437 472 3494 confirmamus
485 3437 522 3493 sd
535 3436 691 3493 vivendum
705 3435 878 3510 regulariter
895 3436 960 3492 sine
1013 3454 1145 3511 quaeper
1167 3437 1338 3496 charitatem
1362 3448 1499 3514 operatur
1521 3445 1591 3516 (Gal.
1608 3464 1636 3518 v,
1651 3449 1690 3521 6),
1705 3451 1835 3524 attuati-

76 3558 83 3595 ἱ
135 3527 216 3585 mala
229 3526 388 3583 intentione
403 3525 837 3598 ordinariaproprioepiscopo
852 3526 882 3581 in
896 3525 959 3583 loco
1013 3528 1321 3600 tiatnaequaaexllde
1339 3533 1569 3607 estlliom.x,6),
1592 3536 1753 3609 plurimum
1766 3556 1835 3598 con·

135 3616 267 3674 defuncti
281 3615 392 3687 absque
407 3614 492 3687 pretii
507 3614 686 3686 acceptioue,
698 3612 837 3685 nullaque
851 3613 959 3670 venali·
1013 3616 1206 3690 gratulamur.
1220 3617 1416 3690 Temporibus
1427 3626 1525 3680 autern
1540 3624 1615 3696 istis,
1628 3626 1658 3683 in
1673 3627 1838 3701 quibusve·

76 3722 84 3749 ·.
134 3711 183 3762 tas
198 3720 251 3776 pro
265 3703 402 3778 predicta
417 3703 598 3759 ordinatione
615 3704 678 3773 jam
694 3702 780 3759 dictis
795 3702 909 3759 clericis
923 3703 961 3759 ir·
1015 3702 1059 3759 nit
1074 3701 1118 3759 ira
1132 3701 1180 3759 Dei
1194 3701 1225 3759 in
1241 3703 1317 3760 lilios
1332 3706 1511 3777 diffidentia,
1523 3711 1559 3767 ‘1⁰
1571 3713 1679 3784 quibus
1693 3732 1758 3774 lm
1773 3734 1838 3792 9⁰⁸·

75 3828 82 3864 :
135 3798 267 3867 rogetur,
283 3792 327 3849 vel
351 3792 476 3863 alicujus
491 3791 576 3864 pretii
597 3791 689 3847 illatio
703 3792 740 3848 ab
760 3792 803 3848 eis
818 3791 960 3865 exigatur,
1016 3808 1121 3848 sumus
1135 3808 1203 3849 cum
1227 3793 1365 3865 Apostolo
1380 3794 1476 3854 dicere
1493 3815 1500 3854 :
1517 3800 1619 3859 Videte
1633 3819 1720 3861 canes
1745 3805 1839 3865 malos

75 3918 79 3949 r
135 3883 162 3940 ,ι
180 3887 295 3938 tantum
311 3898 362 3954 pm
378 3881 543 3937 ohedientia
558 3897 647 3954 quam
663 3897 748 3937 suam
764 3881 870 3938 debent
884 3881 963 3938 exhi·
1016 3881 1130 3953 operari
1153 3881 1349 3939 concisionem
1368 3885 1454 3957 (Post.
1471 3904 1514 3960 ιιι,
1528 3890 1568 3962 2),
1584 3906 1658 3965 opus
1682 3893 1839 3952 ministerii

135 3973 208 4030 bere
222 3971 357 4045 episcopo
377 3987 427 4043 per
441 3970 574 4042 singulos
587 3986 680 4027 ennos
694 3969 719 4026 si
738 3987 755 4026 a
769 3986 824 4028 suo
838 3970 963 4044 presule
1016 3971 1071 4037 tui,
1088 3976 1117 4026 et
1131 3970 1354 4029 edificationem
1376 3990 1483 4048 corpus
1497 3978 1651 4054 [corporis]
1666 3982 1776 4040 Christi
1801 3983 1839 4041 ad

136 4059 245 4118 moniti
260 4060 368 4116 luerint
381 4057 472 4115 semel
488 4064 516 4114 ct
537 4076 595 4115 una
617 4060 678 4117 vico
693 4060 795 4116 autad
820 4061 964 4117 domnum
1018 4058 1366 4131 honoremapostolorum
1374 4064 1451 4119 Petri
1467 4070 1496 4122 et
1505 4065 1599 4138 Pauli,
1610 4070 1647 4126 ad
1659 4069 1840 4130 voluntatem

135 4166 247 4225 papam
263 4150 386 4206 Romam
402 4164 470 4205 cum
492 4148 593 4204 eodem
609 4148 745 4221 episcopo
769 4166 847 4206 unus
861 4166 964 4206 eorum
1018 4146 1220 4219 etlussionem
1228 4148 1411 4207 dilectissimi
1419 4155 1511 4210 nostri
1520 4155 1573 4212 dlii
1581 4158 1697 4215 Henrioi
1707 4160 1744 4216 lv
1752 4160 1842 4235 regis,

136 4253 262 4315 pergere
276 4239 391 4300 debeat,
406 4235 461 4307 vel,
477 4237 501 4293 si
518 4252 635 4292 necesse
650 4237 746 4304 luerit,
757 4236 836 4293 ultra
851 4242 966 4295 montes
1019 4236 1130 4294 scilicet
1144 4240 1177 4293 ot
1188 4238 1389 4296 ecclesiastica
1405 4243 1487 4315 pacis
1500 4242 1735 4319 inquietudinem
1745 4250 1844 4324 regius

138 4329 178 4387 ad
193 4343 306 4400 regem,
315 4326 428 4383 scilicet
442 4325 468 4382 si
482 4325 545 4398 ipse
559 4325 716 4398 episcopus
726 4325 906 4398 stipendium
917 4325 966 4381 iti·
1021 4326 1178 4382 advocatus
1188 4325 1386 4401 propulsares,
1396 4332 1475 4402 quod
1487 4348 1553 4390 cum
1565 4337 1645 4392 omni
1660 4338 1768 4411 gaudio
1778 4353 1844 4397 ans·

138 4417 223 4475 neris
237 4416 279 4474 eis
294 4416 417 4490 largitus
441 4415 546 4483 suerit;
563 4419 708 4471 utentem
728 4414 789 4471 hec
804 4419 905 4471 nostra
919 4414 966 4471 de·
981 4430 1009 4495 D
1024 4413 1137 4487 cepisti.
1168 4415 1269 4487 itaque
1297 4421 1363 4489 post
1386 4425 1556 4493 susceptum
1580 4422 1736 4498 legationis
1757 4426 1845 4483 obse·

139 4511 232 4572 emta,
249 4523 312 4579 quea
328 4507 364 4561 de
379 4521 426 4561 me
449 4509 479 4561 el
498 4504 571 4561 meis
595 4504 815 4561 successoribus
830 4503 967 4577 superius
1022 4502 1417 4576 quium,semperunanimis
1428 4524 1487 4565 uno
1501 4510 1607 4582 spiritu
1618 4513 1845 4570 etsinceraatls·

139 4596 224 4653 dicta
238 4599 318 4662 sunt,
329 4594 452 4651 tirmiter
467 4593 497 4649 in
513 4597 651 4666 perpetuo
667 4597 817 4660 maneant,
831 4591 968 4649 volumus
1023 4592 1120 4648 ctione
1132 4607 1183 4664 pro
1194 4591 1758 4658 nobisaoiiomanahlcclasianobiscum
1769 4600 1849 4658 solli·

140 4689 173 4742 et
187 4683 385 4751 decernimus,
400 4684 488 4754 alque
498 4698 565 4738 cum
576 4682 657 4738 omni
669 4682 807 4738 firmitate
819 4681 969 4737 constitui·
1023 4681 1101 4737 citus
1117 4680 1210 4748 luisti,
1226 4697 1284 4736 non
1299 4685 1396 4738 tamen
1411 4699 1544 4756 quarens
1555 4702 1619 4759 que
1635 4692 1688 4745 tua
1701 4694 1848 4761 quantum

141 4790 225 4838 mus,
240 4777 273 4828 ut
284 4770 357 4827 nulli
374 4769 459 4827 liceat
469 4787 502 4826 eu
513 4787 642 4842 unquam
658 4770 736 4827 malo
746 4769 847 4826 ordine
863 4769 969 4825 infrin·
1024 4786 1088 4841 quae
1100 4768 1249 4824 auntlesu
1259 4769 1376 4826 Christi.
1390 4770 1445 4828 Pro
1455 4777 1538 4831 tanto
1552 4774 1711 4848 igiturDeo
1724 4778 1849 4851 ejusque

140 4877 213 4936 gem
228 4860 397 4917 amporam
409 4877 416 4928 3
429 4860 507 4915 unde
522 4859 625 4931 siquis
638 4859 794 4932 episcopus
809 4863 860 4914 aut
873 4858 972 4931 quaeli·
1025 4857 1135 4914 sanctis
1149 4857 1290 4930 apostolis
1305 4875 1323 4914 a
1337 4860 1477 4918 tecollato
1492 4864 1621 4934 servitio,
1637 4866 1667 4922 in
1679 4866 1782 4939 primis
1793 4866 1852 4940 ipsl

140 4948 971 5023 betmagnaparvaquepersonamemoratampetiamde
1025 4947 1135 5020 gratias
1144 4946 1305 5020 laudesque
1316 4947 1429 5006 debitas
1440 4949 1592 5009 referimus
1602 4953 1851 5027 quidilectissimo

140 5046 226 5096 terra
240 5054 308 5094 cum
322 5054 390 5094 casa
403 5043 433 5093 et
446 5037 526 5094 omni
539 5052 592 5092 suo
606 5035 739 5104 edificio,
755 5040 784 5093 et
797 5036 969 5108 intratoriis,
1025 5035 1086 5092 illio
1102 5040 1214 5104 nostro,
1230 5037 1441 5108 prenominato
1460 5040 1532 5114 rogi,
1547 5045 1609 5099 tam
1625 5049 1760 5100 sanctum
1775 5058 1851 5116 opus

142 5132 176 5186 et
186 5126 405 5201 egressionibus
415 5129 595 5199 ejus,etcum
607 5124 745 5182 omnibus
757 5125 918 5197 rebusque
929 5125 970 5180 ihi
1025 5124 1079 5180 tibi
1094 5124 1247 5197 injungere
1261 5125 1374 5199 tibique
1391 5128 1540 5200 suscipere
1561 5131 1725 5205 inspiravit.
1742 5131 1853 5190 Deinde

142 5221 228 5282 gunt,
244 5219 295 5272 aut
309 5232 383 5288 quos
394 5215 424 5271 in
435 5219 520 5271 antea
539 5214 579 5269 ibi
591 5212 733 5270 Dominus
746 5213 868 5282 dederit,
885 5216 972 5285 atque
1026 5211 1096 5284 quia
1106 5217 1208 5268 sancta
1222 5213 1352 5271 Romana
1367 5214 1505 5286 Ecclesia,
1516 5234 1581 5291 quie
1592 5219 1854 5278 benelundataest

142 5304 312 5363 cumomni
328 5304 503 5377 pertinentia
514 5319 569 5360 sua
583 5302 620 5359 ab
635 5317 669 5358 eo
685 5301 859 5368 ministerio,
869 5304 971 5373 etque
1025 5317 1114 5373 super
1125 5301 1241 5358 llrmam
1252 5303 1668 5379 petram,hocsemperbebuit
1678 5309 1856 5367 venethari-

143 5397 185 5455 ad
202 5395 280 5468 quod
291 5411 355 5451 cam
366 5393 566 5450 concessimus
577 5392 761 5458 subtraxerit,
775 5388 820 5446 vel
832 5389 910 5446 malo
924 5406 970 5446 or·
1025 5389 1094 5445 tatis
1106 5389 1265 5460 judioium,
1276 5396 1309 5447 ut
1320 5396 1371 5448 aul
1381 5409 1533 5467 nunquam
1552 5401 1603 5453 aut
1619 5415 1685 5455 raro
1695 5399 1732 5456 ab
1755 5397 1855 5473 aliquo

142 5486 218 5547 diue
229 5483 328 5540 tulerit
340 5488 390 5540 aut
404 5481 552 5552 invaserit,
569 5498 620 5538 seu
635 5481 671 5536 de
691 5478 873 5537 ordinatione
887 5477 970 5535 cleri·
1026 5477 1118 5551 gratis
1130 5478 1235 5537 habere
1245 5479 1331 5539 vellet
1341 5482 1670 5562 beneficiumcompetit
1680 5491 1846 5564 nostroapo
