3892 6096
109 292 169 359 463

615 291 787 359 brittoni
808 294 985 359 Menaeni
1007 296 1039 355 S.
1064 292 1311 357 adhaesum

1673 318 1677 323 ·
1755 282 1838 353 iat'.

111 426 227 502 ptibilia
249 430 278 486 et
290 424 438 500 ignobilia,
455 410 489 483 ut
501 430 692 488 contunderet
719 429 805 486 tortia
820 454 826 497 ;
842 446 934 485 econ·
948 431 975 499 Α
990 427 1145 484 reluctanti
1160 426 1345 500 multumque
1359 424 1488 500 gementi
1501 421 1704 498 episcopatum
1732 440 1815 482 eom·

112 519 203 577 traria
214 520 500 592 veremundusquod
512 519 934 592 suamestsuperbeadhoram

112 608 233 677 extollit,
258 609 309 665 sed
332 609 363 664 in
382 610 462 664 brevi
487 611 509 645 ⁴⁶
531 627 597 666 curn
620 610 790 666 conliisione
807 609 934 665 distollit.

112 697 195 754 Unde
207 715 299 770 opera
311 698 436 770 pretium
448 704 599 765 censco‚at
612 716 677 755 cum
691 698 798 755 anxilio
811 698 937 754 marchi·

112 786 326 858 eomitis‚cujus
337 788 459 844 consilio
472 791 565 845 multa
575 788 649 845 solet
659 791 752 845 iacere
767 788 936 861 imperator,

112 880 211 950 petam
227 877 260 945 ⁴⁷,
271 894 307 933 ne
323 894 374 949 per
385 878 573 934 ambitionem
588 894 767 951 quemquam
785 879 820 933 ad
837 878 937 949 proedi-

113 969 193 1023 etum
209 967 410 1040 episcopatum
427 969 622 1039 assumat,seil
638 969 674 1023 ob
690 974 826 1023 aeternam
844 983 938 1021 remu-

113 1056 515 1129 nerationem,quemeuuqae
526 1057 668 1113 humilem
683 1062 711 1113 et
725 1058 891 1113 modestum
905 1073 936 1110 ac

112 1145 261 1201 eruditum
285 1145 427 1201 invenerit
452 1163 564 1203 necnon
583 1146 695 1217 ‚ot'llciis
732 1145 937 1202 ecclesiasticis

113 1236 215 1305 aptum
231 1250 295 1290 esse
310 1234 576 1305 probaverithuna,
590 1237 801 1307 cujuscumque
817 1234 855 1290 sit
869 1251 937 1289 con-

114 1322 233 1381 ditionis
248 1322 292 1379 vel
308 1323 472 1396 parentela,
491 1324 651 1396 promoveri
668 1323 753 1379 saciat
768 1323 805 1378 ad
821 1322 937 1378 culmen

113 1411 253 1469 eeclesiae.
266 1435 280 1463 u
296 1412 370 1477 Quid
382 1411 466 1485 plura
476 1413 489 1467 ²?
505 1417 559 1467 Per
574 1413 751 1485 legationem
767 1412 938 1485 episcopiac

115 1501 332 1575 suggestionem
344 1501 573 1557 marchicomitis
584 1502 742 1573 imperator
752 1502 818 1558 Otto
834 1517 939 1556 seeun-

116 1590 172 1646 dus
188 1607 247 1646 sue
260 1594 288 1647 et
298 1589 500 1646 ecclesiasticae
512 1589 629 1646 utilitati
642 1590 939 1662 prospiciensimmo,

115 1679 193 1752 quod
209 1680 306 1735 verius
321 1683 452 1751 est,nuta
468 1680 529 1751 Dei,
542 1680 572 1734 in
588 1680 672 1750 eujus
689 1697 777 1735 manu
794 1678 938 1751 corregis,

116 1769 296 1836 admonitus,
312 1785 424 1836 omnes,
441 1770 490 1841 qui
508 1786 559 1841 pra
575 1770 676 1825 eodem
693 1769 860 1841 episcopatu
878 1769 938 1823 adi·

70 1848 73 1853 ’
115 1858 255 1932 piscando
269 1858 451 1929 laborabant,
464 1859 575 1926 avertit,
588 1862 617 1913 et
632 1876 663 1913 se
675 1862 765 1913 totum
777 1859 811 1913 ad
824 1856 939 1913 electio·

114 1964 182 2003 nem
207 1948 364 2003 venerandi
388 1947 441 2002 viri
464 1947 633 2020 Wolthungi
661 1947 811 2003 convertit.
836 1947 940 2019 Sicque

114 2035 227 2109 legatos
235 2035 367 2092 celeriter
376 2036 590 2107 misit,utidem
605 2036 733 2092 tumulus
745 2037 793 2092 Dei
803 2037 832 2091 in
845 2036 940 2091 lecum

115 2125 261 2182 cathedrae
278 2125 453 2198 pontificalis
476 2126 641 2198 eligeretur,
667 2126 782 2193 deinde,
803 2126 889 2182 vellet
904 2143 941 2180 un

118 2214 218 2282 nollet,
229 2216 265 2271 ad
278 2215 553 2284 Franconoiurt,ubi
566 2216 724 2288 imperator
738 2214 870 2273 Natalem
886 2215 941 2271 De·

118 2303 191 2361 mini
204 2305 407 2361 celebraturus
431 2309 492 2361 crat
508 2306 564 2377 (tin.
581 2306 643 2373 672,
671 2306 730 2361 lieo.
751 2306 807 2376 26),
826 2303 941 2360 deluce-

119 2398 208 2450 retur.
225 2394 324 2466 Legati
335 2396 392 2466 (63)
407 2411 484 2461 tero,
498 2399 530 2449 ut
540 2394 618 2467 jussi
635 2395 760 2460 inerant,
774 2397 940 2467 pergentes,

118 2483 291 2538 invenerunt
299 2499 441 2539 eumcum
454 2484 805 2555 prenominatoepiscopa
815 2499 943 2539 eommo-

117 2576 244 2641 rantem,
261 2573 310 2627 scd
320 2572 384 2642 iam
399 2572 435 2626 ad
451 2572 576 2643 patriam
593 2573 731 2643 repedare
753 2572 941 2644 cogitantem.

118 2662 241 2735 Ignarus
254 2660 333 2716 enirn
348 2666 518 2717 aratrorum
530 2678 581 2732 pro
592 2679 622 2717 sa
633 2665 825 2733 gestarum,et
835 2661 944 2717 ideirco

117 2749 250 2807 animum
265 2749 390 2806 intendit
405 2748 555 2805 aliorsum.
572 2752 703 2822 Cumque
727 2748 827 2823 legati,
853 2767 944 2822 quare

117 2838 258 2911 venerint,
275 2837 298 2894 ei
315 2838 487 2908 indicarent,
506 2839 634 2911 primum
660 2841 784 2894 recurrit
798 2840 834 2894 ad
850 2855 944 2895 score-

118 2927 227 2986 tariam
242 2926 349 2997 cordis,
363 2945 395 2983 so
409 2944 521 2998 suaque
537 2928 594 2984 ileo
611 2930 820 2984 commendans
832 2929 862 2983 in
880 2929 945 2984 inti-

118 3018 196 3085 mis;
212 3017 278 3072 dein
290 3016 426 3090 episcopo
437 3017 685 3090 Piligrimo,cujus
697 3018 817 3073 caritate
827 3016 886 3072 illic
898 3019 945 3073 de·

118 3107 276 3173 tinebatur,
300 3123 420 3163 eausam
435 3106 591 3179 legationis
606 3124 763 3180 exponens,
780 3106 853 3163 dixit
869 3123 875 3162 ε
892 3109 945 3163 Hoc

991 518 1148 574 mandavit.
1158 515 1394 589 aetnaeletiaum
1406 514 1544 571 comitatu
1555 513 1634 570 fideli
1650 513 1812 571 maltorum

990 608 1143 674 remissus,
1159 607 1348 678 Ratisponam
1365 608 1409 661 est
1431 605 1593 678 ingressus,
1619 604 1647 659 in
1673 620 1732 677 qua
1746 620 1814 661 cum

990 696 1111 753 canticis
1122 695 1232 751 laeticie
1243 700 1271 751 ct
1282 693 1816 766 exultationisvocesuseipitur,atque

991 781 1812 857 morepontificuminthronizatur,a‘⁹cleroatapopulo

992 890 1108 929 summo
1125 873 1233 946 pastori
1260 873 1492 942 commendatur,
1509 889 1621 927 necnon
1637 889 1654 927 a
1670 872 1816 928 Frideriea

992 963 1208 1034 archiepiscopo
1219 962 1345 1034 illusque
1355 960 1545 1034 suffraganeis
1557 966 1622 1033 post
1632 960 1745 1033 aliquot
1754 960 1819 1018 dies

992 1053 1020 1107 in
1038 1053 1219 1108 sacerdotem
1232 1040 1424 1123 apostolicum
1441 1052 1549 1106 ibidem
1560 1051 1818 1122 consecraturtaa.

990 1143 1159 1210 973).Ouam
1177 1141 1226 1196 ille
1241 1141 1489 1197 consecrationem
1502 1139 1603 1196 nolens
1616 1156 1707 1196 vacuo
1717 1156 1820 1197 seeum

993 1235 1107 1303 portare
1122 1231 1273 1297 vocabulo,
1285 1231 1332 1285 dic
1348 1236 1493 1302 noctuque
1506 1228 1665 1303 pontificali
1677 1231 1699 1265 ⁸⁰
1709 1230 1822 1285 studio·

993 1321 1111 1377 sissima
1126 1319 1252 1376 excoluit
1267 1319 1372 1376 atheio.
1396 1321 1458 1376 Non
1483 1320 1561 1375 enim
1586 1321 1622 1376 ab
1654 1319 1822 1393 episcopale

993 1408 1143 1482 fastigium
1159 1414 1273 1465 matare
1287 1408 1380 1465 voluit
1394 1409 1591 1465 monasticam
1607 1408 1753 1482 habitum,
1768 1411 1821 1467 sed

993 1516 1082 1571 quam
1099 1499 1179 1555 intus
1195 1498 1298 1554 habuit
1311 1497 1521 1565 humilitatem,
1537 1498 1607 1555 ioris
1622 1500 1752 1555 ostendit
1769 1517 1824 1573 per

994 1605 1116 1660 operam
1132 1589 1276 1644 bonorum
1292 1588 1582 1643 claritatemllemor
1596 1586 1684 1644 etiam
1700 1593 1822 1646 senten·

993 1678 1039 1733 tiae
1055 1694 1119 1749 que
1135 1677 1226 1733 dicit:
1243 1679 1400 1749 Principem
1425 1685 1451 1733 te
1465 1679 1677 1747 constituerant,
1697 1679 1758 1733 noli
1771 1695 1822 1735 ea·

996 1767 1117 1836 totti,aeil
1128 1776 1180 1823 esto
1192 1770 1220 1823 in
1233 1769 1294 1824 illis
1302 1769 1380 1840 quasi
1390 1784 1463 1822 arias
1475 1767 1768 1838 eeittit(ltccti.xx11,
1783 1769 1821 1837 1),

995 1873 1052 1912 non
1068 1857 1212 1912 dominari
1237 1858 1383 1928 quaerebat
1407 1856 1436 1911 in
1466 1856 1552 1922 clero,
1571 1858 1622 1912 sed
1645 1857 1741 1912 torma
1756 1872 1823 1913 esse

996 1946 1109 2004 studuit
1123 1947 1203 2019 gregi
1219 1945 1380 2018 Dominico,
1396 1950 1526 2002 tractans
1542 1946 1660 2002 assidue
1674 1947 1753 2019 quod
1770 1961 1824 2019 per

995 2035 1172 2093 Ezechielem
1190 2035 1364 2108 prophetam
1379 2043 1480 2091 contra
1496 2036 1589 2091 malos
1603 2039 1735 2107 pastores
1750 2034 1827 2091 dici·

995 2130 1044 2181 tur
1061 2142 1067 2180 :
1087 2126 1132 2182 l'ae
1145 2125 1312 2196 pastoribus,
1329 2125 1378 2197 qui
1389 2125 1538 2197 poscebant
1556 2127 1713 2197 temetipsos
1727 2129 1754 2181 et
1768 2140 1827 2181 nea

995 2231 1087 2288 greges
1103 2230 1174 2270 ineos
1190 2214 1296 2286 (Esset.
1313 2232 1408 2286 xxxiv,
1424 2215 1462 2283 2).

1033 2304 1256 2376 interspatia
1281 2321 1349 2378 ergo
1375 2309 1402 2359 et
1430 2304 1555 2377 cognitis
1569 2304 1656 2360 rebus
1670 2304 1827 2379 episcopii,

996 2394 1102 2449 beatus
1118 2393 1225 2465 praesul
1240 2393 1436 2466 Wollhangus
1452 2409 1518 2448 eam
1534 2393 1655 2449 vidisset
1668 2388 1829 2451 incivitate

997 2483 1157 2555 Ratispona
1173 2482 1340 2537 monasticae
1356 2481 1421 2536 vitae
1442 2482 1704 2553 inreligiositatem,
1724 2483 1829 2539 crebre

997 2572 1151 2643 suspirans
1167 2571 1263 2626 dicero
1278 2570 1370 2626 tertur
1396 2587 1403 2626 :
1428 2570 1460 2625 Si
1483 2571 1627 2627 aionaclies
1654 2571 1828 2639 haberemus,

997 2663 1188 2733 reliquendus
1203 2664 1518 2732 stippatorent.Camque
1529 2661 1575 2717 sui
1592 2661 1754 2718 tamiliares
1763 2662 1829 2734 qai·

997 2748 1829 2823 damnespondorentpermultaloeamouachossupera·
1867 2761 1871 2767 '

999 2839 1139 2909 bundare,
1156 2837 1258 2894 dolens
1274 2842 1302 2893 at
1317 2838 1473 2894 lacrimans
1486 2838 1608 2894 dicebat.
1624 2838 1742 2911 Oqaam
1756 2842 1830 2912 dete·

997 2931 1035 2984 rit
1050 2932 1208 2983 ablactatio
1227 2945 1310 3000 quiam
1325 2928 1475 2984 diruinalm
1497 2936 1561 2984 eant
1583 2930 1710 2985 tardatos
1727 2946 1744 2984 a
1759 2929 1829 2999 filiis

998 3018 1159 3074 berniciam!
1174 3017 1249 3086 Qittct
1262 3016 1369 3089 prodest
1383 3018 1540 3075 sanctitatis
1552 3017 1677 3073 ltnbitten
1690 3019 1753 3074 aine
1767 3034 1830 3091 ope·
1857 3056 1862 3063 -

997 3108 1078 3162 ribus
1091 3110 1219 3177 gestare?
1235 3107 1383 3177 deputares
1399 3107 1529 3163 monaehi
1548 3107 1631 3163 beatis
1644 3109 1831 3180 aequiparan-

118 3211 221 3251 neeum
234 3196 267 3262 ⁴⁸,
283 3195 353 3267 quod
377 3197 449 3251 inibi
461 3212 512 3267 per
534 3198 645 3252 rzitntios
671 3198 943 3268 inipernteriseenit,
959 3182 981 3249 G
1000 3199 1046 3250 tar
1073 3196 1190 3264 angelis,
1219 3196 1364 3251 sacratores
1405 3211 1465 3251 uero
1492 3195 1622 3251 monaehi
1656 3198 1827 3268 apostaticis.

118 3286 222 3341 coritae
237 3288 295 3353 tua,
311 3292 341 3340 et
355 3286 486 3353 arbitror,
502 3287 578 3354 fecit.
605 3286 656 3341 snt
683 3284 748 3342 ticet
762 3303 828 3342 rnen
850 3288 944 3358 porri-

118 3376 171 3430 tate
185 3375 311 3430 timorem
326 3375 453 3444 iiacatiat,
468 3376 618 3446 pirminium
643 3383 733 3431 tamen.
749 3378 827 3431 bona
848 3377 944 3431 uolan-

119 3466 193 3535 tatii,
208 3480 263 3535 qao
277 3466 354 3519 trinio
368 3465 540 3534 recogitasti,
555 3466 642 3535 pietas
658 3467 710 3520 titi
729 3464 824 3521 diuina
847 3482 945 3538 repen-

118 3553 260 3609 det'func
276 3557 391 3625 arrepto
405 3552 508 3608 itinere
524 3569 591 3607 cam
608 3553 653 3607 his
665 3554 713 3625 qui
732 3554 815 3610 missi
831 3555 946 3610 luerunt

119 3642 155 3698 ab
169 3640 354 3712 imperatore,
371 3645 561 3713 perrexerunt
582 3642 617 3696 ad
644 3642 789 3697 ciuitatem
812 3644 946 3714 Ratispo-

120 3747 188 3786 nam
204 3730 262 3803 (aa.
278 3731 361 3798 ti73);
380 3729 429 3784 ubi
445 3729 583 3785 clarusci
599 3731 773 3802 populus,ut
787 3732 947 3803 imperator

120 3818 379 3892 petiit,secundum
391 3834 502 3873 morem
518 3816 750 3874 ecclesiasticum
768 3820 948 3876 unanimiter

119 3911 255 3963 sanetum
270 3907 479 3979 Wollhangum
500 3907 659 3979 elegerant.
676 3909 781 3981 Sicque
796 3926 863 3965 eam
879 3926 946 3965 eam

121 3995 278 4051 universali
294 3995 437 4068 legatione
466 3997 500 4051 ad
531 4000 642 4051 curtem
666 3998 775 4070 regiam
792 3999 945 4054 miserunt.

121 4084 255 4156 Cumque
269 4084 299 4139 in
315 4085 499 4156 praesentiam
515 4085 636 4141 Caesaris
649 4091 726 4143 esset
742 4088 867 4153 delatus,
880 4092 947 4143 ante

121 4172 210 4244 pedes
225 4173 290 4243 ejus
302 4173 454 4229 venialiter
470 4179 679 4245 prostratus,se
694 4175 766 4231 dixit
781 4178 946 4249 indignum,

120 4260 284 4332 indoctum,
300 4261 471 4334 ignobilem,
484 4264 539 4319 sub
556 4265 689 4319 monachi
706 4265 886 4336 professione
901 4267 949 4321 de-

121 4354 240 4424 gentem
257 4350 322 4407 sine
336 4350 455 4407 licentia
470 4352 515 4407 sai
532 4352 646 4408 abbatis
662 4353 734 4408 nihil
751 4355 880 4425 accipere
895 4356 947 4410 de·

119 4440 187 4496 bere
199 4458 207 4511 ;
221 4444 368 4512 postremo
379 4458 414 4496 ne
430 4446 564 4497 sanetum
577 4440 671 4497 locum
684 4459 739 4498 sua
750 4444 878 4499 ioeditate
887 4432 947 4499 vio-

119 4527 192 4585 laret
216 4528 391 4602 imploravit.
421 4532 581 4603 imperator
607 4536 704 4587 autem
729 4533 831 4588 videns
847 4533 947 4589 deilice

119 4619 401 4692 renuentem,magis
412 4620 448 4676 de
461 4621 616 4691 probitatis
626 4623 691 4691 ejus
700 4621 844 4695 dignitate
852 4627 948 4678 certus

119 4706 259 4779 quoniam
275 4709 306 4764 in
321 4725 354 4765 eo
371 4709 495 4781 speciale
512 4709 654 4782 quiddam
670 4711 797 4784 agnovit,
814 4712 949 4784 quamvis

1000 3284 1065 3339 Hae
1080 3288 1178 3339 autem
1204 3284 1267 3339 ideo
1284 3283 1400 3340 locutus
1415 3289 1469 3355 est,
1486 3285 1625 3355 quoniam
1650 3286 1671 3319 ⁵¹
1689 3286 1831 3343 cernebat

1001 3372 1161 3430 monachos
1179 3374 1208 3429 in
1222 3373 1299 3430 beati
1315 3374 1525 3429 Emmerammi
1542 3374 1679 3447 martyris
1695 3376 1829 3432 cenobio

1002 3462 1288 3518 constitutosabbate
1302 3468 1431 3518 carereet
1443 3463 1528 3536 quasi
1540 3479 1608 3519 oves
1621 3468 1755 3520 errantes
1766 3464 1830 3521 sine

1000 3556 1127 3623 pastore.
1144 3556 1199 3608 Per
1213 3553 1235 3586 ⁵²
1245 3553 1339 3607 multa
1359 3569 1486 3625 namque
1500 3557 1632 3625 tempora
1644 3554 1829 3611 cousuetudo

1000 3642 1057 3711 (65)
1074 3642 1128 3697 t'uit
1143 3641 1172 3696 in
1195 3641 1400 3712 lintisponensi
1416 3642 1548 3709 ecelesia,
1565 3646 1597 3698 ut
1612 3643 1661 3714 qai
1679 3642 1829 3700 antistites

1001 3729 1090 3785 iidem
1104 3734 1202 3786 essent
1216 3735 1245 3785 ot
1259 3729 1390 3786 abbates.
1408 3731 1462 3786 Sed
1479 3729 1534 3786 hoe
1549 3731 1617 3786 inde
1632 3732 1749 3803 accidit,
1761 3732 1830 3805 qaia

1002 3819 1072 3874 dum
1085 3818 1224 3890 praesules
1235 3819 1399 3877 cenobium
1412 3820 1583 3891 praedictum
1595 3820 1631 3875 ab
1643 3820 1829 3893 imperatori-

1001 3908 1057 3963 bus
1071 3908 1114 3964 vel
1126 3909 1148 3942 ⁵³
1160 3908 1277 3981 regibus
1290 3909 1454 3965 obtinentes
1467 3909 1496 3964 in
1510 3909 1661 3980 potestatis
1673 3926 1736 3965 sua
1751 3910 1829 3966 arbi·

1001 3998 1091 4052 trium
1122 3998 1296 4067 redigerent,
1322 3999 1445 4054 obeunte
1460 3997 1510 4053 illo
1531 4015 1618 4070 quem
1643 3999 1829 4069 invenerunt,

1003 4086 1117 4141 nullum
1133 4087 1271 4157 deinceps
1286 4087 1421 4143 abbatem
1439 4088 1616 4143 substituere
1642 4092 1829 4157 curaverunt,

1002 4181 1136 4231 verentes
1165 4176 1276 4231 scilicet
1290 4177 1346 4247 (66)
1362 4193 1399 4232 ne
1415 4178 1496 4245 l'orte,
1513 4176 1538 4231 si
1553 4177 1734 4233 monasterio
1745 4178 1832 4249 juxta

1002 4263 1145 4335 regularis
1160 4264 1225 4319 vita
1241 4281 1328 4320 usum
1346 4270 1446 4337 pastor
1461 4270 1490 4320 et
1513 4270 1607 4321 rector
1622 4266 1830 4339 praeficeretur,

1002 4349 1830 4425 ipsorumabusivapotesta‘svelobsequiumminueretur.

1003 4441 1074 4496 Cum
1091 4441 1181 4512 lgitur
1195 4459 1228 4497 eo
1239 4441 1326 4497 inodo
1342 4443 1471 4514 episcopi
1488 4442 1657 4499 monasterii
1672 4444 1752 4500 bona
1766 4443 1833 4501 reti·

962 4557 987 4620 D
1004 4535 1105 4585 nerent
1119 4536 1206 4602 atque
1221 4530 1419 4586 distraherent
1434 4548 1486 4586 nec
1502 4531 1832 4590 monachisneceasaria

1005 4619 1155 4690 providere
1169 4620 1428 4689 curarant,dabant
1442 4620 1484 4676 eis
1500 4620 1648 4677 licentiam
1666 4621 1831 4678 undecum-

1004 4724 1060 4780 que
1075 4714 1195 4782 pessent
1209 4709 1369 4782 acquirere,
1393 4710 1501 4780 quibus
1529 4708 1560 4765 in
1575 4710 1654 4766 victu
1678 4714 1708 4766 et
1720 4712 1832 4769 vestitu

803 4880 922 4937 VARlAE
941 4880 1140 4938 haeriditas·

155 5000 177 5037 ‘⁸
200 5000 258 5056 tine
284 5002 311 5055 2.
376 4999 398 5035 ⁸⁷
426 5001 497 5057 liceat
524 5006 549 5058 2.
614 5006 636 5037 ‘⁸
665 5024 695 5061 n.
727 5007 899 5063 mandatum
927 5008 955 5063 2.

120 5088 164 5199 p?
177 5072 310 5201 {efficium
324 5072 349 5128 i.
375 5071 425 5128 Sed
439 5074 575 5131 ernoldus
588 5093 651 5132 cam
666 5080 684 5132 2
697 5082 833 5135 conticuit.
882 5080 903 5114 ¹⁵¹
919 5079 997 5151 quod
1024 5079 1063 5134 tl
1078 5078 1119 5132 2?
1134 5078 1175 5133 cd.
1228 5078 1250 5112 ⁵²

1020 5008 1043 5043 ⁸⁹
1071 5023 1088 5062 a
1117 5022 1143 5061 c.
1174 5010 1203 5061 et
1228 5022 1246 5061 a
1273 5005 1431 5132 petessant
1458 5007 1485 5059 2².
1550 5005 1573 5041 ¹⁵⁰
1607 5004 1780 5078 pontiticale
1806 5024 1834 5065 a.

1296 5094 1327 5133 er
1352 5108 1387 5119 —
1411 5076 1531 5133 abbates
1553 5077 1652 5133 decant
1676 5078 1704 5133 2.
1759 5079 1783 5115 ⁸⁸
1805 5085 1837 5138 et

911 5301 1028 5361 NOTAE.

154 5422 212 5493 (63)
227 5422 386 5489 Sequentia
396 5456 430 5467 —
440 5426 595 5481 renitereaii
610 5428 747 5499 lepritione
762 5427 797 5483 ad
811 5444 835 5484 e.
851 5445 875 5483 r.
892 5430 945 5483 mi-

116 5497 214 5550 serunt
228 5510 262 5549 ex
279 5494 415 5564 arnoldo,
431 5513 456 5551 c.
470 5499 497 5553 3.

154 5566 212 5715 (64)
227 5566 350 5636 limique
365 5584 400 5623 en
413 5568 550 5626 arnoldo.
567 5586 592 5626 e.
608 5572 635 5638 3,
653 5571 679 5625 l.

165 5638 201 5695 65
228 5638 397 5697 Consuetudo
408 5670 441 5682 -
455 5641 568 5699 abbates
582 5658 617 5701 ex
631 5641 768 5715 Arnoldo,
783 5658 810 5700 e.
826 5644 853 5699 8.

1036 5428 1175 5499 (tilloneo
1199 5430 1363 5497 sequuntur
1390 5442 1424 5484 ex
1452 5428 1588 5496 arnoldo,
1605 5445 1630 5485 c.
1646 5430 1674 5497 8,
1690 5431 1743 5487 aed
1761 5430 1835 5493 bine

999 5499 1068 5555 inde
1079 5500 1163 5555 verbo
1175 5504 1332 5570 auctaque
1344 5497 1489 5557 Othlonua
1500 5501 1634 5557 animum
1652 5501 1683 5557 in
1709 5502 1834 5576 episeo-

998 5588 1052 5644 pos
1066 5570 1271 5627 exacerbatum
1286 5570 1425 5627 ostendit.
