3892 6096
627 292 822 354 PRECATIO
844 292 1077 356 uuuoulsca.
1646 303 1706 365 430

93 419 267 489 imacchost,
283 422 336 477 doz
351 422 375 478 si
391 422 436 478 sib
461 422 561 480 selben
578 425 675 497 megin
691 424 818 496 grihten,
833 431 860 497 Α
876 424 991 481 rehtero
1006 424 1114 498 glouba
1127 425 1255 484 vivarna.
1268 429 1404 486 Daranab
1419 429 1479 487 bito
1494 430 1524 487 ih
1541 434 1633 489 umba
1647 435 1706 492 alla

93 508 148 567 alla
167 510 198 565 in
222 514 390 579 untertana,
406 511 474 568 iouh
500 513 669 569 biuolahna.
685 513 820 569 Daranah
875 514 922 569 die
938 519 1029 583 toton,
1046 516 1092 571 die
1108 514 1157 572 hia
1174 517 1359 575 bruderscaft
1382 520 1513 589 habant,
1528 521 1597 578 iouh
1615 525 1704 581 umba

93 619 99 655 ι
115 601 204 656 umbe
220 599 364 656 allamine
374 600 544 675 chunlinga,
556 602 609 658 daz
620 603 703 659 tusie
719 603 821 658 biden·
875 602 933 658 alla
947 604 1004 675 dio,
1015 605 1084 661 dero
1096 604 1267 662 alamuosan
1282 608 1344 663 vvir
1360 608 1388 664 io
1403 610 1599 684 imphiangin.
1613 612 1703 670 Dara-

93 687 126 743 rh
141 688 222 744 tinen
243 691 374 762 gnadun.
390 691 523 746 [taranah
539 691 598 747 bito
614 690 644 746 ih
662 692 750 747 umbe
764 691 821 747 alla
876 692 932 747 nab
949 693 1010 749 bito
1030 693 1058 748 ih
1074 695 1163 749 umba
1187 693 1245 749 allo
1259 695 1317 763 die,
1333 698 1414 752 umbi
1440 699 1487 754 dio
1502 699 1600 756 ioman
1616 718 1701 759 muoz

93 777 335 833 ederiocheinna
350 780 446 851 gnada
458 780 514 834 mir
528 780 644 851 gitatin,
656 780 702 836 olo
717 780 821 837 cheina
875 780 1028 837 bitindina
1042 784 1148 855 gnada,
1164 784 1216 838 daz
1232 784 1256 839 si
1273 801 1410 842 muozzen
1422 787 1560 859 gniozzen
1573 789 1629 847 alla
1644 790 1701 847 mi·

93 866 196 921 aumbi
209 866 281 922 mihi
298 868 324 922 io
338 867 449 923 habitin
461 870 820 941 uonnaunaginnaminas
875 887 927 926 nes
951 870 1101 939 lebannes,
1116 876 1188 928 unta
1212 873 1263 928 des
1287 875 1341 929 daz
1365 876 1395 932 ib
1414 876 1465 932 bin
1487 878 1534 934 hie
1550 884 1700 952 superstes

93 955 151 1011 ruzi
167 972 203 1010 an
215 956 286 1011 desa
297 955 395 1024 uuila;
411 957 464 1014 daz
479 961 510 1013 tu
528 958 557 1013 in
572 957 679 1016 lonast.
697 959 735 1015 da
749 958 774 1015 si
788 975 819 1015 es
875 958 970 1016 halter
984 960 1037 1018 iro.

93 1043 256 1099 thidurlrn.
270 1044 301 1100 lh
318 1045 377 1101 bite
393 1045 451 1101 ouh
468 1047 558 1103 umba
573 1045 629 1102 alla
645 1047 702 1115 die,
721 1047 820 1104 dieder
911 1048 1042 1106 Zilezzist
1061 1049 1173 1121 piuliho
1190 1051 1220 1106 ih
1246 1051 1306 1107 mih
1323 1050 1434 1124 selben,
1451 1058 1524 1109 unta
1547 1054 1605 1110 alla
1620 1056 1701 1113 mina

93 1131 131 1189 rin
140 1131 244 1189 vvisun
255 1150 350 1189 vonna
360 1135 418 1188 mir
428 1135 569 1207 givvirsit,
583 1136 638 1192 odo
650 1136 820 1209 ungitrostit
873 1136 984 1194 arbeita
999 1136 1075 1194 allen
1091 1138 1189 1196 minen
1207 1140 1253 1196 lliz
1267 1141 1295 1196 in
1310 1141 1380 1196 dina
1393 1142 1490 1214 gnada
1504 1144 1586 1200 umbi
1601 1145 1702 1201 dazda

93 1239 127 1289 u;
143 1223 237 1277 daztu
253 1222 294 1278 sie
310 1222 425 1291 rihtest,
438 1229 509 1279 unta
523 1225 639 1281 troistet
655 1227 708 1281 mit
718 1226 819 1282 dinero
874 1225 904 1281 ih
919 1225 999 1284 selbo
1015 1226 1045 1281 ni
1060 1227 1149 1300 megi,
1165 1229 1220 1286 odo
1231 1230 1260 1284 ni
1276 1229 1405 1301 chunna,
1417 1232 1470 1288 odo
1487 1232 1516 1288 ni
1531 1232 1701 1290 uuallamih

99 1311 233 1367 Daraoah
251 1311 312 1367 bito
337 1312 367 1367 ih
392 1314 482 1369 umba
504 1313 577 1369 allaz
598 1314 651 1370 daz
675 1312 817 1386 ungrihti,
874 1313 1038 1372 bidenchan
1050 1316 1216 1373 durhmina
1226 1319 1401 1390 brodi‚unta
1412 1320 1487 1376 durh
1500 1321 1581 1379 mina
1591 1340 1701 1380 unruo-

93 1400 166 1456 ‚mbo
180 1399 237 1456 alla
249 1401 304 1455 den
317 1401 445 1473 unirido,
456 1402 527 1458 iouh
551 1403 659 1458 umbaz
670 1403 723 1459 daz
734 1405 818 1474 ungi·
872 1403 937 1474 cha,
954 1404 1009 1461 odo
1024 1405 1100 1461 durh
1117 1406 1197 1462 mina
1212 1408 1371 1480 tumpheit,
1387 1414 1419 1465 tu
1436 1410 1497 1465 mih
1513 1411 1697 1484 bidenchast,

93 1489 161 1556 ,daz
174 1489 213 1544 tir
224 1489 343 1560 ionersi,
356 1490 409 1545 daz
424 1493 454 1544 tu
471 1491 557 1546 tuder
576 1490 645 1547 elliu
656 1490 724 1546 dinc
735 1491 819 1547 maht
873 1491 934 1549 also
961 1498 992 1549 tu
1017 1495 1110 1562 mabt,
1128 1500 1199 1551 unta
1224 1495 1341 1563 chanst,
1357 1503 1430 1554 unta
1456 1498 1517 1555 also
1542 1500 1591 1556 din
1608 1502 1700 1575 guila,

93 1576 818 1651 iuengnadumbidenchestallaz.Daranahruolo
874 1585 945 1637 unta
964 1581 1014 1638 din
1038 1584 1190 1640 uuistuom
1213 1586 1261 1641 ist.
1286 1586 1318 1640 lu
1343 1601 1449 1643 manus
1472 1592 1550 1658 tuas,
1566 1589 1699 1662 Domine,

93 1667 114 1723 si
125 1667 275 1723 allaunsri
286 1668 414 1723 bruodra
423 1668 578 1724 virvarana
588 1668 637 1725 hie
645 1669 816 1742 bigrabana,
873 1672 1046 1728 commendo
1062 1673 1199 1745 spiritum
1215 1678 1243 1730 et
1258 1691 1364 1747 eorpus
1379 1692 1488 1732 meum.

93 1757 167 1814 ‚mba
190 1757 247 1814 alla
262 1756 319 1828 die,
335 1757 436 1814 dieder
459 1758 508 1814 hie
522 1758 581 1814 sint
606 1757 747 1815 hiaraban
763 1759 817 1814 mit
1481 1764 1487 1777 '

176 2036 465 2132 EJUSDEM
501 2036 783 2133 OTHLONI
818 2038 1253 2183 PARAPHRASIS
1283 2043 1514 2140 LATINA

508 2238 547 2297 lN
570 2236 874 2301 eaAEcuuuNuuM
894 2237 1189 2303 PRECATIONEM.

193 2416 286 2473 Oratio
302 2415 442 2487 cujusdam
454 2416 615 2487 peccatoris.
832 2421 856 2487 Β
872 2417 1036 2490 gustiisque
1045 2416 1181 2491 plurimis
1190 2417 1289 2475 afflicti
1299 2420 1496 2493 detineantur,
1503 2422 1698 2482 nibilominus

93 2522 134 2563 tes
159 2506 258 2572 uuiea,
274 2522 290 2560 o
307 2505 389 2560 salus
404 2508 511 2560 uterne
534 2509 562 2560 et
577 2503 722 2578 retugium
746 2504 776 2559 iu
791 2507 819 2561 te
874 2505 1012 2563 tamenin
1027 2507 1177 2579 praeceptis
1192 2507 1473 2581 tuispromptissimi
1485 2512 1700 2569 etconstautis-

93 2594 175 2651 .tium
189 2594 284 2650 Deus!
307 2593 445 2649 miserere
461 2592 534 2648 mibi
545 2592 663 2658 misero,
679 2598 819 2665 atpecca-
874 2594 941 2649 simi
967 2595 1163 2651 inveniuntur.
1179 2595 1215 2651 lli
1238 2596 1368 2668 quidem,
1386 2597 1519 2667 Domine,
1535 2599 1630 2672 gratia
1648 2606 1700 2658 tua

93 2683 174 2741 ralia
189 2689 244 2739 tua
261 2681 427 2754 presidium
444 2682 615 2753 inquirenti.
629 2683 745 2754 adjuva
760 2698 817 2750 me,
874 2687 1029 2754 prestante
1044 2689 1114 2740 sunt
1128 2685 1258 2757 perlecti,
1275 2690 1364 2758 atque
1384 2687 1521 2759 potentia
1535 2693 1593 2744 tua
1608 2690 1698 2746 armis

93 2789 118 2843 a,
128 2778 159 2829 et
173 2772 209 2828 ad
227 2788 325 2844 preces
343 2788 423 2826 meas
438 2771 566 2842 attonde,
579 2787 653 2843 quas
668 2788 721 2844 pro
736 2770 820 2826 nulla
873 2772 955 2829 electi
968 2791 975 2842 ;
987 2775 1032 2830 ast
1046 2789 1098 2846 ego
1110 2773 1279 2830 omnimoda
1290 2774 1447 2847 fragilitate
1458 2780 1487 2832 et
1497 2776 1697 2851 ignavia,pee·

93 2878 161 2918 rum
173 2877 304 2918 meorum
321 2860 496 2928 fiducia,sed
514 2860 543 2916 iu
559 2859 620 2916 sola
635 2860 818 2932 pietatistuae
873 2861 1462 2936 catismeisexigentibus,depressus,vix
1473 2864 1503 2920 in
1515 2865 1697 2938 aliquantulo

93 2950 505 3021 rsitaleooulisussludeojam
518 2950 655 3021 prolerre.
668 2949 816 3019 lllumina,
873 2949 1021 3005 servitutis
1037 2955 1093 3005 tum
1109 2951 1206 3007 studio
1221 2952 1358 3024 persisto,
1374 2953 1398 3009 si
1414 2953 1487 3008 mihi
1503 2956 1615 3011 sanitas
1630 2972 1698 3028 pro-

93 3039 139 3111 ‚in
155 3040 260 3112 primis
275 3056 324 3095 eor
334 3055 445 3103 meum,
457 3042 499 3104 ut,
512 3037 652 3095 honitatis
663 3044 718 3094 tua
730 3043 818 3109 atque
872 3038 1055 3112 aperitasque
1075 3040 1171 3097 omnis
1186 3041 1288 3096 aderit.
1305 3040 1387 3097 Unde
1402 3059 1511 3115 quoeso,
1528 3043 1700 3102 clementis·

93 3131 140 3187 rtis
150 3146 220 3186 mea
231 3127 451 3185 multitudinem
461 3126 816 3198 aliquatenusattendens,
872 3127 947 3183 sime
962 3127 1050 3199 Deus,
1062 3145 1098 3183 ne
1114 3145 1160 3185 me
1173 3129 1353 3186 infirmitatis
1368 3135 1418 3186 aut
1432 3133 1620 3190 adversitatis
1635 3151 1698 3190 mo-

94 3234 117 3274 e
132 3222 233 3275 contra
247 3221 276 3273 te
291 3218 433 3273 hactenus
459 3216 605 3287 commisi,
621 3217 721 3289 lugere
738 3232 817 3272 sem·
872 3215 1447 3290 lestiapermittusplusaggravariquam
1458 3222 1611 3277 convenire
1622 3223 1698 3279 scias

104 3309 256 3364 emendare
281 3307 369 3379 digno
395 3306 570 3378 poenitentia
586 3305 667 3361 luctu
692 3305 815 3361 valeam.
872 3321 943 3361 mete
959 3305 1103 3377 qualitati.
1119 3307 1236 3362 Sustine
1247 3324 1303 3373 me,
1315 3324 1425 3380 precor,
1437 3308 1655 3380 pusillanimem
1668 3315 1697 3366 et

93 3412 108 3452 e
128 3412 236 3468 precor,
257 3397 387 3466 Domine,
405 3399 438 3450 ut
462 3395 605 3468 quidquid
627 3393 816 3466 impuritatis,
871 3395 999 3467 pigrum,
1015 3399 1151 3466 exspecta
1165 3412 1212 3451 me
1227 3395 1359 3468 fragilem
1370 3401 1399 3451 et
1412 3395 1576 3466 infirmum,
1588 3415 1697 3470 quous-

93 3484 136 3541 nid
151 3485 288 3541 vanitatis
303 3492 353 3540 aut
376 3484 483 3540 erroris
507 3482 708 3555 nequissimus
722 3482 815 3538 hostis
871 3499 927 3554 que
938 3483 975 3538 ad
988 3488 1017 3538 te
1024 3488 1176 3539 convertar
1184 3482 1400 3555 aliquantulum
1414 3503 1420 3553 ;
1436 3485 1493 3541 fide
1507 3485 1694 3558 igituretspe

100 3575 218 3651 studeat
232 3574 399 3638 accendere,
411 3574 590 3644 exstinguas,
600 3587 705 3644 meque
721 3572 756 3627 ad
772 3571 815 3625 tui
870 3570 921 3626 tali
937 3588 984 3628 me
998 3572 1149 3636 confirma,
1162 3589 1212 3644 per
1222 3589 1309 3643 quam
1322 3572 1358 3628 de
1372 3573 1618 3645 promissionibus
1634 3573 1694 3630 tuis

95 3666 125 3720 el
141 3662 306 3719 dilectionis
332 3665 472 3718 servorem
488 3678 604 3733 semper
619 3662 773 3729 accendas,
788 3663 817 3716 et
870 3659 1089 3716 certissimusin
1100 3659 1386 3717 nulliusdiilldentia
1396 3662 1693 3736 inestitiaquenoxie

93 3751 114 3808 li
126 3769 191 3809 meo
202 3752 282 3808 illam
295 3752 400 3806 famem
415 3757 443 3807 et
454 3750 534 3807 sitim
545 3750 698 3821 immittas,
710 3767 768 3822 qua
778 3750 813 3806 ad
871 3747 1001 3820 pericula
1014 3747 1152 3803 incidam.
1165 3749 1208 3804 Ad
1224 3749 1284 3805 hec
1300 3766 1417 3823 quoque
1427 3751 1599 3808 charitatem
1614 3757 1644 3809 et
1657 3752 1695 3808 ti·

93 3846 197 3899 itorum
221 3846 336 3897 tuorum
354 3841 568 3896 observantiam
584 3843 612 3895 et
634 3839 749 3895 advitae
765 3855 814 3912 pe·
830 3811 852 3878 c
870 3853 982 3893 morem
998 3841 1087 3909 atque
1105 3836 1313 3906 bumilitatem,
1330 3856 1384 3896 neo
1408 3857 1465 3895 non
1480 3840 1651 3912 patientiam
1666 3845 1696 3898 et

103 3931 213 4004 gaudia
236 3930 430 3986 desideranda
454 3933 577 3984 estuare
602 3928 724 4001 possim.
740 3928 814 3983 Nam
869 3925 1066 3983 obedientium
1091 3925 1178 3983 talem
1206 3927 1290 3998 mihi,
1306 3944 1417 4000 precor,
1433 3937 1551 4001 presta,
1574 3929 1694 4003 qualem

93 4019 125 4075 *is
140 4035 191 4091 per
213 4018 312 4090 gratia
332 4023 388 4073 tuse
404 4018 482 4073 dona
496 4016 586 4072 scium
601 4017 665 4072 vita
680 4016 816 4089 perennis
869 4015 1007 4087 primitus
1028 4014 1081 4070 tibi
1104 4015 1162 4071 Deo
1178 4017 1382 4088 omnipotenti,
1403 4017 1509 4074 debinc
1524 4017 1694 4074 hominibus

93 4128 98 4164 i
114 4106 195 4164 omni
206 4107 429 4179 praesentisvita
436 4105 615 4177 jucunditati
631 4122 695 4163 esse
706 4122 816 4178 praepo-
870 4104 984 4160 cunetis
999 4103 1077 4160 inter
1100 4121 1173 4176 quos
1201 4122 1332 4178 unquam
1348 4105 1512 4163 conversari
1539 4123 1586 4163 me
1599 4106 1696 4162 conti·

93 4194 184 4266 ‚lieet
207 4196 347 4252 etiamad
373 4195 434 4250 haec
459 4194 653 4250 desideranda
676 4199 704 4251 et
718 4194 816 4266 exqui-
870 4193 954 4266 gerit,
971 4192 1422 4251 exhiberedebeo.hmbitiouem
1435 4194 1697 4252 simuletdelecta·
1771 4192 1775 4197 ’

106 4284 196 4342 variis
218 4284 313 4340 medis
337 4284 498 4339 instructus
523 4283 590 4347 sim,
615 4281 697 4337 nulla
717 4288 815 4339 tamen
871 4283 979 4338 tionem
995 4282 1086 4338 totius
1099 4281 1246 4338 secularis
1255 4283 1352 4356 gloriae
1368 4284 1478 4340 autera
1493 4301 1549 4352 mo,
1561 4284 1694 4352 Domina,

93 4373 166 4431 nodi
176 4374 299 4430 seientia
310 4372 382 4428 mihi
396 4373 524 4444 prodest,
541 4371 598 4427 nisi
614 4371 816 4443 inspirationis
870 4375 899 4425 et
913 4371 951 4425 da
961 4370 1032 4425 mihi
1042 4369 1172 4442 aliquam
1184 4376 1296 4443 partam
1309 4370 1458 4444 sapientia
1469 4372 1633 4444 spiritualis
1644 4389 1651 4440 ;
1662 4376 1697 4427 ut

93 4462 387 4535 rpplemantojugiter
397 4459 519 4517 meilluc
531 4460 815 4528 trahas,etalleetum
871 4475 985 4514 mecum
1001 4458 1050 4525 sit,
1065 4464 1094 4514 et
1109 4475 1225 4515 mecum
1240 4458 1362 4530 laboret,
1375 4464 1408 4515 nt
1423 4460 1515 4515 seiam
1531 4461 1601 4532 quid
1614 4474 1696 4514 aoce-

93 4569 119 4608 in
134 4552 317 4608 occasionem
335 4551 501 4622 pariterque
525 4550 600 4605 vires
614 4550 688 4605 beno
702 4549 817 4606 vivendi
871 4553 954 4621 ptum
969 4547 1007 4603 sit
1021 4564 1120 4603 coram
1131 4552 1159 4603 te
1173 4548 1253 4604 omni
1269 4553 1410 4621 ternpore.
1427 4549 1468 4604 Ne
1484 4547 1694 4614 reminisceris,

93 4658 115 4697 s.
130 4640 236 4697 Facilis
246 4639 490 4696 eniminunnitas
502 4655 534 4693 ae
549 4638 661 4694 desidia
675 4655 720 4694 me
732 4639 818 4711 tragi-
872 4654 981 4711 queso,
998 4636 1103 4693 delicta
1127 4638 1291 4708 juventutis
1307 4641 1335 4692 et
1358 4636 1531 4709 ignorantias
1546 4653 1627 4701 mea,
1644 4637 1695 4692 sed

93 4729 332 4803 egligentemque,
344 4727 417 4800 proh
433 4727 534 4784 dolor!
551 4727 627 4783 valet
643 4728 785 4800 impedire
800 4746 817 4784 a
871 4726 1033 4782 seeundum
1048 4725 1279 4780 miscricordiam
1294 4730 1376 4780 tuam
1393 4729 1539 4782 memento
1555 4725 1623 4791 mei,
1640 4729 1697 4780 Do-

97 4817 245 4892 religionis
261 4817 418 4891 proposito.
436 4817 571 4887 Ideoque,
587 4816 817 4875 clementissime
872 4813 960 4869 mine.
976 4812 1150 4868 Munditiam
1178 4829 1296 4885 quoque
1322 4814 1429 4870 mentis
1451 4818 1480 4869 et
1503 4813 1633 4885 corporis
1656 4812 1698 4870 ita

96 4908 171 4965 banc
185 4908 386 4963 infirmitatem
402 4905 432 4961 iu
449 4922 495 4961 me
511 4906 702 4977 prospiciens,
713 4906 755 4962 ita
770 4922 817 4962 me
873 4902 955 4968 mibi,
970 4918 1078 4974 quaeso,
1089 4899 1222 4973 vigilanti
1236 4908 1287 4958 aut
1303 4903 1458 4959 dormienti
1471 4903 1606 4975 concede,
1618 4903 1697 4959 utad

93 5016 99 5054 ι
120 4997 310 5069 validumque
337 4997 366 5052 in
388 4996 541 5067 utriusque
565 4995 693 5051 heminis
719 4995 818 5068 vigore
872 4991 972 5048 altaris
988 4990 1138 5062 totiusque
1147 4990 1295 5047 servitutis
1304 4997 1360 5047 tuos
1374 4992 1634 5065 officiumdignius
1647 5007 1695 5048 ac·

100 5091 133 5143 ut
156 5087 283 5142 inomni
308 5085 457 5141 servitutis
482 5091 537 5139 tua
559 5084 655 5140 studio
680 5084 763 5140 latus
790 5088 818 5139 et
873 5082 985 5147 cedere,
1001 5079 1158 5152 ipsumque
1178 5080 1395 5153 acceptabiliter
1410 5081 1521 5154 possim
1536 5096 1695 5153 peragere:

93 5181 147 5232 itus
172 5176 307 5243 existam,
324 5173 512 5244 laboremque
528 5177 633 5243 totum,
652 5174 702 5245 qui
719 5173 748 5228 in
763 5173 818 5229 hoc
832 5178 856 5243 1)
872 5169 945 5225 nihil
963 5167 1041 5224 enim
1058 5168 1126 5224 boui
1142 5185 1164 5224 a.
1175 5170 1346 5242 memetipso
1366 5170 1469 5241 babeo,
1486 5170 1535 5226 sed
1552 5183 1646 5241 nequa
1661 5168 1697 5225 ab

93 5270 140 5322 vet
155 5282 208 5338 pro
224 5264 319 5320 laudis
333 5267 389 5318 tuae
406 5262 588 5334 impensione
602 5265 630 5317 et
647 5280 697 5334 pro
715 5279 817 5335 pecca·
872 5257 990 5315 bomine
1007 5253 1066 5313 ullo
1078 5257 1193 5313 virtutis
1206 5257 1331 5330 alicujus
1342 5260 1453 5316 donum
1465 5256 1594 5328 accipere
1604 5255 1695 5314 valeo.

104 5370 239 5412 meorum
255 5352 427 5427 poenitentia
437 5368 489 5407 neo
500 5368 557 5406 non
570 5367 622 5423 pro
634 5351 759 5408 aliorum
771 5368 818 5407 ue·
872 5347 1068 5416 Quamobrem
1092 5350 1134 5415 tu,
1159 5348 1279 5403 Domine
1302 5353 1389 5414 Deus,
1418 5348 1468 5420 qui
1493 5347 1574 5402 solus
1598 5346 1698 5403 omnia

93 5449 128 5501 ile
134 5444 247 5518 jugiter
258 5443 387 5515 agendus
398 5446 443 5497 est
453 5440 685 5511 mihi,sustiuera
695 5441 816 5499 valeam.
873 5442 966 5511 potes,
984 5439 1012 5492 et
1026 5451 1080 5491 nos
1095 5439 1186 5492 temet
1214 5454 1266 5509 pro
1280 5437 1504 5494 necessitatibus
1529 5435 1636 5492 nostris
1649 5437 1698 5508 ju·

93 5534 194 5606 auique
208 5530 396 5605 quiamultos
407 5528 514 5586 milites
529 5534 616 5585 tanta
626 5528 743 5586 virtutis
754 5535 817 5586 tan·
873 5528 949 5600 giter
963 5525 1097 5581 invocare
1113 5526 1211 5596 jubes,
1228 5526 1332 5581 exaudi
1358 5542 1405 5582 me
1420 5525 1561 5581 misarum
1576 5524 1630 5580 tibi
1645 5541 1698 5597 pro

95 5623 260 5687 devotionis
274 5622 377 5689 babes,
390 5623 432 5691 ul,
448 5618 515 5676 licat
530 5619 754 5681 infirmitatibus
764 5637 819 5680 an·
874 5614 995 5674 miseria
1008 5629 1074 5673 mea
1095 5613 1309 5689 supplicantem
1324 5633 1331 5688 ;
1346 5620 1376 5674 et
1390 5616 1513 5675 concede
1528 5618 1561 5675 ut
1581 5617 1610 5673 et
1632 5613 1698 5699 illag
