3892 6096
96 286 172 373 8553
626 288 657 350 S.
680 287 842 350 totonis
866 285 1088 351 sustitinent
1110 287 1276 350 Asseris
1744 279 1805 340 set

142 486 145 490 ,
430 420 518 476 PARS
539 421 585 477 1Χ.
935 410 1803 492 Aspinetis,quibusbaecloeapassimabuudant,minime

136 513 188 570 105
202 511 360 570 Plebanum
377 511 534 580 quemdam
550 511 578 567 S.
592 510 714 567 loannis
724 511 822 583 oppidi
834 510 920 586 (162),
976 508 1121 582 impediri.
1136 509 1209 565 Nam
1226 525 1283 565 non
1301 513 1380 564 recto
1390 506 1517 573 tramite,
1534 504 1586 561 sed
1600 501 1799 576 perdeviain·

100 605 131 660 in
145 600 305 674 superioris
318 598 386 655 Arni
399 599 481 659 Valle
496 602 555 671 siti,
572 605 691 673 captum
708 618 725 656 a
739 602 870 660 demone
884 605 921 662 cd
977 597 1055 655 culta
1069 598 1258 670 saltuosaque
1271 598 1333 653 loca
1348 596 1457 653 cursim
1473 596 1529 651 iter
1543 592 1720 665 arripuerat.

100 694 155 750 boo
169 695 197 746 S.
215 688 312 746 liferiae
327 693 539 749 monasterium
554 692 683 749 vinctum
698 695 785 763 atque
796 697 922 754 tractum
1013 688 1075 743 108·
1089 686 1300 744 Conntoniibnn
1315 686 1388 753 snm,
1405 699 1532 756 ‘tumim
1554 696 1707 753 nus(lum
1729 696 1795 753 80¹¹·

100 780 277 852 accepimns.
294 778 467 837 sciscitante
482 782 573 855 igitur
596 779 747 838 sacerdote
769 784 922 853 monacho,
976 780 1051 833 imm
1066 777 1296 849 (exploraverant
1312 775 1390 830 onim
1404 773 1503 830 omnin
1530 768 1699 844 dilissnnmn)
1721 785 1797 841 mino·

100 869 211 928 reteris
227 874 306 927 metu
323 871 491 943 percussis:
508 873 590 930 Unde
605 873 666 931 hcc
681 872 733 928 tibi
756 874 889 946 audacia,
906 893 922 933 o
977 866 1139 934 montinum
1156 882 1218 921 nom
1233 865 1275 921 nii
1293 868 1363 930 omi,
1379 862 1507 936 [nempe]
1522 862 1622 933 ipsum
1640 875 1733 932 quam
1755 875 1796 915 rs·

100 957 226 1027 temon,
251 960 305 1032 [ut]
331 960 544 1034 presbyterum,
569 965 660 1023 sacris
689 967 849 1037 imbutum,
865 968 923 1024 oco
978 956 1049 1027 rom
1064 957 1163 1028 susam
1180 972 1309 1027 parasse.
1326 967 1496 1038 persensere
1510 950 1641 1006 tandem·
1658 949 1699 1004 ec
1723 964 1795 1047 exre

100 1053 242 1122 prasente
257 1049 425 1107 offerentem
441 1050 629 1117 sucrificium,
641 1055 754 1129 ingredi
766 1056 807 1113 sis
821 1072 921 1112 ausus.
978 1045 1042 1115 dlii,
1058 1062 1141 1101 mmo
1154 1044 1285 1101 minister
1299 1045 1436 1114 arripere,
1452 1040 1507 1097 θῑῦῑ
1523 1056 1580 1096 ¹1⁰¹
1607 1037 1794 1106 innobmmm,

35 1146 37 1150 ‘
99 1138 150 1194 Cui
163 1139 277 1194 daemen
287 1137 384 1211 [dixit]
393 1139 466 1196 satis
477 1140 560 1197 illum
570 1141 619 1197 diu
630 1159 681 1215 per
690 1143 839 1201 licentiam
849 1148 922 1200 nutu
978 1135 1073 1207 solito,
1089 1134 1130 1202 id,
1146 1134 1224 1205 quod
1238 1133 1313 1188 lueis
1328 1147 1392 1188 asse
1403 1133 1508 1203 potest,
1519 1127 1590 1183 emto
1603 1125 1739 1199 undique
1749 1143 1796 1182 nu·

99 1224 208 1295 divino,
220 1223 399 1283 facinoribus
413 1227 552 1285 omuibus
567 1235 736 1302 coopertum
748 1232 921 1305 pertulisse;
979 1223 1439 1295 bibonobnonm‚nognnot‚mmon
1448 1215 1795 1290 JonnVinssiniqunflonn

100 1332 217 1372 senune
228 1304 398 1388 obtortum,
409 1315 573 1388 pauloante
584 1318 614 1374 in
625 1320 655 1375 S.
667 1320 923 1393 Mariancvcltott)
978 1312 1065 1368 moiri
1080 1313 1145 1384 ojus
1161 1328 1196 1368 ox
1209 1309 1323 1367 intimis
1345 1308 1441 1366 condis
1464 1308 1494 1363 in
1515 1323 1546 1363 no
1570 1311 1634 1362 mm
1659 1304 1751 1361 ninom
1769 1322 1795 1363 oo

100 1404 156 1460 hal
173 1402 273 1476 inique
288 1408 497 1477 perpetratum,
511 1423 568 1461 non
582 1411 615 1463 ut
625 1408 818 1481 sacerdotem,
830 1410 880 1466 sed
892 1412 925 1465 ut
979 1401 1227 1471 commendantes,
1244 1400 1292 1456 olii
1301 1399 1367 1466 olm,
1381 1414 1438 1471 tl¹1⁰
1449 1394 1795 1469 sibipersuadsrenteun

99 1508 226 1565 nequam
240 1495 409 1566 tetrumque
423 1493 571 1552 hominem
588 1497 747 1569 possidere.
774 1497 825 1555 iile
845 1498 924 1556 enim
979 1489 1119 1561 tenuisse,
1135 1492 1217 1545 nocte
1232 1493 1292 1544 tcta
1307 1487 1438 1560 palantes
1465 1488 1671 1555 errantesque,
1702 1498 1793 1539 nemus

101 1585 177 1638 recto
192 1580 300 1638 dicitur
314 1584 460 1651 sacerdos,
472 1584 522 1656 qut
539 1602 580 1653 sc,
594 1589 627 1642 ut
640 1588 821 1644 sacerdotem
831 1588 923 1658 decet,
979 1596 1066 1636 omne
1081 1578 1210 1650 uncique
1224 1577 1393 1633 lustravere·
1408 1575 1498 1648 igitur
1518 1573 1615 1648 pcimc
1631 1586 1722 1628 mccc
1733 1571 1792 1642 (noo

100 1670 192 1744 gerit3
209 1670 260 1727 ubi
275 1670 353 1727 euim
367 1688 384 1727 a
398 1671 475 1728 bono
489 1672 608 1730 homins
623 1675 835 1732 consuetudine
847 1675 926 1732 mala
980 1669 1043 1725 sine
1058 1667 1178 1724 numine
1194 1667 1292 1723 diviua
1307 1666 1417 1737 sctum)
1432 1663 1553 1738 quidem
1567 1679 1605 1719 ex
1619 1661 1658 1718 iis
1674 1661 1705 1718 S.
1721 1658 1794 1717 etta-

101 1760 131 1816 in
145 1775 267 1832 pravum
284 1743 484 1826 abstrahitur,
503 1762 612 1818 desinit
634 1779 699 1820 esse
713 1766 859 1821 sacerdos.
874 1768 925 1822 nst
940 1790 963 1855 B
980 1774 1045 1814 rum
1061 1758 1148 1830 (161),
1163 1756 1253 1828 hujus
1264 1757 1292 1813 S.
1303 1754 1400 1810 Maris
1408 1751 1577 1810 monosterii
1588 1751 1690 1807 lecum
1705 1765 1793 1824 penes,

100 1847 179 1904 enim
194 1846 356 1904 sacerdotis
370 1847 558 1922 sacrilegium
569 1866 665 1924 egere,
678 1850 838 1925 altarisque
848 1852 926 1910 dona
978 1846 1102 1903 errando
1117 1849 1266 1918 vagantes,
1283 1843 1425 1900 nummum
1442 1840 1601 1915 quomdflm
1612 1838 1733 1896 milium
1746 1837 1792 1895 h*

100 1935 217 2006 furtive,
232 1934 355 2006 clamve,
370 1934 415 1992 vel
431 1937 535 2008 quovis
550 1939 637 1996 mode
648 1938 792 2012 diriperet
803 1941 926 2015 lfoxque
979 1937 1078 2003 buono,
1094 1936 1145 2007 qui
1160 1933 1334 1992 necessitate
1349 1937 1470 2006 urgente
1482 1935 1549 1988 ante
1559 1928 1658 1986 lucem
1670 1928 1792 2001 iterpou

100 2024 176 2081 male
192 2024 290 2081 ablata
305 2023 336 2080 in
350 2040 439 2081 suum
455 2027 590 2084 restituet
605 2028 713 2100 locum,
729 2030 926 2103 deincepsque
978 2029 1037 2081 tem
1053 2023 1209 2098 arrignani
1220 2024 1315 2095 juxta,
1331 2021 1381 2078 ubi
1398 2019 1488 2077 miser
1503 2019 1551 2075 ille
1565 2017 1686 2076 insunia
1699 2018 1793 2075 duetus

99 2114 218 2182 caveat;
235 2129 288 2170 nos
301 2128 369 2170 vero
383 2112 446 2170 sine
461 2115 584 2187 strepitu
598 2117 710 2189 ubsque
725 2134 843 2177 rumore
865 2119 925 2177 ullo
978 2112 1165 2170 volnfobnlnn
1186 2111 1295 2180 omnis,
1318 2109 1431 2166 hobolf-
1456 2109 1534 2174 Onon
1556 2111 1693 2163 ommim
1714 2103 1794 2161 ormi·

98 2200 155 2258 alio
170 2202 391 2259 contendemus.
406 2202 435 2259 si
451 2203 551 2260 minus
565 2209 712 2264 certamen
737 2207 768 2263 in
783 2224 837 2265 nos
860 2224 925 2281 pro·
980 2201 1138 2259 antediem
1154 2201 1316 2267 admirans.
1329 2200 1448 2256 honmm
1463 2197 1602 2270 perfusus
1618 2194 1735 2267 inim&
1752 2193 1794 2249 Εἰ·

98 2306 205 2364 resque
220 2290 385 2348 funduntur
398 2293 560 2351 incassum.
572 2298 715 2369 lingonen
729 2314 817 2365 unus,
831 2296 871 2354 ait
881 2314 927 2355 sa·
981 2307 1039 2363 (ino
1055 2285 1795 2360 leneliiiief‘?1¹5⁰fnlflfliimssmstm¹¹⁰⁰l⁰m¹¹⁸t¹²⁶

99 2379 211 2451 oerdos,
228 2379 279 2435 sed
294 2379 394 2452 plures
409 2382 490 2440 estis.
981 2397 1086 2437 cursus
1100 2380 1170 2452 quid
1179 2379 1258 2449 velit,
1271 2379 1296 2435 si
1309 2378 1399 2434 menti
1410 2382 1466 2445 est,
1479 2374 1637 2432 declarate.
1648 2372 1703 2429 Vix
1714 2386 1796 2446 ptum

137 2468 199 2522 106.
215 2467 290 2523 Tum
305 2468 420 2525 demon
435 2470 584 2542 conticuit,
601 2488 655 2530 nec
670 2473 748 2530 ultra
758 2475 794 2530 nb
810 2474 927 2548 ipsosa-
981 2469 1042 2526 haec
1055 2469 1107 2540 illi,
1124 2473 1266 2525 nocturne
1282 2467 1381 2525 labore
1396 2466 1562 2537 diurnoque
1577 2463 1681 2521 dolore
1699 2459 1795 2531 crecti,

103 2555 205 2612 cerdos
220 2556 382 2613 monachus
397 2558 534 2628 precibus
548 2559 629 2615 volvi
642 2562 762 2618 verbum
775 2561 928 2619 ullumve·
981 2558 1096 2615 dedere.
1112 2558 1164 2613 liei
1178 2557 1301 2614 miseros
1316 2555 1602 2627 infelicesquesupra
1612 2566 1718 2608 omnes
1727 2565 1796 2607 mor

102 2643 158 2699 luit
171 2641 359 2715 exsculpere:
383 2661 416 2703 eo
442 2662 503 2702 rem
527 2646 665 2705 diremit:
693 2649 926 2721 conjurationem
980 2647 1071 2704 tales!
1089 2664 1143 2703 nos
1158 2663 1342 2719 germanum,
1359 2645 1532 2701 adaemonio
1546 2647 1681 2715 captum,
1696 2638 1746 2712 qui
1759 2638 1796 2695 in·

102 2748 169 2788 vero
185 2732 216 2787 in
227 2730 304 2788 diem
315 2736 466 2806 posterum
480 2736 583 2791 statuit
594 2736 719 2794 differre.
733 2739 852 2796 interim
863 2738 927 2812 ipse
981 2739 1065 2793 caute
1080 2753 1096 2792 a
1112 2736 1196 2793 nobis
1211 2752 1246 2792 ex
1259 2734 1350 2791 Vallis
1364 2733 1513 2790 Umbrose
1530 2729 1712 2788 monasterio
1723 2726 1795 2793 abiit,

106 2836 195 2893 quam
210 2820 338 2878 maxime
352 2822 474 2894 occulte,
491 2827 524 2880 ut
536 2823 690 2898 religiosus
699 2825 765 2884 talis
775 2828 872 2900 negoti
880 2845 926 2885 ar·
982 2842 1085 2883 somno
1096 2825 1312 2896 itineribusque
1327 2821 1498 2896 asperrimis
1511 2819 1796 2891 attriti,errsndoper

105 2908 186 2976 tifex,
201 2925 263 2967 rem
276 2926 293 2966 a
306 2909 441 2982 plebano,
458 2916 490 2968 ut
512 2912 648 2971 diabolus
672 2914 793 2988 dixerat,
805 2917 848 2974 ita
861 2934 927 2975 esse
981 2914 1045 2971 loca
1059 2912 1311 2985 inviasequimur;
1324 2928 1382 2985 quo
1393 2911 1477 2967 iverit
1485 2909 1661 2983 ignoramus
1670 2906 1794 2981 penitus:

104 2997 256 3071 cognovit:
270 2998 413 3071 quemhis
423 3001 672 3076 verbiscastigous
683 3003 723 3060 ait
733 3022 740 3061 :
751 3005 805 3061 llsl
816 3005 926 3076 infelix,
981 3003 1022 3059 ita
1034 3003 1112 3060 enim
1128 3001 1216 3058 variis
1231 3001 1310 3057 curis
1324 2999 1580 3070 anxietatibusque
1594 2994 1751 3066 afficimur,
1769 2996 1795 3051 ut

104 3102 163 3157 qua
178 3085 301 3142 acducia
315 3086 377 3143 beo
391 3087 532 3145 nefariam
546 3093 658 3148 tentare
668 3092 796 3166 voluisti,
807 3110 874 3150 cum
885 3095 927 3153 sis
982 3108 1104 3163 prorsus
1119 3090 1210 3147 nestri
1227 3088 1308 3145 obliti
1325 3087 1428 3145 simus.

103 3174 150 3246 ipe
166 3173 324 3232 sacerdos?
338 3174 410 3232 Vide
425 3177 546 3249 posthae
561 3196 662 3238 caveas
677 3198 715 3238 ne
739 3181 805 3240 aliis
829 3184 927 3257 majus
942 3154 964 3223 G
1018 3179 1081 3235 109.
1096 3182 1132 3234 At
1146 3177 1198 3234 ille
1211 3177 1348 3233 eumdem
1368 3190 1433 3233 essa
1453 3173 1638 3246 existimans,
1664 3187 1746 3246 quem
1767 3168 1792 3225 iu

102 3261 266 3320 atrociusve
280 3262 316 3321 de
330 3266 359 3320 te
374 3265 540 3340 exemplum
570 3269 665 3327 detur.
686 3271 812 3328 Additur
831 3274 929 3332 verbis
982 3284 1071 3324 oront
1086 3266 1265 3324 volutantem
1280 3263 1563 3336 invenerotinqnit:
1584 3262 1629 3319 No
1656 3257 1792 3335 bomolini

103 3349 299 3409 miraculum:
316 3352 367 3427 qui
382 3353 461 3411 enim
476 3359 591 3429 captus,
602 3361 721 3431 totoque
733 3376 852 3433 corpore
865 3363 928 3419 vin-
983 3357 1086 3412 fortem
1104 3355 1235 3411 animum
1251 3354 1359 3427 geretis
1370 3369 1420 3410 oro
1436 3379 1444 3422 ;
1458 3353 1561 3410 scietis
1574 3351 1744 3419 desummo
1754 3364 1795 3405 su·

102 3443 166 3496 otus
180 3438 238 3496 hue
249 3442 453 3512 contenderat,
471 3443 540 3500 duta
555 3444 623 3514 ilde,
647 3447 791 3520 quidquid
807 3449 929 3524 indigns
983 3443 1178 3517 perveniente,
1193 3460 1245 3500 vos
1260 3443 1431 3516 respexisse.
1458 3442 1530 3498 Nam
1554 3441 1687 3514 profecto
1707 3440 1733 3495 is
1748 3438 1793 3504 est,

102 3527 274 3599 abstulerat,
291 3530 486 3603 redditurum,
502 3532 718 3607 honestumque
742 3536 844 3608 [quod]
855 3538 929 3596 foret
982 3550 1070 3606 quern
1086 3531 1172 3606 paulo
1185 3535 1252 3589 ente
1263 3532 1293 3588 in
1305 3531 1401 3589 littore
1411 3535 1530 3605 pontem
1541 3546 1634 3604 prope
1643 3528 1793 3604 prolectam

104 3615 225 3693 posthae
240 3616 398 3689 facturum,
413 3619 489 3677 liber
502 3621 718 3695 incolumisque
726 3641 794 3681 eum
806 3626 868 3685 suis
879 3627 928 3684 do·
982 3622 1091 3695 reperi:
1106 3638 1174 3679 eum
1189 3621 1268 3678 enim
1292 3637 1360 3677 eunt
1381 3621 1548 3688 adivissem,
1577 3617 1678 3677 insani
1704 3611 1793 3691 repitit

104 3720 186 3764 mum
196 3706 339 3766 concessit
349 3708 718 3781 propriam:udbucetiem
730 3711 928 3787 illumquem-
982 3711 1117 3783 quedam
1133 3715 1197 3766 tum
1212 3726 1298 3783 agere
1316 3715 1380 3765 tum
1402 3708 1507 3765 dicere.
1535 3710 1562 3764 is
1587 3717 1635 3765 est
1658 3707 1791 3782 proferte:

105 3813 163 3869 pre
176 3814 209 3856 se
223 3797 344 3868 ferebat,
359 3796 390 3853 in
405 3795 487 3853 vultu
503 3802 532 3854 et
547 3797 619 3855 facie
639 3815 760 3856 servans
774 3801 926 3874 pallorem.
982 3800 1129 3873 quaciroa,
1147 3800 1172 3857 si
1188 3798 1291 3872 placet,
1317 3798 1373 3854 duc
1398 3815 1450 3855 nos
1471 3797 1507 3854 ad
1523 3813 1593 3853 eum
1603 3814 1611 3854 ε
1623 3795 1683 3855 1οοί
1696 3792 1791 3854 enimet

141 3883 390 3943 retexeretur
404 3886 521 3943 civitate
536 3904 692 3962 germanos
717 3893 787 3959 tres,
802 3908 928 3963 quorum
982 3887 1218 3962 itinerispenitus
1229 3887 1335 3960 ignari,
1345 3887 1589 3959 quoteodendum
1602 3885 1793 3944 sitnescincc

104 3991 197 4031 unum
213 3991 230 4031 a
244 3973 388 4031 demonio
403 3979 523 4048 ceptum
538 3976 692 4033 constabat
722 3979 805 4048 satis,
829 3979 884 4037 hoc
898 3984 926 4038 s.
983 3979 1093 4036 Ducam
1110 3976 1242 4048 libenter,
1258 3977 1282 4033 si
1298 3976 1381 4049 prius
1396 3975 1526 4048 corporis
1540 3975 1620 4033 vires
1634 3975 1794 4040 domitum,

104 4061 203 4119 Merite
227 4062 439 4119 monasterium
464 4062 572 4121 adiisse
597 4066 929 4138 accepimustleterum
983 4084 1117 4140 quenon
1131 4065 1217 4139 longe
1232 4066 1331 4134 distat,
1348 4063 1627 4138 redintegraveritis.
1652 4063 1701 4120 Nil
1724 4064 1795 4137 potet

104 4149 331 4222 opercpreticm
341 4153 396 4218 est,
406 4150 514 4222 quibus
524 4152 795 4226 artibus,quibusve
806 4156 929 4214 fallaciis
984 4155 1101 4212 cibusve
1116 4159 1243 4227 saperet,
1260 4154 1316 4211 nisi
1332 4170 1472 4227 germano
1487 4153 1618 4209 invento.
1634 4152 1693 4211 tibi
1712 4158 1796 4209 unct

104 4237 239 4295 diabolus
255 4237 379 4296 miseros
395 4239 533 4298 mortales
553 4240 716 4300 subduccre
737 4248 839 4316 tentet,
861 4247 929 4303 dili·
983 4244 1094 4318 gratias
1109 4242 1234 4317 agimus,
1251 4247 1377 4313 orantes,
1394 4246 1521 4315 emptum
1537 4241 1796 4315 properemusitet,

104 4329 205 4400 genter
220 4327 377 4384 advertere.
387 4328 461 4384 Nam
471 4345 539 4385 eum
551 4329 646 4403 prima
656 4333 858 4404 conjuratione
870 4336 930 4396 dis·
985 4350 1020 4389 ne
1036 4349 1147 4388 moram
1160 4332 1308 4405 agitando,
1324 4330 1442 4388 interim
1459 4330 1569 4403 aliquid
1586 4331 1704 4389 orietur
1712 4327 1782 4388 mut

104 4431 220 4474 cessum
237 4432 319 4474 mora
330 4433 383 4474 suo
400 4416 553 4475 simularet
569 4419 694 4490 daemon,
717 4423 771 4478 etsi
796 4440 928 4483 amona·
1021 4423 1081 4478 110,
1098 4422 1149 4478 His
1165 4422 1219 4478 iter
1234 4420 1452 4488 festinantibus,
1468 4419 1552 4476 letus
1567 4420 1603 4477 tit
1618 4421 1737 4479 obviant
1748 4418 1797 4475 tn·

104 4504 168 4561 chis
183 4505 238 4579 [ut]
252 4508 396 4577 caverent,
412 4507 506 4565 edocti
520 4509 632 4581 [essent
644 4509 736 4583 socii],
749 4515 846 4570 tamen
858 4513 967 4583 inreD
983 4516 1037 4568 ter.
1054 4511 1131 4577 lliiu
1154 4509 1379 4566 admirationem
1403 4509 1496 4582 prius,
1526 4507 1597 4566 inde
1620 4509 1653 4565 in
1679 4507 1793 4567 lotitiam

103 4610 209 4667 perum
224 4594 314 4667 cauti,
330 4611 388 4668 quo
402 4596 499 4664 vellet,
514 4597 639 4655 liberum
659 4599 702 4657 ire
721 4601 926 4673 permiserunt.
983 4601 1069 4671 versi,
1084 4599 1160 4656 datis
1176 4599 1360 4671 acceptisque
1375 4598 1495 4665 dextris,
1510 4614 1569 4672 pre
1584 4597 1692 4657 letitia
1712 4605 1790 4668 usque

104 4683 137 4740 ln
148 4680 252 4757 primis
260 4682 465 4743 lassitudinem
479 4687 597 4760 fingere,
608 4688 632 4744 si
644 4689 711 4761 quis
722 4693 821 4747 tamen
832 4691 930 4751 obser·
982 4689 1127 4763 lacrymas
1142 4693 1241 4745 tenere
1253 4691 1408 4760 poteraut:
1425 4704 1460 4743 ex
1474 4686 1583 4759 quibus
1600 4704 1685 4745 unus
1694 4682 1790 4760 iuqtu‘t:

104 4775 193 4841 varst,
211 4771 323 4841 fallere,
337 4771 425 4831 lentis
439 4775 581 4848 gradibus
596 4777 639 4834 ire
651 4794 658 4832 ι
670 4780 788 4834 demum
802 4779 930 4839 ubisuos
984 4779 1046 4845 oio,
1063 4778 1161 4849 irater,
1173 4776 1337 4833 euranobis
1347 4775 1578 4843 abiistilQuatte
1588 4774 1651 4834 huc
1661 4770 1795 4836 demntia

106 4863 204 4918 mente
217 4878 285 4918 oum
298 4861 391 4917 oeulis
405 4861 521 4920 deditos
536 4863 593 4921 alio
609 4864 792 4940 intelligeret,
818 4871 849 4923 et
864 4868 929 4939 jam
984 4866 1079 4924 vexit?
1092 4866 1174 4923 Unde
1185 4865 1245 4921 haeo
1259 4865 1394 4921 valetudo
1409 4870 1460 4922 tua
1474 4865 1570 4923 bonai
1585 4865 1672 4924 Unde
1686 4870 1745 4925 tem
1759 4876 1796 4919 re·

105 4949 235 5007 tenebris
251 4947 405 5022 paululum
430 4952 548 5020 exortis,
574 4971 609 5008 ex
632 4953 795 5026 composito
811 4955 880 5013 dare
898 4956 929 5014 in
983 4955 1086 5029 pente‘l
1102 4955 1143 5011 lix
1156 4954 1226 5011 lesu
1241 4953 1431 5027 Virginisqua
1454 4953 1554 5011 Maris
1576 4958 1608 5012 et
1626 4955 1659 5012 S.
1680 4949 1792 5013 loannis

105 5038 194 5110 pedes
210 5041 354 5112 quantum
369 5038 493 5111 quibet;
510 5039 625 5098 frutetis
640 5057 707 5100 vero
722 5043 870 5101 arbustive
883 5043 929 5101 vel
984 5043 1096 5100 meritis
1111 5042 1171 5099 baec
1184 5042 1260 5100 boue
1275 5047 1345 5098 sunt
1366 5044 1475 5113 omnia,
1500 5042 1611 5116 quibus
1635 5059 1685 5102 me
1705 5042 1794 5101 erebro

118 5283 123 5296 Ι
140 5214 215 5287 (162)
230 5216 378 5291 Oppidum
390 5216 446 5274 boc
461 5216 553 5274 situm
568 5222 622 5289 est,
635 5224 668 5276 ut
681 5234 716 5296 ex
729 5221 845 5295 mappis
869 5221 929 5279 col·
982 5220 1160 5279 Volaterras.

104 5283 174 5357 ligo,
185 5286 262 5344 inter
275 5290 387 5346 Arnum
398 5288 566 5361 rivulosque
579 5305 614 5346 ex
628 5305 661 5347 ee
675 5296 753 5350 ortos
764 5294 928 5351 exadverso
1018 5293 1092 5364 (idi)
1108 5293 1202 5350 Locus
1216 5291 1273 5365 bic,
1291 5292 1388 5365 inquit
1407 5292 1540 5350 Lubinns
1555 5293 1586 5350 in
1603 5294 1689 5353 Brevi
1702 5288 1795 5351 ccum

105 5356 199 5411 Terre
211 5358 305 5416 Nove.
982 5365 1174 5420 abbatiarum
1188 5364 1276 5420 italie
1298 5380 1365 5437 pag.
1383 5365 1444 5433 170,
1462 5365 1539 5421 situs
1562 5370 1610 5423 est
1632 5365 1663 5423 in
1688 5359 1793 5423 timori

154 5427 213 5495 163)
231 5430 369 5506 ¹Suspicor
391 5430 470 5488 huuc
496 5432 593 5489 locum
621 5448 685 5489 esse
706 5435 855 5505 eumdem,
877 5437 927 5509 qui
982 5436 1126 5493 fesulano
1140 5452 1229 5508 prope
1244 5437 1398 5508 antiquum
1409 5435 1593 5509 Arignauum
1606 5435 1793 5513 inappeudioo

104 5515 141 5582 vu
155 5515 191 5572 go
207 5499 313 5554 dcitur
327 5502 354 5556 S.
371 5502 403 5559 ll.
419 5505 543 5572 Nouello,
561 5505 694 5578 situsque
716 5511 762 5563 est
784 5507 861 5564 inter
875 5525 928 5566 va·
982 5509 1101 5581 meotis,
1116 5509 1167 5580 qui
1182 5509 1218 5564 ab
1233 5510 1310 5565 Arno
1325 5507 1448 5565 flumine
1463 5507 1598 5567 alluitur.

104 5587 162 5627 rios
177 5585 289 5637 omnes,
309 5572 404 5630 medio
420 5575 478 5632 fere
492 5576 595 5635 itinere
610 5577 686 5635 iuter
704 5575 882 5639 florentiam
897 5585 928 5638 et
