3892 6096
110 342 170 405 sss
617 339 789 402 OTHLONI
811 336 988 401 MONAGHI
1010 338 1042 400 S.
1066 333 1314 399 adducantur
1754 326 1817 395 3Ἷῦ

111 475 270 548 quamdam
290 488 327 530 ex
349 471 443 529 sancti
458 469 599 529 Boniiarii
614 469 747 546 epistolis
771 474 934 545 exceptam,
949 480 977 545 Α
991 468 1145 527 relevando
1158 472 1186 525 et
1199 466 1364 524 excusando
1377 483 1384 535 ;
1400 468 1430 523 st
1442 466 1574 540 seipsum
1585 463 1685 522 omnia
1695 464 1816 524 audisse

111 574 201 637 quam
217 564 280 635 ipse
291 561 408 620 cuidam
419 564 559 618 matrone
570 562 703 618 scribens
714 561 804 634 misit,
816 563 936 634 conjuu·
991 559 1168 632 flagitiorum
1185 573 1305 613 suorum
1322 557 1440 629 propria
1453 556 1633 629 peccamina,
1644 555 1817 629 queiccita

113 669 182 728 gere
196 651 293 726 cupio.
310 651 417 708 Scribit
431 655 529 708 autem
545 650 599 708 hoc
614 652 721 708 mede:
987 650 1142 722 iuventute
1158 663 1221 715 sua,
1239 651 1268 703 ct
1287 648 1323 702 ad
1340 646 1539 703 confitendam
1555 648 1606 702 aut
1620 645 1748 720 neglexit
1764 648 1819 702 aut

336 758 432 814 vngo
452 758 589 815 0520qu
606 759 716 815 NONA·
992 737 1128 794 oblivioni
1144 736 1276 804 tradidit,
1292 735 1336 792 vel
1359 737 1396 792 ad
1420 740 1571 808 peccatum
1592 734 1737 808 pertinere
1752 751 1817 791 om·

139 849 167 907 S.
184 848 324 919 Bonifocii
338 849 462 921 episcopi
475 856 500 904 ct
513 852 645 920 mortpris
659 849 774 921 epistola
788 848 820 905 de
834 848 913 905 dicti,
992 827 1062 883 nine
1077 826 1227 882 nesciebat
1236 826 1331 898 ipsius
1342 826 1460 898 propria
1472 842 1541 882 voce
1551 829 1652 882 contra
1662 824 1743 881 illem
1756 823 1818 881 cla-

254 923 279 976 ot
292 922 359 977 eicis
373 921 517 992 cujusdem
530 922 658 977 onoorooti
672 921 798 977 redivivi.
993 917 1114 972 mitasse
1128 919 1237 971 etcum
1253 914 1411 971 durissime
1426 930 1591 985 accusasse,
1607 918 1637 971 st
1650 912 1821 987 specialiter

150 1010 284 1083 Regabas
311 1026 369 1079 me,
385 1026 468 1066 soror
493 1009 677 1078 charissima,
696 1014 726 1066 ut
750 1010 938 1067 admirandas
993 1007 1225 1078 unumquodque
1250 1004 1365 1072 vitium,
1381 1004 1466 1076 quasi
1494 1021 1528 1060 ex
1554 1020 1608 1060 sus
1634 1019 1770 1076 persona,
1786 1003 1819 1058 in

111 1101 240 1158 visiones
255 1099 290 1154 de
304 1097 355 1154 illo
371 1098 510 1169 redivivu,
526 1099 575 1171 qui
592 1115 685 1170 nuper
708 1099 737 1154 in
763 1099 938 1155 monasterio
994 1094 1124 1151 medium
1140 1111 1171 1151 sc
1186 1093 1329 1151 obtulisse
1342 1093 1476 1163 dicendo,
1488 1095 1657 1167 quoddam:
1674 1094 1734 1167 lige
1749 1109 1819 1151 sum

114 1189 266 1262 ldilburgae
281 1187 435 1244 abbatissa
451 1192 586 1245 mortuus
605 1193 650 1245 est
665 1192 693 1244 et
707 1187 818 1257 revixit,
834 1204 898 1259 que
913 1187 939 1244 ei
994 1184 1139 1258 cupiditas
1153 1189 1214 1255 tue,
1227 1199 1292 1255 quas
1303 1183 1403 1239 illicite
1416 1183 1651 1256 frequentissime
1662 1186 1691 1240 st
1701 1186 1823 1239 contra·

116 1281 240 1336 estense
255 1280 335 1343 sunt,
351 1277 507 1332 scribendo
529 1276 666 1333 intimare
689 1282 718 1333 et
742 1277 940 1334 transmittere
995 1274 1038 1329 ria
1052 1272 1205 1346 preceptis
1217 1273 1268 1329 Dei
1284 1273 1468 1346 concupisti;
1483 1273 1632 1345 quoddam
1647 1288 1715 1329 vere
1731 1287 1739 1328 :
1759 1272 1822 1344 lige

116 1382 250 1425 curarem
269 1366 519 1438 quemadmodum
535 1365 601 1433 ista,
619 1367 776 1423 reverenda
790 1365 941 1422 abbatissa
996 1379 1063 1419 sum
1077 1377 1153 1418 vana
1166 1361 1271 1434 gloria,
1287 1379 1345 1435 qua
1365 1367 1394 1418 te
1416 1363 1494 1434 apud
1519 1361 1653 1419 homiues
1672 1362 1825 1434 laetamen

117 1455 263 1513 llildelida
278 1455 431 1526 referente,
446 1455 545 1512 didici.
560 1457 644 1512 Modo
667 1455 812 1528 siquidem
831 1454 941 1529 gratias
997 1450 1149 1517 exaltasti3
1176 1450 1278 1506 aliud:
1304 1455 1362 1524 ligo
1386 1467 1453 1507 sum
1482 1450 1679 1522 mendacium,
1705 1451 1735 1506 in
1761 1464 1823 1522 quo

117 1543 311 1618 omnipotenti
322 1549 379 1601 Deo
394 1545 497 1616 refero,
512 1544 581 1616 quia
596 1545 626 1600 in
642 1544 697 1602 hoc
707 1544 871 1601 dilectionis
885 1549 942 1600 tua
998 1539 1165 1596 mentiendo
1180 1540 1326 1613 peccasti:
1343 1539 1421 1595 aliud
1435 1558 1443 1597 ι
1458 1541 1518 1613 ligo
1533 1556 1600 1598 sum
1615 1543 1742 1597 otiosum
1758 1554 1824 1596 ver·

117 1634 296 1691 veluntatem
312 1633 428 1706 plenius
442 1631 653 1705 liquidiusque,
670 1633 727 1690 Dee
747 1633 942 1706 patmciuium
998 1630 1168 1701 bum,quod
1178 1629 1305 1686 inaniter
1313 1627 1430 1686 locutus
1441 1629 1522 1685 luisti
1533 1648 1540 1698 ;
1552 1627 1823 1702 aliudzligcvlsus,

118 1728 283 1796 prestante,
295 1721 416 1794 implere
430 1721 522 1789 valeo,
534 1722 604 1793 quic
619 1722 682 1795 ipse
692 1737 760 1778 cum
776 1722 943 1795 supradicto
999 1719 1077 1791 quod
1087 1719 1212 1776 videndo
1222 1717 1324 1775 illicita
1335 1719 1460 1791 peccasti
1471 1743 1479 1788 ;
1490 1718 1586 1776 aliud:
1601 1719 1660 1791 lige
1673 1720 1826 1774 contuma-

118 1811 434 1879 lratreredivivo,dum
446 1825 539 1881 nuper
548 1810 583 1866 de
592 1810 800 1867 transmarinis
811 1809 944 1884 partibus
959 1852 984 1918 B
999 1807 1299 1876 clastinobedientia,
1311 1825 1369 1880 qua
1379 1808 1544 1865 senioribus
1559 1806 1744 1881 spiritslibus
1760 1807 1825 1864 ine·

120 1901 155 1957 sd
167 1899 240 1955 istas
252 1898 384 1971 pervenit
396 1898 530 1971 regiones
545 1898 661 1957 locutus
676 1914 755 1966 sum,
766 1905 795 1955 st
810 1899 859 1955 ille
872 1899 945 1955 mibi
1000 1897 1120 1954 bediens
1131 1898 1212 1954 luisti
1226 1916 1233 1966 ;
1251 1897 1330 1954 aliud
1344 1915 1350 1954 :
1366 1899 1426 1971 Ego
1440 1901 1541 1970 torpor
1551 1896 1702 1955 etdssidia
1714 1896 1744 1952 in
1755 1910 1825 1954 san·

120 1988 281 2062 stupendas
293 1986 430 2058 visiones,
442 2004 516 2059 quas
531 1992 727 2060 extracerpus
743 2005 830 2045 suum
843 1994 945 2062 raptus
999 1991 1113 2043 storum
1128 1987 1293 2043 studiorum
1308 1987 1441 2060 neglectu
1454 2005 1461 2057 ;
1478 1987 1577 2044 aliud:
1594 1987 1736 2061 Egovaga
1745 1986 1828 2059 cogi·

121 2078 152 2133 in
168 2077 274 2151 spiritu
290 2075 372 2144 vidit,
388 2077 506 2150 proprio
521 2077 656 2149 exposuit
677 2094 820 2136 sermons.
1000 2077 1072 2134 tatio
1088 2080 1116 2133 et
1131 2076 1244 2133 inutilis
1259 2093 1339 2143 cura,
1355 2094 1415 2149 qua
1433 2081 1461 2134 te
1476 2092 1563 2149 supra
1580 2077 1702 2134 modum
1717 2076 1783 2133 sive
1796 2074 1829 2131 ln‘

157 2166 946 2241 Dicebatautemseperviolentisegritudinisdolerem
1001 2165 1828 2239 ecclesiasiveextraecclesiamoccupabes3aliud:Ege

122 2255 252 2330 corporis
267 2256 424 2329 gravedine
439 2256 537 2312 subito
554 2261 674 2313 exutum
690 2256 781 2314 luisse
800 2263 829 2315 et
850 2258 947 2315 simil·
1001 2254 1206 2325 somnolentia,
1223 2272 1282 2328 qus
1296 2272 1456 2329 oppressus
1472 2256 1554 2312 tarde
1568 2254 1605 2311 ad
1625 2254 1827 2312 condiendum

123 2345 228 2403 limum
239 2360 303 2402 esse
314 2343 577 2416 collatione‚veluti
588 2345 749 2403 stridentis
759 2351 788 2404 et
799 2346 947 2422 vigilantis
1003 2347 1059 2402 Deo
1071 2343 1222 2401 surrexisti
1232 2361 1240 2412 ;
1252 2344 1332 2401 aliud
1346 2360 1353 2402 :
1367 2345 1424 2419 ligo
1435 2345 1490 2401 iter
1500 2345 1627 2402 otiosum
1639 2362 1645 2413 ;
1657 2342 1755 2401 aliud:
1768 2343 1829 2418 ligo

124 2433 948 2508 beminisdensissimooculitegmincveleutcr,etsubito
1002 2450 1068 2491 sum
1085 2431 1261 2506 negligentia
1275 2437 1303 2490 et
1318 2434 1440 2501 incuria,
1457 2451 1516 2506 qua
1531 2435 1666 2490 detentus
1680 2448 1752 2507 ergs
1766 2436 1830 2490 stu·

125 2522 275 2580 suferetur
287 2521 430 2594 velamen,
446 2527 474 2579 et
496 2527 567 2578 tuno
591 2523 746 2595 perspicua
765 2525 824 2581 sint
839 2526 947 2597 emnia,
1003 2523 1085 2578 dium
1101 2521 1204 2579 divine
1218 2521 1353 2580 lectionis
1368 2523 1536 2579 incuriosus
1553 2522 1654 2592 luisti;
1670 2527 1700 2578 et
1723 2526 1831 2580 cetere

126 2628 192 2686 quas
207 2614 275 2666 ante
290 2627 349 2667 non
364 2610 436 2682 viso,
452 2615 481 2668 ct
492 2612 587 2668 velate
602 2615 630 2668 et
649 2613 748 2685 ignota
763 2613 891 2683 fueriut;
907 2614 950 2671 sic
1003 2612 1050 2668 bis
1061 2611 1169 2668 similia
1180 2613 1287 2681 omnia,
1300 2628 1363 2685 que
1378 2613 1409 2668 in
1424 2612 1605 2669 diebusvitae
1621 2628 1681 2669 sue
1696 2611 1725 2669 in
1742 2626 1830 2668 carus

128 2700 950 2776 sibiabjectoterrcuecarnisvelamineanteconspectum
1004 2706 1192 2757 conversatus
1202 2701 1312 2775 peregit
1323 2706 1352 2758 et
1362 2701 1493 2758 confiteri
1506 2699 1643 2775 neglexit.
1655 2700 1751 2758 Multa
1760 2716 1832 2773 que·

128 2789 299 2847 universum
314 2788 467 2847 collectum
483 2790 574 2847 scisse
590 2792 734 2847 mundum
750 2796 783 2847 ut
806 2797 949 2848 terrarum
1006 2805 1072 2862 que,
1084 2807 1148 2862 que
1159 2790 1196 2846 ad
1209 2795 1360 2863 peccatum
1371 2791 1517 2864 pertinere
1529 2791 1649 2847 omnino
1662 2790 1830 2864 ignorabat,

130 2883 239 2952 partes,
255 2882 285 2935 et
298 2877 422 2951 populos
445 2883 474 2934 et
494 2880 587 2936 maria
601 2882 656 2936 sub
672 2895 730 2936 uno
745 2884 865 2953 aspectu
880 2898 950 2937 con·
1006 2884 1182 2937 cortracum
1192 2878 1833 2938 cunctatorribititervociferabantsimiltter

129 2971 270 3038 tueretur,
282 2971 383 3023 ettam
400 2983 513 3041 magnas
528 2968 668 3025 claritatis
681 2974 709 3025 ct
723 2969 888 3043 splendoris
900 2988 951 3027 an·
1006 2973 1035 3024 et
1049 2957 1170 3041 maligni
1187 2969 1318 3042 spiritus,
1336 2969 1366 3025 in
1381 2969 1520 3026 omnibus
1542 2974 1738 3026 consonantes
1752 2966 1833 3026 vitiis

130 3057 212 3131 gelos
222 3072 289 3113 eum
300 3073 452 3129 egressum
463 3060 629 3131 decerpere
641 3061 805 3133 suscepisse
819 3064 851 3116 ut
860 3059 953 3118 nulla·
1007 3058 1170 3114 accusando
1184 3062 1212 3114 et
1223 3058 1336 3115 duriter
1344 3058 1576 3127 testificandae
1586 3056 1649 3116 loca
1660 3063 1689 3115 et
1698 3063 1833 3131 tempora

128 3149 217 3203 tanim
226 3162 284 3219 pre
293 3146 384 3202 nimio
394 3147 548 3220 splendore
559 3147 588 3203 in
596 3165 647 3205 eos
657 3149 788 3221 aspicere
797 3150 951 3222 potuisset,
1008 3148 1199 3204 nefandorum
1213 3153 1332 3204 actuum
1347 3153 1554 3217 memorantes,
1566 3149 1679 3217 eadem,
1691 3162 1757 3219 quas
1767 3160 1832 3220 pec·

128 3234 328 3306 Quijocundis
338 3235 512 3293 etcouscnis
522 3237 643 3294 vocibus
654 3239 813 3295 canebant:
828 3223 988 3307 borsines}
1007 3241 1072 3293 cata
1087 3238 1231 3305 dixerunt,
1248 3237 1466 3295 conclamantes
1480 3239 1653 3312 probabant.

127 3339 164 3380 nc
176 3325 209 3380 in
223 3326 268 3380 iro
282 3328 329 3380 tec
343 3340 444 3397 arpena
457 3343 512 3397 mc,
527 3343 615 3399 noque
628 3328 657 3383 io
675 3331 771 3400 surore
793 3331 840 3385 teo
862 3329 950 3385 corri·
1040 3325 1120 3382 Vidit
1141 3343 1257 3399 queque
1282 3326 1322 3383 ibl
1346 3326 1496 3383 bominem
1512 3324 1681 3400 quemdam,
1698 3324 1748 3382 cci
1766 3326 1830 3399 jam

124 3414 187 3486 pios
209 3426 255 3470 roc
278 3413 363 3486 (Psoi.
378 3432 417 3484 v1,
435 3416 472 3487 1).
488 3416 523 3472 Et
542 3416 735 3473 sublevabant
758 3418 789 3473 in
815 3434 890 3489 aere,
907 3418 952 3474 di·
1006 3415 1037 3471 iu
1061 3414 1192 3472 seculari
1219 3416 1321 3472 habitu
1345 3416 1454 3489 degens
1475 3415 1584 3472 vulnus
1608 3414 1726 3485 inflixit,
1743 3426 1830 3487 quem

126 3502 178 3571 xit,
204 3519 344 3572 sursum;
370 3507 399 3559 et
422 3503 452 3558 iu
479 3505 602 3561 circuitu
622 3506 712 3562 tetius
735 3507 839 3563 mundi
854 3508 952 3580 ignem
1006 3503 1102 3561 adbuc
1128 3504 1157 3560 iu
1181 3503 1236 3562 bac
1258 3507 1317 3562 vita
1340 3522 1495 3579 superesse
1519 3504 1662 3561 referebat
1684 3500 1722 3560 ad
1746 3501 1832 3560 testi·

127 3591 278 3648 ardentem
289 3592 474 3661 videbam,et
485 3594 635 3650 flammam
647 3594 797 3651 immense
808 3597 954 3668 magnitu·
1007 3592 1140 3649 monium
1155 3594 1300 3650 melorum
1311 3610 1435 3651 suerum
1448 3594 1620 3660 adductum,
1631 3592 1718 3663 cuius
1730 3606 1833 3649 crusn-

128 3679 207 3736 dinis
218 3679 403 3737 anhelantem
414 3685 443 3737 et
454 3681 624 3738 terribiliter
637 3684 673 3739 ad
685 3684 836 3755 superiora
850 3701 952 3742 ascen·
1007 3688 1100 3740 tatum
1129 3687 1158 3740 et
1190 3688 1293 3755 patens
1326 3683 1432 3739 vulnus
1465 3686 1493 3739 et
1522 3681 1643 3756 saumis
1670 3680 1735 3755 ipse
1763 3696 1833 3755 prc-

129 3767 247 3825 deutsm
262 3785 320 3825 nen
336 3768 421 3824 aliter
440 3784 514 3840 pene
535 3785 625 3842 quum
651 3774 684 3827 ut
708 3773 762 3828 sub
785 3789 843 3829 uno
867 3771 953 3847 globo
1007 3772 1072 3845 pria
1086 3788 1155 3828 voce
1169 3771 1301 3829 clamans
1324 3773 1541 3845 improperabat
1564 3776 1593 3828 et
1616 3770 1785 3844 imputabat
1805 3768 1834 3827 si

60 3868 62 3872 ⁴
129 3857 222 3914 tetius
236 3857 339 3914 mundi
356 3856 524 3913 machinam
540 3859 790 3931 complectentem,
807 3863 864 3920 nisi
889 3880 953 3921 eam
1008 3861 1125 3917 crudele
1154 3861 1238 3918 eliusi
1262 3862 1415 3935 sauguinis
1440 3863 1569 3929 crimcn;
1600 3864 1629 3916 et
1655 3859 1700 3916 sic
1729 3874 1836 3917 cumu-

130 3944 954 4021 sauetusangelusimpressosignosenctaecrucisdhristi
1008 3951 1076 4007 latis
1113 3955 1141 4008 ct
1174 3951 1350 4024 computatis
1387 3949 1547 4008 sceleribus
1585 3948 1701 4021 antiqui
1733 3948 1837 4007 boscos

131 4037 338 4105 compesceret.
348 4034 469 4098 Quande
479 4036 556 4092 euim
570 4036 601 4093 in
614 4038 729 4096 obviam
740 4041 863 4099 minacis
874 4044 954 4100 llam-
1008 4039 1196 4097 affirmabant
1222 4056 1290 4096 eum
1320 4056 1404 4096 reum
1432 4044 1519 4112 atque
1547 4043 1730 4112 peccatorem
1755 4036 1839 4110 juris

131 4137 185 4177 me
197 4121 421 4194 signumerucis
431 4132 622 4196 expresserat,
630 4132 700 4185 tunc
711 4146 819 4202 magua
829 4148 863 4188 ex
872 4136 954 4205 parte
1008 4145 1109 4186 eorum
1134 4133 1162 4184 et
1185 4129 1361 4185 conditionis
1376 4129 1577 4186 indubitanter
1592 4127 1694 4184 livisse.
1710 4124 1840 4185 dcentrs

130 4211 302 4268 decrescens
312 4212 693 4282 reseditctistiusssammae
704 4219 954 4280 terribilissrdore
1009 4225 1119 4291 autem,
1144 4218 1227 4286 dixit,
1252 4224 1425 4276 excusantes
1454 4235 1501 4274 me
1525 4216 1719 4274 clamitabant
1740 4230 1839 4289 parvas

130 4298 306 4356 intolerabili
319 4303 488 4375 torquebar,
499 4304 593 4362 oculis
605 4307 733 4365 maxime
743 4310 914 4368 ardentibus
927 4315 956 4369 et
1007 4309 1131 4365 virtutes
1145 4308 1261 4376 anime,
1279 4325 1353 4381 quas
1367 4324 1420 4381 ego
1435 4307 1526 4364 miser
1538 4305 1660 4379 indigns
1675 4309 1706 4362 st
1725 4304 1840 4378 impar·

130 4388 469 4466 splendorelulgentium
481 4394 637 4466 spirituum
649 4397 955 4458 vehementissimere·
1009 4399 1081 4455 lecte
1097 4397 1204 4471 peregi.
1217 4398 1354 4462 Quadam
1365 4398 1469 4453 dicunt
1483 4413 1489 4451 :
1507 4397 1564 4469 lige
1578 4412 1645 4452 sum
1655 4392 1838 4468 obedientia,

130 4479 405 4551 verberatus‚donec
417 4482 704 4556 splendidoevisienis
715 4488 837 4560 angelus
849 4507 954 4547 manus
1010 4504 1099 4560 quarn
1114 4486 1280 4543 senioribus
1296 4485 1500 4558 spiritualibus
1514 4483 1661 4561 exhibuit3
1678 4482 1839 4556 quedam:

131 4584 190 4626 sue
201 4569 389 4641 impositione
400 4578 488 4644 caput
504 4588 602 4630 meum
617 4575 701 4646 quasi
718 4582 875 4651 protegens
889 4584 953 4636 tan·
970 4596 994 4661 Ι)
1009 4579 1068 4652 ligo
1081 4576 1240 4650 jejunium,
1253 4592 1308 4646 quo
1320 4592 1426 4648 cerpus
1442 4591 1530 4632 suum
1541 4578 1643 4631 contra
1653 4570 1839 4630 desiderium

131 4657 219 4732 gebat
232 4663 261 4715 et
275 4675 322 4716 me
336 4677 353 4716 a
366 4658 484 4718 lesione
500 4662 687 4720 flammarum
701 4670 800 4723 tutum
816 4668 952 4725 reddidit.
1009 4666 1105 4723 carnis
1121 4682 1257 4739 pugnans
1272 4665 1442 4738 castigavit3
1460 4664 1518 4721 alia
1534 4682 1541 4720 :
1566 4664 1625 4737 Ego
1640 4661 1735 4719 oratio
1751 4676 1838 4736 pura,

165 4747 307 4804 Praeterea
322 4750 466 4807 referebat
487 4751 537 4808 ille
561 4753 591 4807 iu
617 4755 759 4828 temporis
775 4758 879 4829 spatie,
897 4775 954 4831 quo
1010 4774 1098 4831 quam
1115 4756 1261 4813 alludebat
1284 4755 1313 4810 in
1338 4759 1494 4828 conspectu
1510 4753 1647 4820 Domini;
1668 4750 1751 4808 alia:
1777 4748 1850 4825 lige

131 4840 213 4893 extra
227 4852 334 4909 corpus
344 4838 409 4907 init,
421 4844 482 4896 tam
494 4857 631 4914 magnam
643 4845 809 4902 animarum
824 4848 954 4921 migran·
1010 4864 1076 4903 sum
1087 4846 1262 4918 obsequium
1274 4845 1472 4916 intirmorum,
1484 4843 1561 4916 quod
1573 4840 1836 4914 clementerasgsc*

129 4924 206 4980 tium
222 4926 257 4981 dc
273 4942 395 4999 corpere
410 4929 640 4999 multitudinem,
652 4934 733 5007 illuc,
745 4937 794 4991 ubi
810 4937 873 5009 ipse
887 4938 953 5007 t'uit,
1008 4936 1140 4993 tentibus
1155 4934 1306 5003 exhibuit;
1323 4934 1458 5007 quadam
1476 4949 1483 4989 :
1510 4934 1570 5006 ligo
1596 4946 1663 4988 sum
1690 4928 1833 5002 passmus,

130 5013 312 5087 convenisse,
320 5021 459 5088 quantam
469 5020 560 5076 totius
571 5021 693 5078 humani
704 5026 819 5097 generis
829 5026 858 5082 in
869 5027 955 5084 terris
1010 5042 1096 5098 quem
1113 5042 1164 5097 pro
1180 5024 1279 5080 odioso
1295 5039 1430 5079 sermone
1444 5020 1630 5079 satisfaciens
1643 5020 1705 5077 lise
1720 5016 1833 5093 cecinit,

130 5119 189 5160 uon
204 5103 297 5161 luisse
312 5110 398 5162 antea
414 5108 603 5166 existimaret.
619 5114 867 5172 Innumerabilem
882 5134 954 5191 quo·
1009 5119 1036 5170 ct
1061 5113 1102 5169 sic
1128 5129 1311 5185 unaqueque
1334 5112 1427 5168 virtus
1452 5115 1552 5167 contre
1579 5107 1719 5166 amulum
1747 5114 1833 5167 suun

101 5258 104 5263 ¹
130 5208 187 5264 qus
197 5192 396 5268 malignorum
410 5197 569 5269 spirituum
582 5199 776 5270 turbam,nec
788 5221 844 5260 non
857 5211 885 5261 et
895 5205 954 5262 clu·
1010 5206 1161 5275 peccatum
1187 5202 1352 5258 excusando
1377 5217 1424 5257 me
1447 5200 1626 5257 clamitabat.
1651 5200 1687 5255 lit
1711 5196 1768 5255 has
1793 5194 1839 5255 tltr

132 5280 283 5340 rissimum
300 5284 421 5342 eborum
438 5287 623 5359 superiorum
639 5290 809 5363 angelorum
825 5296 955 5352 adibisss
1009 5293 1160 5348 immensae
1176 5291 1316 5347 claritatis
1332 5289 1456 5363 angelici
1471 5288 1594 5363 spiritus
1618 5284 1835 5360 magnificando

130 5372 268 5441 narravit,
280 5378 309 5429 ct
323 5375 482 5433 maximam
499 5376 576 5433 intre
592 5394 623 5433 se
636 5378 816 5439 miserrimos
831 5385 955 5456 spiritus
1009 5381 1197 5437 detrudentes
1213 5396 1260 5436 mo
1275 5380 1474 5447 affirmabant,
1490 5384 1518 5436 et
1540 5380 1602 5434 ista
1616 5376 1743 5433 virtutes
1767 5376 1837 5433 ubi·

131 5461 160 5515 et
175 5465 292 5518 sanctos
307 5464 427 5536 angelos
451 5466 487 5521 de
513 5465 669 5523 animabus
688 5471 904 5543 egredientibus
919 5474 955 5529 de
1009 5490 1097 5529 voram
1114 5471 1195 5527 valdo
1211 5475 1322 5537 macte,
1339 5475 1368 5526 ct
1384 5469 1475 5526 multo
1491 5471 1617 5541 majores
1639 5468 1668 5524 st
1691 5462 1837 5524 exsatien-

130 5564 251 5622 corpore
277 5552 506 5624 disputationem
533 5552 681 5629 habuisse,
698 5560 844 5619 demones
869 5580 954 5620 nccu·
1008 5560 1097 5617 tiores
1112 5576 1176 5617 esse
1190 5560 1264 5617 mihi
1279 5559 1454 5616 videbantur
1467 5574 1556 5630 quam
1572 5572 1706 5631 unquam
1719 5554 1839 5617 dubus

127 5638 453 5713 sandostpeccatorum
464 5644 580 5715 pondus
591 5648 876 5726 gravandqangelos
886 5669 953 5709 vero
1009 5649 1082 5707 meis
1097 5650 1185 5723 digne
1201 5652 1372 5723 perpetrate
1386 5646 1523 5707 finissent.
