<?xml version="1.0" encoding="UTF-8"?>
<!DOCTYPE html PUBLIC "-//W3C//DTD XHTML 1.0 Transitional//EN"
    "http://www.w3.org/TR/xhtml1/DTD/xhtml1-transitional.dtd">
<html xmlns="http://www.w3.org/1999/xhtml" xml:lang="en" lang="en">
 <head>
  <title>
</title>
<meta http-equiv="Content-Type" content="text/html;charset=utf-8" />
  <meta name='ocr-system' content='tesseract 3.04.00' />
  <meta name='ocr-capabilities' content='ocr_page ocr_carea ocr_par ocr_line ocrx_word'/>
</head>
<body>
  <div class='ocr_page' id='page_1' title='image "./patrologiaecurs01unkngoog_0486.png"; bbox 0 0 3892 6096; ppageno 0'>
   <div class='ocr_carea' id='block_1_1' title="bbox 113 242 1811 342">
    <p class='ocr_par' dir='ltr' id='par_1_1' title="bbox 113 242 1811 342">
     <span class='ocr_line' id='line_1_1' title="bbox 113 242 1811 342; baseline -0.009 0"><span class='ocrx_word' id='word_1_1' title='bbox 113 280 172 342; x_wconf 81' lang='lat' dir='ltr'>ecs</span> <span class='ocrx_word' id='word_1_2' title='bbox 640 272 672 331; x_wconf 85' lang='lat' dir='ltr'>s.</span> <span class='ocrx_word' id='word_1_3' title='bbox 695 270 859 333; x_wconf 81' lang='lat' dir='ltr'>rosuurs</span> <span class='ocrx_word' id='word_1_4' title='bbox 878 242 1105 332; x_wconf 75' lang='lat' dir='ltr'>&#39;cuononem</span> <span class='ocrx_word' id='word_1_5' title='bbox 1127 268 1295 331; x_wconf 77' lang='lat' dir='ltr'>assius</span> <span class='ocrx_word' id='word_1_6' title='bbox 1393 294 1395 298; x_wconf 24' lang='grc' dir='ltr'><strong><em>ι</em></strong></span> <span class='ocrx_word' id='word_1_7' title='bbox 1758 266 1811 327; x_wconf 83' lang='lat' dir='ltr'>aar</span> 
     </span>
    </p>
   </div>
   <div class='ocr_carea' id='block_1_2' title="bbox 112 397 1818 3764">
    <p class='ocr_par' dir='ltr' id='par_1_2' title="bbox 112 397 1818 3764">
     <span class='ocr_line' id='line_1_2' title="bbox 114 397 1812 477; baseline -0.009 -9"><span class='ocrx_word' id='word_1_8' title='bbox 114 412 203 468; x_wconf 91' lang='lat' dir='ltr'>ctoris</span> <span class='ocrx_word' id='word_1_9' title='bbox 223 409 310 476; x_wconf 88' lang='lat' dir='ltr'>nosti,</span> <span class='ocrx_word' id='word_1_10' title='bbox 326 406 479 470; x_wconf 90' lang='lat' dir='ltr'>auditoris,</span> <span class='ocrx_word' id='word_1_11' title='bbox 495 420 528 461; x_wconf 89' lang='lat' dir='ltr'>sc</span> <span class='ocrx_word' id='word_1_12' title='bbox 543 404 579 460; x_wconf 89' lang='lat' dir='ltr'>de</span> <span class='ocrx_word' id='word_1_13' title='bbox 593 402 821 477; x_wconf 81' lang='lat' dir='ltr'><strong>congregatione</strong></span> <span class='ocrx_word' id='word_1_14' title='bbox 837 405 938 458; x_wconf 90' lang='lat' dir='ltr'>nostra</span> <span class='ocrx_word' id='word_1_15' title='bbox 952 403 978 470; x_wconf 76' lang='grc' dir='ltr'><strong>Α</strong></span> <span class='ocrx_word' id='word_1_16' title='bbox 994 401 1346 473; x_wconf 84' lang='lat' dir='ltr'>uastariiscouvenerunt,</span> <span class='ocrx_word' id='word_1_17' title='bbox 1359 405 1392 457; x_wconf 93' lang='lat' dir='ltr'>ut</span> <span class='ocrx_word' id='word_1_18' title='bbox 1402 401 1431 456; x_wconf 90' lang='lat' dir='ltr'>in</span> <span class='ocrx_word' id='word_1_19' title='bbox 1446 400 1563 474; x_wconf 86' lang='lat' dir='ltr'>longine</span> <span class='ocrx_word' id='word_1_20' title='bbox 1573 414 1664 472; x_wconf 91' lang='lat' dir='ltr'>quem</span> <span class='ocrx_word' id='word_1_21' title='bbox 1676 397 1741 454; x_wconf 85' lang='lat' dir='ltr'>fleri</span> <span class='ocrx_word' id='word_1_22' title='bbox 1751 414 1812 470; x_wconf 90' lang='lat' dir='ltr'>pos·</span> 
     </span>
     <span class='ocr_line' id='line_1_3' title="bbox 114 491 1812 572; baseline -0.009 -15"><span class='ocrx_word' id='word_1_23' title='bbox 114 500 223 572; x_wconf 90' lang='lat' dir='ltr'>optime</span> <span class='ocrx_word' id='word_1_24' title='bbox 239 495 344 562; x_wconf 88' lang='lat' dir='ltr'>meriti,</span> <span class='ocrx_word' id='word_1_25' title='bbox 358 493 443 550; x_wconf 92' lang='lat' dir='ltr'>nobis</span> <span class='ocrx_word' id='word_1_26' title='bbox 459 492 627 565; x_wconf 88' lang='lat' dir='ltr'>impertitus</span> <span class='ocrx_word' id='word_1_27' title='bbox 637 497 691 548; x_wconf 90' lang='lat' dir='ltr'>eet.</span> <span class='ocrx_word' id='word_1_28' title='bbox 703 491 775 547; x_wconf 90' lang='lat' dir='ltr'>Nam</span> <span class='ocrx_word' id='word_1_29' title='bbox 787 507 854 547; x_wconf 90' lang='lat' dir='ltr'>cnm</span> <span class='ocrx_word' id='word_1_30' title='bbox 866 507 937 547; x_wconf 91' lang='lat' dir='ltr'>con·</span> <span class='ocrx_word' id='word_1_31' title='bbox 992 495 1046 562; x_wconf 88' lang='lat' dir='ltr'>set,</span> <span class='ocrx_word' id='word_1_32' title='bbox 1062 493 1266 548; x_wconf 78' lang='lat' dir='ltr'>extenderetur</span> <span class='ocrx_word' id='word_1_33' title='bbox 1281 491 1437 564; x_wconf 81' lang='lat' dir='ltr'>processio.</span> <span class='ocrx_word' id='word_1_34' title='bbox 1453 491 1646 546; x_wconf 82' lang='lat' dir='ltr'>invitavimus</span> <span class='ocrx_word' id='word_1_35' title='bbox 1661 503 1730 543; x_wconf 90' lang='lat' dir='ltr'>vero</span> <span class='ocrx_word' id='word_1_36' title='bbox 1746 505 1812 560; x_wconf 83' lang='lat' dir='ltr'>prs·</span> 
     </span>
     <span class='ocr_line' id='line_1_4' title="bbox 114 575 1813 654; baseline -0.006 -10"><span class='ocrx_word' id='word_1_37' title='bbox 114 590 274 644; x_wconf 88' lang='lat' dir='ltr'>sideratum</span> <span class='ocrx_word' id='word_1_38' title='bbox 286 583 381 651; x_wconf 86' lang='lat' dir='ltr'>luerit,</span> <span class='ocrx_word' id='word_1_39' title='bbox 394 582 423 638; x_wconf 93' lang='lat' dir='ltr'>in</span> <span class='ocrx_word' id='word_1_40' title='bbox 436 582 583 654; x_wconf 79' lang='lat' dir='ltr'>insignem</span> <span class='ocrx_word' id='word_1_41' title='bbox 596 580 792 640; x_wconf 78' lang='lat' dir='ltr'>solemnitatis</span> <span class='ocrx_word' id='word_1_42' title='bbox 803 581 936 637; x_wconf 83' lang='lat' dir='ltr'>decorem</span> <span class='ocrx_word' id='word_1_43' title='bbox 992 580 1086 637; x_wconf 90' lang='lat' dir='ltr'>dictos</span> <span class='ocrx_word' id='word_1_44' title='bbox 1099 581 1258 637; x_wconf 89' lang='lat' dir='ltr'>monachos</span> <span class='ocrx_word' id='word_1_45' title='bbox 1268 581 1457 638; x_wconf 79' lang='lat' dir='ltr'>cassinenses</span> <span class='ocrx_word' id='word_1_46' title='bbox 1470 583 1498 635; x_wconf 90' lang='lat' dir='ltr'>et</span> <span class='ocrx_word' id='word_1_47' title='bbox 1509 578 1593 644; x_wconf 90' lang='lat' dir='ltr'>alios,</span> <span class='ocrx_word' id='word_1_48' title='bbox 1608 577 1681 649; x_wconf 88' lang='lat' dir='ltr'>quia</span> <span class='ocrx_word' id='word_1_49' title='bbox 1690 575 1813 634; x_wconf 81' lang='lat' dir='ltr'>similem</span> 
     </span>
     <span class='ocr_line' id='line_1_5' title="bbox 114 666 1814 745; baseline -0.005 -13"><span class='ocrx_word' id='word_1_50' title='bbox 114 690 278 739; x_wconf 90' lang='lat' dir='ltr'>cessurum,</span> <span class='ocrx_word' id='word_1_51' title='bbox 293 672 318 728; x_wconf 92' lang='lat' dir='ltr'>si</span> <span class='ocrx_word' id='word_1_52' title='bbox 340 672 473 738; x_wconf 84' lang='lat' dir='ltr'>abbates,</span> <span class='ocrx_word' id='word_1_53' title='bbox 489 671 540 745; x_wconf 90' lang='lat' dir='ltr'>qui</span> <span class='ocrx_word' id='word_1_54' title='bbox 556 670 734 743; x_wconf 81' lang='lat' dir='ltr'>processioni</span> <span class='ocrx_word' id='word_1_55' title='bbox 751 670 936 737; x_wconf 82' lang='lat' dir='ltr'>interessent,</span> <span class='ocrx_word' id='word_1_56' title='bbox 992 673 1109 741; x_wconf 76' lang='lat' dir='ltr'>gestent</span> <span class='ocrx_word' id='word_1_57' title='bbox 1119 675 1224 726; x_wconf 78' lang='lat' dir='ltr'>nostre</span> <span class='ocrx_word' id='word_1_58' title='bbox 1235 669 1397 738; x_wconf 88' lang='lat' dir='ltr'>cucullam;</span> <span class='ocrx_word' id='word_1_59' title='bbox 1411 685 1464 726; x_wconf 87' lang='lat' dir='ltr'>nec</span> <span class='ocrx_word' id='word_1_60' title='bbox 1474 669 1552 725; x_wconf 90' lang='lat' dir='ltr'>enim</span> <span class='ocrx_word' id='word_1_61' title='bbox 1564 666 1665 723; x_wconf 78' lang='lat' dir='ltr'>livraeo</span> <span class='ocrx_word' id='word_1_62' title='bbox 1680 667 1814 739; x_wconf 86' lang='lat' dir='ltr'>varioque</span> 
     </span>
     <span class='ocr_line' id='line_1_6' title="bbox 113 755 1814 834; baseline -0.004 -16"><span class='ocrx_word' id='word_1_63' title='bbox 113 763 200 819; x_wconf 90' lang='lat' dir='ltr'>mitra</span> <span class='ocrx_word' id='word_1_64' title='bbox 210 766 372 834; x_wconf 89' lang='lat' dir='ltr'>uterentur,</span> <span class='ocrx_word' id='word_1_65' title='bbox 381 761 582 834; x_wconf 90' lang='lat' dir='ltr'>placueritque</span> <span class='ocrx_word' id='word_1_66' title='bbox 593 759 764 833; x_wconf 87' lang='lat' dir='ltr'>hujusmodi</span> <span class='ocrx_word' id='word_1_67' title='bbox 774 759 939 816; x_wconf 89' lang='lat' dir='ltr'>considera·</span> <span class='ocrx_word' id='word_1_68' title='bbox 993 758 1100 815; x_wconf 91' lang='lat' dir='ltr'>amictu</span> <span class='ocrx_word' id='word_1_69' title='bbox 1126 759 1288 815; x_wconf 81' lang='lat' dir='ltr'>faciendam</span> <span class='ocrx_word' id='word_1_70' title='bbox 1311 759 1449 814; x_wconf 85' lang='lat' dir='ltr'>duximus</span> <span class='ocrx_word' id='word_1_71' title='bbox 1464 756 1697 829; x_wconf 91' lang='lat' dir='ltr'>processionem,</span> <span class='ocrx_word' id='word_1_72' title='bbox 1713 755 1773 811; x_wconf 83' lang='lat' dir='ltr'>lore</span> <span class='ocrx_word' id='word_1_73' title='bbox 1784 761 1814 812; x_wconf 90' lang='lat' dir='ltr'>ut</span> 
     </span>
     <span class='ocr_line' id='line_1_7' title="bbox 112 843 1813 923; baseline -0.004 -15"><span class='ocrx_word' id='word_1_74' title='bbox 112 852 152 909; x_wconf 88' lang='lat' dir='ltr'>tio</span> <span class='ocrx_word' id='word_1_75' title='bbox 179 856 210 907; x_wconf 86' lang='lat' dir='ltr'>D.</span> <span class='ocrx_word' id='word_1_76' title='bbox 236 850 382 908; x_wconf 75' lang='lat' dir='ltr'>cardinali</span> <span class='ocrx_word' id='word_1_77' title='bbox 407 849 573 923; x_wconf 86' lang='lat' dir='ltr'>protectori,</span> <span class='ocrx_word' id='word_1_78' title='bbox 590 854 618 905; x_wconf 89' lang='lat' dir='ltr'>et</span> <span class='ocrx_word' id='word_1_79' title='bbox 637 848 775 920; x_wconf 80' lang='lat' dir='ltr'>praedicto</span> <span class='ocrx_word' id='word_1_80' title='bbox 789 848 938 921; x_wconf 89' lang='lat' dir='ltr'>episcopo,</span> <span class='ocrx_word' id='word_1_81' title='bbox 992 848 1087 920; x_wconf 88' lang='lat' dir='ltr'>magis</span> <span class='ocrx_word' id='word_1_82' title='bbox 1108 847 1235 920; x_wconf 82' lang='lat' dir='ltr'>placeret</span> <span class='ocrx_word' id='word_1_83' title='bbox 1259 853 1288 904; x_wconf 91' lang='lat' dir='ltr'>et</span> <span class='ocrx_word' id='word_1_84' title='bbox 1311 848 1404 919; x_wconf 92' lang='lat' dir='ltr'>magis</span> <span class='ocrx_word' id='word_1_85' title='bbox 1428 849 1602 919; x_wconf 72' lang='lat' dir='ltr'>congrmret</span> <span class='ocrx_word' id='word_1_86' title='bbox 1617 843 1813 913; x_wconf 77' lang='lat' dir='ltr'>uniformitas,</span> 
     </span>
     <span class='ocr_line' id='line_1_8' title="bbox 112 936 1135 1010; baseline -0.007 -11"><span class='ocrx_word' id='word_1_87' title='bbox 112 940 284 999; x_wconf 85' lang='lat' dir='ltr'>Celsitudini</span> <span class='ocrx_word' id='word_1_88' title='bbox 310 957 369 997; x_wconf 79' lang='lat' dir='ltr'>sue</span> <span class='ocrx_word' id='word_1_89' title='bbox 392 939 653 996; x_wconf 83' lang='lat' dir='ltr'>Reverendissimoe</span> <span class='ocrx_word' id='word_1_90' title='bbox 668 937 806 1004; x_wconf 87' lang='lat' dir='ltr'>auditori,</span> <span class='ocrx_word' id='word_1_91' title='bbox 821 937 940 1010; x_wconf 86' lang='lat' dir='ltr'>scripsit</span> <span class='ocrx_word' id='word_1_92' title='bbox 992 936 1135 992; x_wconf 89' lang='lat' dir='ltr'>arbitrati.</span> 
     </span>
     <span class='ocr_line' id='line_1_9' title="bbox 112 1021 1813 1099; baseline -0.004 -12"><span class='ocrx_word' id='word_1_93' title='bbox 112 1030 160 1087; x_wconf 89' lang='lat' dir='ltr'>bic</span> <span class='ocrx_word' id='word_1_94' title='bbox 175 1047 209 1087; x_wconf 86' lang='lat' dir='ltr'>ea</span> <span class='ocrx_word' id='word_1_95' title='bbox 232 1031 268 1086; x_wconf 92' lang='lat' dir='ltr'>de</span> <span class='ocrx_word' id='word_1_96' title='bbox 293 1046 324 1086; x_wconf 86' lang='lat' dir='ltr'>rs</span> <span class='ocrx_word' id='word_1_97' title='bbox 338 1029 461 1086; x_wconf 85' lang='lat' dir='ltr'>Romam</span> <span class='ocrx_word' id='word_1_98' title='bbox 478 1028 513 1084; x_wconf 89' lang='lat' dir='ltr'>ad</span> <span class='ocrx_word' id='word_1_99' title='bbox 530 1029 683 1099; x_wconf 80' lang='lat' dir='ltr'>prelatum</span> <span class='ocrx_word' id='word_1_100' title='bbox 699 1025 938 1083; x_wconf 88' lang='lat' dir='ltr'>lllustrissimum</span> <span class='ocrx_word' id='word_1_101' title='bbox 1026 1025 1053 1081; x_wconf 82' lang='lat' dir='ltr'>P.</span> <span class='ocrx_word' id='word_1_102' title='bbox 1071 1045 1086 1075; x_wconf 88' lang='lat'>«</span> <span class='ocrx_word' id='word_1_103' title='bbox 1102 1029 1172 1081; x_wconf 84' lang='lat' dir='ltr'>Dato</span> <span class='ocrx_word' id='word_1_104' title='bbox 1183 1025 1281 1096; x_wconf 88' lang='lat' dir='ltr'>itaque</span> <span class='ocrx_word' id='word_1_105' title='bbox 1291 1023 1485 1097; x_wconf 89' lang='lat' dir='ltr'>processionis</span> <span class='ocrx_word' id='word_1_106' title='bbox 1494 1024 1580 1096; x_wconf 84' lang='lat' dir='ltr'>signo</span> <span class='ocrx_word' id='word_1_107' title='bbox 1593 1023 1631 1080; x_wconf 86' lang='lat' dir='ltr'>ud</span> <span class='ocrx_word' id='word_1_108' title='bbox 1642 1039 1693 1079; x_wconf 87' lang='lat' dir='ltr'>xvr</span> <span class='ocrx_word' id='word_1_109' title='bbox 1703 1021 1813 1092; x_wconf 88' lang='lat' dir='ltr'>boram,</span> 
     </span>
     <span class='ocr_line' id='line_1_10' title="bbox 113 1111 1815 1192; baseline -0.004 -16"><span class='ocrx_word' id='word_1_110' title='bbox 113 1119 378 1192; x_wconf 89' lang='lat' dir='ltr'>archiepiscopum,</span> <span class='ocrx_word' id='word_1_111' title='bbox 390 1118 451 1190; x_wconf 91' lang='lat' dir='ltr'>qni,</span> <span class='ocrx_word' id='word_1_112' title='bbox 464 1119 499 1173; x_wconf 87' lang='lat' dir='ltr'>sd</span> <span class='ocrx_word' id='word_1_113' title='bbox 515 1119 578 1188; x_wconf 86' lang='lat' dir='ltr'>ejus</span> <span class='ocrx_word' id='word_1_114' title='bbox 590 1117 809 1174; x_wconf 82' lang='lat' dir='ltr'>efficacissimas</span> <span class='ocrx_word' id='word_1_115' title='bbox 825 1116 938 1172; x_wconf 89' lang='lat' dir='ltr'>instan·</span> <span class='ocrx_word' id='word_1_116' title='bbox 991 1114 1046 1172; x_wconf 90' lang='lat' dir='ltr'>boc</span> <span class='ocrx_word' id='word_1_117' title='bbox 1061 1113 1162 1172; x_wconf 91' lang='lat' dir='ltr'>ordine</span> <span class='ocrx_word' id='word_1_118' title='bbox 1176 1120 1304 1188; x_wconf 81' lang='lat' dir='ltr'>emptum</span> <span class='ocrx_word' id='word_1_119' title='bbox 1319 1119 1372 1171; x_wconf 87' lang='lat' dir='ltr'>est.</span> <span class='ocrx_word' id='word_1_120' title='bbox 1383 1114 1482 1169; x_wconf 88' lang='lat' dir='ltr'>Primo</span> <span class='ocrx_word' id='word_1_121' title='bbox 1497 1112 1671 1170; x_wconf 84' lang='lat' dir='ltr'>execclesia</span> <span class='ocrx_word' id='word_1_122' title='bbox 1684 1111 1815 1184; x_wconf 76' lang='lat' dir='ltr'>predicte</span> 
     </span>
     <span class='ocr_line' id='line_1_11' title="bbox 112 1201 1817 1279; baseline -0.003 -15"><span class='ocrx_word' id='word_1_123' title='bbox 112 1205 937 1279; x_wconf 83' lang='lat' dir='ltr'>tiasinclinatus,permisitabbatibue,procsssiouiprs·</span> <span class='ocrx_word' id='word_1_124' title='bbox 992 1204 1022 1262; x_wconf 92' lang='lat' dir='ltr'>S.</span> <span class='ocrx_word' id='word_1_125' title='bbox 1048 1203 1189 1277; x_wconf 77' lang='lat' dir='ltr'>Gregorii,</span> <span class='ocrx_word' id='word_1_126' title='bbox 1205 1204 1255 1261; x_wconf 91' lang='lat' dir='ltr'>ubi</span> <span class='ocrx_word' id='word_1_127' title='bbox 1281 1203 1419 1259; x_wconf 89' lang='lat' dir='ltr'>adunatio</span> <span class='ocrx_word' id='word_1_128' title='bbox 1445 1203 1522 1259; x_wconf 86' lang='lat' dir='ltr'>facta</span> <span class='ocrx_word' id='word_1_129' title='bbox 1547 1202 1657 1267; x_wconf 87' lang='lat' dir='ltr'>luerat,</span> <span class='ocrx_word' id='word_1_130' title='bbox 1683 1201 1817 1259; x_wconf 79' lang='lat' dir='ltr'>discessit</span> 
     </span>
     <span class='ocr_line' id='line_1_12' title="bbox 113 1291 1817 1367; baseline -0.002 -14"><span class='ocrx_word' id='word_1_131' title='bbox 113 1297 196 1353; x_wconf 80' lang='lat' dir='ltr'>dictae</span> <span class='ocrx_word' id='word_1_132' title='bbox 211 1295 405 1366; x_wconf 83' lang='lat' dir='ltr'>interfuturis,</span> <span class='ocrx_word' id='word_1_133' title='bbox 422 1295 515 1351; x_wconf 73' lang='lat' dir='ltr'>mitras</span> <span class='ocrx_word' id='word_1_134' title='bbox 531 1311 640 1362; x_wconf 90' lang='lat' dir='ltr'>usum;</span> <span class='ocrx_word' id='word_1_135' title='bbox 664 1299 752 1367; x_wconf 86' lang='lat' dir='ltr'>utque</span> <span class='ocrx_word' id='word_1_136' title='bbox 768 1292 937 1366; x_wconf 86' lang='lat' dir='ltr'>hujusmodi</span> <span class='ocrx_word' id='word_1_137' title='bbox 991 1291 1127 1349; x_wconf 89' lang='lat' dir='ltr'>vexillum</span> <span class='ocrx_word' id='word_1_138' title='bbox 1139 1293 1168 1349; x_wconf 90' lang='lat' dir='ltr'>S.</span> <span class='ocrx_word' id='word_1_139' title='bbox 1181 1292 1343 1359; x_wconf 76' lang='lat' dir='ltr'>Trinitatis,</span> <span class='ocrx_word' id='word_1_140' title='bbox 1355 1295 1421 1364; x_wconf 92' lang='lat' dir='ltr'>post</span> <span class='ocrx_word' id='word_1_141' title='bbox 1431 1291 1509 1364; x_wconf 92' lang='lat' dir='ltr'>qnod</span> <span class='ocrx_word' id='word_1_142' title='bbox 1525 1291 1707 1348; x_wconf 86' lang='lat' dir='ltr'>incedebant</span> <span class='ocrx_word' id='word_1_143' title='bbox 1721 1307 1817 1349; x_wconf 82' lang='lat' dir='ltr'>omnes</span> 
     </span>
     <span class='ocr_line' id='line_1_13' title="bbox 112 1379 1815 1458; baseline -0.003 -17"><span class='ocrx_word' id='word_1_144' title='bbox 112 1383 316 1458; x_wconf 87' lang='lat' dir='ltr'>permissionis</span> <span class='ocrx_word' id='word_1_145' title='bbox 327 1383 483 1455; x_wconf 80' lang='lat' dir='ltr'>litterae‚ab</span> <span class='ocrx_word' id='word_1_146' title='bbox 494 1383 757 1456; x_wconf 85' lang='lat' dir='ltr'>archiepiscopoad</span> <span class='ocrx_word' id='word_1_147' title='bbox 767 1383 937 1455; x_wconf 90' lang='lat' dir='ltr'>episcopum</span> <span class='ocrx_word' id='word_1_148' title='bbox 993 1382 1122 1454; x_wconf 79' lang='lat' dir='ltr'>predicti</span> <span class='ocrx_word' id='word_1_149' title='bbox 1139 1382 1274 1439; x_wconf 90' lang='lat' dir='ltr'>monachi</span> <span class='ocrx_word' id='word_1_150' title='bbox 1289 1397 1355 1438; x_wconf 91' lang='lat' dir='ltr'>oum</span> <span class='ocrx_word' id='word_1_151' title='bbox 1371 1382 1433 1437; x_wconf 84' lang='lat' dir='ltr'>lace</span> <span class='ocrx_word' id='word_1_152' title='bbox 1448 1396 1530 1436; x_wconf 85' lang='lat' dir='ltr'>cerea</span> <span class='ocrx_word' id='word_1_153' title='bbox 1544 1379 1660 1437; x_wconf 88' lang='lat' dir='ltr'>Veneta</span> <span class='ocrx_word' id='word_1_154' title='bbox 1674 1395 1815 1437; x_wconf 68' lang='lat' dir='ltr'>accensu</span> 
     </span>
     <span class='ocr_line' id='line_1_14' title="bbox 113 1467 1818 1543; baseline -0.003 -12"><span class='ocrx_word' id='word_1_155' title='bbox 113 1475 198 1540; x_wconf 81' lang='lat' dir='ltr'>data,</span> <span class='ocrx_word' id='word_1_156' title='bbox 215 1467 390 1530; x_wconf 77' lang='lat' dir='ltr'>Florentiam</span> <span class='ocrx_word' id='word_1_157' title='bbox 406 1473 508 1530; x_wconf 89' lang='lat' dir='ltr'>eedem</span> <span class='ocrx_word' id='word_1_158' title='bbox 523 1472 570 1529; x_wconf 90' lang='lat' dir='ltr'>die</span> <span class='ocrx_word' id='word_1_159' title='bbox 590 1489 658 1528; x_wconf 83' lang='lat' dir='ltr'>xxrr</span> <span class='ocrx_word' id='word_1_160' title='bbox 680 1489 697 1528; x_wconf 87' lang='lat' dir='ltr'>a</span> <span class='ocrx_word' id='word_1_161' title='bbox 721 1470 874 1529; x_wconf 87' lang='lat' dir='ltr'>tabellario</span> <span class='ocrx_word' id='word_1_162' title='bbox 888 1470 937 1529; x_wconf 84' lang='lat' dir='ltr'>Ja·</span> <span class='ocrx_word' id='word_1_163' title='bbox 993 1470 1090 1527; x_wconf 89' lang='lat' dir='ltr'>media</span> <span class='ocrx_word' id='word_1_164' title='bbox 1104 1471 1223 1543; x_wconf 86' lang='lat' dir='ltr'>quidem</span> <span class='ocrx_word' id='word_1_165' title='bbox 1247 1471 1295 1529; x_wconf 79' lang='lat' dir='ltr'>sis</span> <span class='ocrx_word' id='word_1_166' title='bbox 1314 1471 1489 1528; x_wconf 90' lang='lat' dir='ltr'>incedebant</span> <span class='ocrx_word' id='word_1_167' title='bbox 1503 1468 1564 1526; x_wconf 92' lang='lat' dir='ltr'>bini</span> <span class='ocrx_word' id='word_1_168' title='bbox 1578 1487 1586 1538; x_wconf 88' lang='grc'><strong>;</strong></span> <span class='ocrx_word' id='word_1_169' title='bbox 1600 1485 1657 1527; x_wconf 90' lang='lat' dir='ltr'>eos</span> <span class='ocrx_word' id='word_1_170' title='bbox 1681 1473 1780 1527; x_wconf 83' lang='lat' dir='ltr'>sutem</span> <span class='ocrx_word' id='word_1_171' title='bbox 1802 1486 1818 1526; x_wconf 86' lang='lat' dir='ltr'>a</span> 
     </span>
     <span class='ocr_line' id='line_1_15' title="bbox 113 1556 1816 1634; baseline -0.002 -15"><span class='ocrx_word' id='word_1_172' title='bbox 113 1561 219 1619; x_wconf 89' lang='lat' dir='ltr'>nuensi</span> <span class='ocrx_word' id='word_1_173' title='bbox 229 1561 331 1619; x_wconf 81' lang='lat' dir='ltr'>delata</span> <span class='ocrx_word' id='word_1_174' title='bbox 344 1566 460 1630; x_wconf 67' lang='lat' dir='ltr'>suntet</span> <span class='ocrx_word' id='word_1_175' title='bbox 470 1561 506 1618; x_wconf 94' lang='lat' dir='ltr'>ab</span> <span class='ocrx_word' id='word_1_176' title='bbox 518 1560 867 1634; x_wconf 89' lang='lat' dir='ltr'>Illustrissimoepiecopo</span> <span class='ocrx_word' id='word_1_177' title='bbox 877 1563 938 1616; x_wconf 90' lang='lat' dir='ltr'>sta·</span> <span class='ocrx_word' id='word_1_178' title='bbox 993 1559 1103 1616; x_wconf 88' lang='lat' dir='ltr'>dextris</span> <span class='ocrx_word' id='word_1_179' title='bbox 1117 1564 1146 1617; x_wconf 92' lang='lat' dir='ltr'>et</span> <span class='ocrx_word' id='word_1_180' title='bbox 1161 1576 1178 1616; x_wconf 92' lang='lat' dir='ltr'>e</span> <span class='ocrx_word' id='word_1_181' title='bbox 1197 1559 1325 1617; x_wconf 87' lang='lat' dir='ltr'>sinistris</span> <span class='ocrx_word' id='word_1_182' title='bbox 1337 1559 1555 1618; x_wconf 83' lang='lat' dir='ltr'>comitabantur</span> <span class='ocrx_word' id='word_1_183' title='bbox 1569 1557 1678 1616; x_wconf 85' lang='lat' dir='ltr'>lamuli</span> <span class='ocrx_word' id='word_1_184' title='bbox 1691 1556 1816 1616; x_wconf 58' lang='lat' dir='ltr'>cmm</span> 
     </span>
     <span class='ocr_line' id='line_1_16' title="bbox 112 1647 1815 1722; baseline -0.002 -14"><span class='ocrx_word' id='word_1_185' title='bbox 112 1651 167 1708; x_wconf 90' lang='lat' dir='ltr'>tim</span> <span class='ocrx_word' id='word_1_186' title='bbox 177 1649 311 1709; x_wconf 86' lang='lat' dir='ltr'>cenereli</span> <span class='ocrx_word' id='word_1_187' title='bbox 326 1654 426 1708; x_wconf 90' lang='lat' dir='ltr'>nostro</span> <span class='ocrx_word' id='word_1_188' title='bbox 443 1647 633 1722; x_wconf 78' lang='lat' dir='ltr'>participatis,</span> <span class='ocrx_word' id='word_1_189' title='bbox 647 1649 699 1722; x_wconf 92' lang='lat' dir='ltr'>qui</span> <span class='ocrx_word' id='word_1_190' title='bbox 713 1665 832 1706; x_wconf 88' lang='lat' dir='ltr'>summa</span> <span class='ocrx_word' id='word_1_191' title='bbox 846 1647 938 1705; x_wconf 88' lang='lat' dir='ltr'>animi</span> <span class='ocrx_word' id='word_1_192' title='bbox 994 1648 1136 1706; x_wconf 87' lang='lat' dir='ltr'>nobilium</span> <span class='ocrx_word' id='word_1_193' title='bbox 1149 1647 1220 1706; x_wconf 87' lang='lat' dir='ltr'>item</span> <span class='ocrx_word' id='word_1_194' title='bbox 1231 1664 1298 1705; x_wconf 91' lang='lat' dir='ltr'>cum</span> <span class='ocrx_word' id='word_1_195' title='bbox 1310 1647 1467 1706; x_wconf 80' lang='lat' dir='ltr'>cereateee</span> <span class='ocrx_word' id='word_1_196' title='bbox 1474 1662 1608 1706; x_wconf 73' lang='lat' dir='ltr'>mceusa</span> <span class='ocrx_word' id='word_1_197' title='bbox 1621 1647 1815 1705; x_wconf 78' lang='lat' dir='ltr'>Peoeeenten</span> 
     </span>
     <span class='ocr_line' id='line_1_17' title="bbox 114 1734 1815 1811; baseline -0.001 -14"><span class='ocrx_word' id='word_1_198' title='bbox 114 1740 306 1797; x_wconf 88' lang='lat' dir='ltr'>exsultatione</span> <span class='ocrx_word' id='word_1_199' title='bbox 315 1739 462 1810; x_wconf 81' lang='lat' dir='ltr'>ejusmodi</span> <span class='ocrx_word' id='word_1_200' title='bbox 472 1738 612 1795; x_wconf 91' lang='lat' dir='ltr'>nuntium</span> <span class='ocrx_word' id='word_1_201' title='bbox 622 1737 745 1811; x_wconf 88' lang='lat' dir='ltr'>excepit,</span> <span class='ocrx_word' id='word_1_202' title='bbox 752 1736 937 1811; x_wconf 89' lang='lat' dir='ltr'>atquaPetri·</span> <span class='ocrx_word' id='word_1_203' title='bbox 993 1753 1122 1795; x_wconf 80' lang='lat' dir='ltr'>accense</span> <span class='ocrx_word' id='word_1_204' title='bbox 1141 1741 1205 1794; x_wconf 91' lang='lat' dir='ltr'>tum</span> <span class='ocrx_word' id='word_1_205' title='bbox 1224 1737 1435 1795; x_wconf 87' lang='lat' dir='ltr'>monachornm</span> <span class='ocrx_word' id='word_1_206' title='bbox 1448 1739 1514 1794; x_wconf 89' lang='lat' dir='ltr'>tam</span> <span class='ocrx_word' id='word_1_207' title='bbox 1527 1736 1680 1795; x_wconf 77' lang='lat' dir='ltr'>diatonum</span> <span class='ocrx_word' id='word_1_208' title='bbox 1690 1734 1815 1795; x_wconf 75' lang='lat' dir='ltr'>fando·</span> 
     </span>
     <span class='ocr_line' id='line_1_18' title="bbox 114 1825 1814 1900; baseline -0.001 -14"><span class='ocrx_word' id='word_1_209' title='bbox 114 1829 171 1886; x_wconf 91' lang='lat' dir='ltr'>bue</span> <span class='ocrx_word' id='word_1_210' title='bbox 185 1828 324 1885; x_wconf 91' lang='lat' dir='ltr'>omuibus</span> <span class='ocrx_word' id='word_1_211' title='bbox 343 1825 511 1900; x_wconf 86' lang='lat' dir='ltr'>pabllcavit.</span> <span class='ocrx_word' id='word_1_212' title='bbox 993 1843 1059 1883; x_wconf 92' lang='lat' dir='ltr'>rum</span> <span class='ocrx_word' id='word_1_213' title='bbox 1074 1831 1103 1883; x_wconf 91' lang='lat' dir='ltr'>et</span> <span class='ocrx_word' id='word_1_214' title='bbox 1117 1826 1241 1884; x_wconf 90' lang='lat' dir='ltr'>aliorum</span> <span class='ocrx_word' id='word_1_215' title='bbox 1256 1826 1440 1884; x_wconf 76' lang='lat' dir='ltr'>secularium</span> <span class='ocrx_word' id='word_1_216' title='bbox 1455 1830 1540 1883; x_wconf 90' lang='lat' dir='ltr'>erant</span> <span class='ocrx_word' id='word_1_217' title='bbox 1555 1841 1684 1885; x_wconf 75' lang='lat' dir='ltr'>numero</span> <span class='ocrx_word' id='word_1_218' title='bbox 1708 1825 1814 1885; x_wconf 81' lang='lat' dir='ltr'>circiter</span> 
     </span>
     <span class='ocr_line' id='line_1_19' title="bbox 149 1914 1143 1990; baseline -0.001 -17"><span class='ocrx_word' id='word_1_219' title='bbox 149 1918 177 1974; x_wconf 87' lang='lat'>6.</span> <span class='ocrx_word' id='word_1_220' title='bbox 189 1939 204 1969; x_wconf 71' lang='lat' dir='ltr'>a</span> <span class='ocrx_word' id='word_1_221' title='bbox 213 1916 267 1973; x_wconf 89' lang='lat' dir='ltr'>Ubi</span> <span class='ocrx_word' id='word_1_222' title='bbox 277 1919 463 1974; x_wconf 86' lang='lat' dir='ltr'>sacrosancta</span> <span class='ocrx_word' id='word_1_223' title='bbox 471 1915 567 1990; x_wconf 90' lang='lat' dir='ltr'>imago</span> <span class='ocrx_word' id='word_1_224' title='bbox 577 1916 606 1971; x_wconf 94' lang='lat' dir='ltr'>in</span> <span class='ocrx_word' id='word_1_225' title='bbox 615 1914 938 1988; x_wconf 79' lang='lat' dir='ltr'>predictamS.Nioolai</span> <span class='ocrx_word' id='word_1_226' title='bbox 992 1916 1039 1972; x_wconf 92' lang='lat' dir='ltr'>bis</span> <span class='ocrx_word' id='word_1_227' title='bbox 1053 1914 1143 1972; x_wconf 90' lang='lat' dir='ltr'>mille.</span> 
     </span>
     <span class='ocr_line' id='line_1_20' title="bbox 114 2003 1813 2076; baseline 0.001 -13"><span class='ocrx_word' id='word_1_228' title='bbox 114 2004 268 2063; x_wconf 85' lang='lat' dir='ltr'>ecclesiam</span> <span class='ocrx_word' id='word_1_229' title='bbox 287 2004 384 2062; x_wconf 89' lang='lat' dir='ltr'>delata</span> <span class='ocrx_word' id='word_1_230' title='bbox 407 2003 471 2074; x_wconf 83' lang='lat' dir='ltr'>suit,</span> <span class='ocrx_word' id='word_1_231' title='bbox 487 2008 533 2061; x_wconf 90' lang='lat' dir='ltr'>est</span> <span class='ocrx_word' id='word_1_232' title='bbox 557 2003 698 2062; x_wconf 87' lang='lat' dir='ltr'>collocata</span> <span class='ocrx_word' id='word_1_233' title='bbox 722 2020 811 2076; x_wconf 84' lang='lat' dir='ltr'>super</span> <span class='ocrx_word' id='word_1_234' title='bbox 833 2004 940 2060; x_wconf 88' lang='lat' dir='ltr'>thensa</span> <span class='ocrx_word' id='word_1_235' title='bbox 1030 2006 1072 2059; x_wconf 85' lang='lat'>10.</span> <span class='ocrx_word' id='word_1_236' title='bbox 1087 2004 1813 2065; x_wconf 71' lang='lat' dir='ltr'>«Processioautemsicoratnataexdiacseealnu</span> 
     </span>
     <span class='ocr_line' id='line_1_21' title="bbox 115 2090 1811 2166; baseline 0.001 -16"><span class='ocrx_word' id='word_1_237' title='bbox 115 2094 224 2151; x_wconf 91' lang='lat' dir='ltr'>ibidem</span> <span class='ocrx_word' id='word_1_238' title='bbox 234 2098 347 2166; x_wconf 89' lang='lat' dir='ltr'>parata,</span> <span class='ocrx_word' id='word_1_239' title='bbox 358 2099 445 2166; x_wconf 86' lang='lat' dir='ltr'>utque</span> <span class='ocrx_word' id='word_1_240' title='bbox 457 2092 596 2165; x_wconf 86' lang='lat' dir='ltr'>aptatein</span> <span class='ocrx_word' id='word_1_241' title='bbox 607 2092 727 2149; x_wconf 91' lang='lat' dir='ltr'>modum</span> <span class='ocrx_word' id='word_1_242' title='bbox 741 2091 807 2148; x_wconf 88' lang='lat' dir='ltr'>lecti</span> <span class='ocrx_word' id='word_1_243' title='bbox 818 2090 940 2166; x_wconf 91' lang='lat' dir='ltr'>portati·</span> <span class='ocrx_word' id='word_1_244' title='bbox 993 2097 1022 2148; x_wconf 87' lang='lat' dir='ltr'>S.</span> <span class='ocrx_word' id='word_1_245' title='bbox 1038 2091 1169 2166; x_wconf 80' lang='lat' dir='ltr'>Gregorii</span> <span class='ocrx_word' id='word_1_246' title='bbox 1193 2093 1338 2150; x_wconf 88' lang='lat' dir='ltr'>transibat</span> <span class='ocrx_word' id='word_1_247' title='bbox 1362 2092 1609 2151; x_wconf 66' lang='lat' dir='ltr'>subcoelestem</span> <span class='ocrx_word' id='word_1_248' title='bbox 1634 2098 1665 2150; x_wconf 82' lang='lat' dir='ltr'>S.</span> <span class='ocrx_word' id='word_1_249' title='bbox 1690 2094 1811 2165; x_wconf 78' lang='lat' dir='ltr'>Nicolsi3</span> 
     </span>
     <span class='ocr_line' id='line_1_22' title="bbox 115 2180 1809 2257; baseline 0.001 -19"><span class='ocrx_word' id='word_1_250' title='bbox 115 2181 162 2250; x_wconf 88' lang='lat' dir='ltr'>lis,</span> <span class='ocrx_word' id='word_1_251' title='bbox 179 2183 311 2256; x_wconf 89' lang='lat' dir='ltr'>apposito</span> <span class='ocrx_word' id='word_1_252' title='bbox 339 2181 464 2254; x_wconf 87' lang='lat' dir='ltr'>desuper</span> <span class='ocrx_word' id='word_1_253' title='bbox 489 2196 616 2254; x_wconf 92' lang='lat' dir='ltr'>conopeo</span> <span class='ocrx_word' id='word_1_254' title='bbox 636 2180 848 2254; x_wconf 89' lang='lat' dir='ltr'>pretiosissimo</span> <span class='ocrx_word' id='word_1_255' title='bbox 863 2181 939 2237; x_wconf 86' lang='lat' dir='ltr'>circu</span> <span class='ocrx_word' id='word_1_256' title='bbox 994 2182 1169 2254; x_wconf 91' lang='lat' dir='ltr'>procedebat</span> <span class='ocrx_word' id='word_1_257' title='bbox 1182 2199 1249 2239; x_wconf 85' lang='lat' dir='ltr'>vero</span> <span class='ocrx_word' id='word_1_258' title='bbox 1262 2198 1313 2255; x_wconf 92' lang='lat' dir='ltr'>per</span> <span class='ocrx_word' id='word_1_259' title='bbox 1326 2182 1404 2239; x_wconf 86' lang='lat' dir='ltr'>viam</span> <span class='ocrx_word' id='word_1_260' title='bbox 1419 2200 1507 2257; x_wconf 93' lang='lat' dir='ltr'>quam</span> <span class='ocrx_word' id='word_1_261' title='bbox 1522 2183 1809 2241; x_wconf 84' lang='lat' dir='ltr'>dicuntPundaeiuu</span> 
     </span>
     <span class='ocr_line' id='line_1_23' title="bbox 114 2270 1809 2346; baseline 0.001 -19"><span class='ocrx_word' id='word_1_262' title='bbox 114 2271 217 2339; x_wconf 88' lang='lat' dir='ltr'>latera,</span> <span class='ocrx_word' id='word_1_263' title='bbox 233 2274 263 2328; x_wconf 89' lang='lat' dir='ltr'>et</span> <span class='ocrx_word' id='word_1_264' title='bbox 285 2270 314 2326; x_wconf 92' lang='lat' dir='ltr'>iu</span> <span class='ocrx_word' id='word_1_265' title='bbox 334 2270 473 2326; x_wconf 89' lang='lat' dir='ltr'>anteriori</span> <span class='ocrx_word' id='word_1_266' title='bbox 487 2275 569 2343; x_wconf 88' lang='lat' dir='ltr'>parte</span> <span class='ocrx_word' id='word_1_267' title='bbox 584 2275 696 2342; x_wconf 88' lang='lat' dir='ltr'>aperto,</span> <span class='ocrx_word' id='word_1_268' title='bbox 712 2274 744 2326; x_wconf 93' lang='lat' dir='ltr'>ut</span> <span class='ocrx_word' id='word_1_269' title='bbox 759 2286 843 2327; x_wconf 88' lang='lat' dir='ltr'>sacra</span> <span class='ocrx_word' id='word_1_270' title='bbox 856 2286 939 2337; x_wconf 86' lang='lat' dir='ltr'>crux,</span> <span class='ocrx_word' id='word_1_271' title='bbox 993 2271 1023 2327; x_wconf 90' lang='lat' dir='ltr'>S.</span> <span class='ocrx_word' id='word_1_272' title='bbox 1035 2270 1160 2339; x_wconf 85' lang='lat' dir='ltr'>Nicolai;</span> <span class='ocrx_word' id='word_1_273' title='bbox 1172 2271 1240 2328; x_wconf 90' lang='lat' dir='ltr'>inde</span> <span class='ocrx_word' id='word_1_274' title='bbox 1251 2275 1348 2327; x_wconf 76' lang='lat' dir='ltr'>summ</span> <span class='ocrx_word' id='word_1_275' title='bbox 1360 2288 1411 2344; x_wconf 90' lang='lat' dir='ltr'>psr</span> <span class='ocrx_word' id='word_1_276' title='bbox 1424 2272 1502 2329; x_wconf 83' lang='lat' dir='ltr'>siem</span> <span class='ocrx_word' id='word_1_277' title='bbox 1514 2271 1683 2329; x_wconf 89' lang='lat' dir='ltr'>Bardorum</span> <span class='ocrx_word' id='word_1_278' title='bbox 1693 2272 1809 2346; x_wconf 78' lang='lat' dir='ltr'>pervenit</span> 
     </span>
     <span class='ocr_line' id='line_1_24' title="bbox 115 2341 1808 2436; baseline 0.002 -20"><span class='ocrx_word' id='word_1_279' title='bbox 115 2341 792 2432; x_wconf 78' lang='lat' dir='ltr'>intuserecta,posset-apopuloconepici,dum</span> <span class='ocrx_word' id='word_1_280' title='bbox 806 2357 939 2431; x_wconf 85' lang='lat' dir='ltr'>sequenti</span> <span class='ocrx_word' id='word_1_281' title='bbox 994 2360 1030 2416; x_wconf 92' lang='lat' dir='ltr'>ad</span> <span class='ocrx_word' id='word_1_282' title='bbox 1047 2359 1167 2416; x_wconf 85' lang='lat' dir='ltr'>Pontem</span> <span class='ocrx_word' id='word_1_283' title='bbox 1182 2364 1308 2416; x_wconf 89' lang='lat' dir='ltr'>veterem</span> <span class='ocrx_word' id='word_1_284' title='bbox 1332 2365 1362 2417; x_wconf 90' lang='lat' dir='ltr'>et</span> <span class='ocrx_word' id='word_1_285' title='bbox 1386 2361 1422 2417; x_wconf 91' lang='lat' dir='ltr'>ad</span> <span class='ocrx_word' id='word_1_286' title='bbox 1449 2360 1619 2419; x_wconf 88' lang='lat' dir='ltr'>columnam</span> <span class='ocrx_word' id='word_1_287' title='bbox 1638 2366 1670 2418; x_wconf 90' lang='lat' dir='ltr'>et</span> <span class='ocrx_word' id='word_1_288' title='bbox 1695 2363 1808 2436; x_wconf 82' lang='lat' dir='ltr'>plateam</span> 
     </span>
     <span class='ocr_line' id='line_1_25' title="bbox 115 2447 1809 2520; baseline 0.001 -15"><span class='ocrx_word' id='word_1_289' title='bbox 115 2464 202 2505; x_wconf 92' lang='lat' dir='ltr'>mans</span> <span class='ocrx_word' id='word_1_290' title='bbox 216 2447 387 2505; x_wconf 91' lang='lat' dir='ltr'>solemniter</span> <span class='ocrx_word' id='word_1_291' title='bbox 400 2447 572 2504; x_wconf 80' lang='lat' dir='ltr'>deterretur.</span> <span class='ocrx_word' id='word_1_292' title='bbox 587 2449 690 2505; x_wconf 86' lang='lat' dir='ltr'>Totam</span> <span class='ocrx_word' id='word_1_293' title='bbox 709 2452 808 2505; x_wconf 91' lang='lat' dir='ltr'>autem</span> <span class='ocrx_word' id='word_1_294' title='bbox 824 2452 939 2504; x_wconf 86' lang='lat' dir='ltr'>noctem</span> <span class='ocrx_word' id='word_1_295' title='bbox 994 2447 1198 2520; x_wconf 81' lang='lat' dir='ltr'>SFelicitatis,</span> <span class='ocrx_word' id='word_1_296' title='bbox 1208 2449 1257 2506; x_wconf 86' lang='lat' dir='ltr'>abi</span> <span class='ocrx_word' id='word_1_297' title='bbox 1267 2453 1350 2506; x_wconf 86' lang='lat' dir='ltr'>erant</span> <span class='ocrx_word' id='word_1_298' title='bbox 1361 2448 1515 2506; x_wconf 84' lang='lat' dir='ltr'>duodecim</span> <span class='ocrx_word' id='word_1_299' title='bbox 1528 2448 1628 2507; x_wconf 89' lang='lat' dir='ltr'>clerici</span> <span class='ocrx_word' id='word_1_300' title='bbox 1639 2449 1725 2507; x_wconf 75' lang='lat' dir='ltr'>dicte</span> <span class='ocrx_word' id='word_1_301' title='bbox 1733 2448 1809 2508; x_wconf 79' lang='lat' dir='ltr'>eccle</span> 
     </span>
     <span class='ocr_line' id='line_1_26' title="bbox 115 2535 1807 2611; baseline 0.001 -19"><span class='ocrx_word' id='word_1_302' title='bbox 115 2536 195 2593; x_wconf 90' lang='lat' dir='ltr'>illem</span> <span class='ocrx_word' id='word_1_303' title='bbox 208 2535 428 2592; x_wconf 90' lang='lat' dir='ltr'>arseruntcerei</span> <span class='ocrx_word' id='word_1_304' title='bbox 444 2536 522 2592; x_wconf 91' lang='lat' dir='ltr'>circa</span> <span class='ocrx_word' id='word_1_305' title='bbox 536 2537 706 2610; x_wconf 81' lang='lat' dir='ltr'>imaginem,</span> <span class='ocrx_word' id='word_1_306' title='bbox 717 2537 754 2593; x_wconf 92' lang='lat' dir='ltr'>ed</span> <span class='ocrx_word' id='word_1_307' title='bbox 769 2537 855 2609; x_wconf 88' lang='lat' dir='ltr'>cujus</span> <span class='ocrx_word' id='word_1_308' title='bbox 869 2537 939 2593; x_wconf 89' lang='lat' dir='ltr'>item</span> <span class='ocrx_word' id='word_1_309' title='bbox 994 2539 1043 2594; x_wconf 83' lang='lat' dir='ltr'>sis</span> <span class='ocrx_word' id='word_1_310' title='bbox 1053 2553 1120 2594; x_wconf 93' lang='lat' dir='ltr'>cum</span> <span class='ocrx_word' id='word_1_311' title='bbox 1135 2538 1226 2595; x_wconf 90' lang='lat' dir='ltr'>cereis</span> <span class='ocrx_word' id='word_1_312' title='bbox 1237 2538 1350 2595; x_wconf 86' lang='lat' dir='ltr'>lacibus</span> <span class='ocrx_word' id='word_1_313' title='bbox 1365 2537 1505 2606; x_wconf 88' lang='lat' dir='ltr'>accensis,</span> <span class='ocrx_word' id='word_1_314' title='bbox 1517 2539 1579 2610; x_wconf 90' lang='lat' dir='ltr'>qui,</span> <span class='ocrx_word' id='word_1_315' title='bbox 1591 2539 1685 2611; x_wconf 81' lang='lat' dir='ltr'>jasen</span> <span class='ocrx_word' id='word_1_316' title='bbox 1696 2538 1807 2596; x_wconf 85' lang='lat' dir='ltr'>domina</span> 
     </span>
     <span class='ocr_line' id='line_1_27' title="bbox 115 2622 1805 2697; baseline 0.001 -15"><span class='ocrx_word' id='word_1_317' title='bbox 115 2622 278 2682; x_wconf 90' lang='lat' dir='ltr'>custodiam</span> <span class='ocrx_word' id='word_1_318' title='bbox 289 2629 417 2696; x_wconf 87' lang='lat' dir='ltr'>quatuor</span> <span class='ocrx_word' id='word_1_319' title='bbox 430 2624 470 2681; x_wconf 95' lang='lat' dir='ltr'>ibi</span> <span class='ocrx_word' id='word_1_320' title='bbox 487 2624 578 2681; x_wconf 89' lang='lat' dir='ltr'>relicti</span> <span class='ocrx_word' id='word_1_321' title='bbox 593 2625 710 2682; x_wconf 84' lang='lat' dir='ltr'>inerant</span> <span class='ocrx_word' id='word_1_322' title='bbox 725 2626 891 2681; x_wconf 88' lang='lat' dir='ltr'>secerdotes</span> <span class='ocrx_word' id='word_1_323' title='bbox 905 2641 940 2682; x_wconf 86' lang='lat' dir='ltr'>ex</span> <span class='ocrx_word' id='word_1_324' title='bbox 994 2627 1148 2683; x_wconf 74' lang='lat' dir='ltr'>abbatisse</span> <span class='ocrx_word' id='word_1_325' title='bbox 1160 2628 1293 2697; x_wconf 81' lang='lat' dir='ltr'>ejusdem</span> <span class='ocrx_word' id='word_1_326' title='bbox 1306 2626 1475 2684; x_wconf 89' lang='lat' dir='ltr'>monasterii</span> <span class='ocrx_word' id='word_1_327' title='bbox 1490 2632 1519 2684; x_wconf 89' lang='lat' dir='ltr'>at</span> <span class='ocrx_word' id='word_1_328' title='bbox 1528 2626 1661 2685; x_wconf 79' lang='lat' dir='ltr'>ecclesis</span> <span class='ocrx_word' id='word_1_329' title='bbox 1675 2628 1707 2686; x_wconf 88' lang='lat' dir='ltr'>S.</span> <span class='ocrx_word' id='word_1_330' title='bbox 1719 2626 1805 2685; x_wconf 78' lang='lat' dir='ltr'>Palici</span> 
     </span>
     <span class='ocr_line' id='line_1_28' title="bbox 117 2712 1806 2789; baseline 0.002 -20"><span class='ocrx_word' id='word_1_331' title='bbox 117 2712 236 2781; x_wconf 90' lang='lat' dir='ltr'>nostris,</span> <span class='ocrx_word' id='word_1_332' title='bbox 247 2729 315 2770; x_wconf 90' lang='lat' dir='ltr'>cum</span> <span class='ocrx_word' id='word_1_333' title='bbox 328 2712 450 2770; x_wconf 90' lang='lat' dir='ltr'>totidem</span> <span class='ocrx_word' id='word_1_334' title='bbox 468 2713 648 2771; x_wconf 88' lang='lat' dir='ltr'>ballistariis.</span> <span class='ocrx_word' id='word_1_335' title='bbox 659 2713 724 2772; x_wconf 84' lang='lat' dir='ltr'>Jam</span> <span class='ocrx_word' id='word_1_336' title='bbox 736 2718 833 2771; x_wconf 89' lang='lat' dir='ltr'>sutem</span> <span class='ocrx_word' id='word_1_337' title='bbox 845 2714 881 2770; x_wconf 92' lang='lat' dir='ltr'>ed</span> <span class='ocrx_word' id='word_1_338' title='bbox 892 2729 939 2770; x_wconf 93' lang='lat' dir='ltr'>so·</span> <span class='ocrx_word' id='word_1_339' title='bbox 993 2714 1072 2782; x_wconf 90' lang='lat' dir='ltr'>tatis,</span> <span class='ocrx_word' id='word_1_340' title='bbox 1088 2721 1254 2788; x_wconf 90' lang='lat' dir='ltr'>exspectata</span> <span class='ocrx_word' id='word_1_341' title='bbox 1267 2715 1395 2789; x_wconf 88' lang='lat' dir='ltr'>imagine</span> <span class='ocrx_word' id='word_1_342' title='bbox 1410 2733 1504 2784; x_wconf 90' lang='lat' dir='ltr'>secra,</span> <span class='ocrx_word' id='word_1_343' title='bbox 1521 2732 1587 2773; x_wconf 88' lang='lat' dir='ltr'>eam</span> <span class='ocrx_word' id='word_1_344' title='bbox 1602 2721 1676 2773; x_wconf 89' lang='lat' dir='ltr'>sunt</span> <span class='ocrx_word' id='word_1_345' title='bbox 1690 2716 1806 2774; x_wconf 85' lang='lat' dir='ltr'>comitali</span> 
     </span>
     <span class='ocr_line' id='line_1_29' title="bbox 117 2802 1806 2876; baseline 0.001 -16"><span class='ocrx_word' id='word_1_346' title='bbox 117 2802 244 2860; x_wconf 83' lang='lat' dir='ltr'>lemnam</span> <span class='ocrx_word' id='word_1_347' title='bbox 260 2803 476 2876; x_wconf 89' lang='lat' dir='ltr'>processionem</span> <span class='ocrx_word' id='word_1_348' title='bbox 491 2803 672 2860; x_wconf 89' lang='lat' dir='ltr'>devenimus.</span> <span class='ocrx_word' id='word_1_349' title='bbox 995 2821 1088 2876; x_wconf 88' lang='lat' dir='ltr'>usque</span> <span class='ocrx_word' id='word_1_350' title='bbox 1102 2805 1181 2862; x_wconf 83' lang='lat' dir='ltr'>intre</span> <span class='ocrx_word' id='word_1_351' title='bbox 1194 2803 1348 2861; x_wconf 89' lang='lat' dir='ltr'>ecclesiam</span> <span class='ocrx_word' id='word_1_352' title='bbox 1364 2811 1506 2862; x_wconf 90' lang='lat' dir='ltr'>nostram.</span> <span class='ocrx_word' id='word_1_353' title='bbox 1520 2807 1544 2861; x_wconf 84' lang='grc' dir='ltr'><strong>Α</strong></span> <span class='ocrx_word' id='word_1_354' title='bbox 1558 2805 1639 2862; x_wconf 89' lang='lat' dir='ltr'>dicto</span> <span class='ocrx_word' id='word_1_355' title='bbox 1654 2805 1720 2863; x_wconf 91' lang='lat' dir='ltr'>loco</span> <span class='ocrx_word' id='word_1_356' title='bbox 1729 2805 1758 2863; x_wconf 90' lang='lat' dir='ltr'>S.</span> <span class='ocrx_word' id='word_1_357' title='bbox 1766 2805 1806 2863; x_wconf 73' lang='lat' dir='ltr'>rs</span> 
     </span>
     <span class='ocr_line' id='line_1_30' title="bbox 151 2891 1806 2969; baseline 0.004 -23"><span class='ocrx_word' id='word_1_358' title='bbox 151 2893 178 2947; x_wconf 89' lang='lat'>7.</span> <span class='ocrx_word' id='word_1_359' title='bbox 199 2912 210 2943; x_wconf 85' lang='grc' dir='ltr'>ι</span> <span class='ocrx_word' id='word_1_360' title='bbox 227 2892 311 2948; x_wconf 86' lang='lat' dir='ltr'>Mane</span> <span class='ocrx_word' id='word_1_361' title='bbox 326 2892 425 2964; x_wconf 90' lang='lat' dir='ltr'>itaque</span> <span class='ocrx_word' id='word_1_362' title='bbox 436 2891 493 2948; x_wconf 90' lang='lat' dir='ltr'>diei</span> <span class='ocrx_word' id='word_1_363' title='bbox 507 2908 572 2961; x_wconf 86' lang='lat' dir='ltr'>xxv,</span> <span class='ocrx_word' id='word_1_364' title='bbox 585 2891 657 2948; x_wconf 89' lang='lat' dir='ltr'>bora</span> <span class='ocrx_word' id='word_1_365' title='bbox 670 2907 718 2962; x_wconf 84' lang='lat' dir='ltr'>xv,</span> <span class='ocrx_word' id='word_1_366' title='bbox 731 2891 760 2946; x_wconf 91' lang='lat' dir='ltr'>in</span> <span class='ocrx_word' id='word_1_367' title='bbox 775 2908 863 2964; x_wconf 87' lang='lat' dir='ltr'>quarn</span> <span class='ocrx_word' id='word_1_368' title='bbox 879 2895 939 2948; x_wconf 90' lang='lat' dir='ltr'>sta·</span> <span class='ocrx_word' id='word_1_369' title='bbox 994 2893 1113 2949; x_wconf 84' lang='lat' dir='ltr'>licitatis</span> <span class='ocrx_word' id='word_1_370' title='bbox 1128 2893 1265 2966; x_wconf 90' lang='lat' dir='ltr'>perviam</span> <span class='ocrx_word' id='word_1_371' title='bbox 1276 2893 1549 2953; x_wconf 87' lang='lat' dir='ltr'>Gniocierdinorum</span> <span class='ocrx_word' id='word_1_372' title='bbox 1562 2895 1806 2969; x_wconf 77' lang='lat' dir='ltr'>pervenitprueee·</span> 
     </span>
     <span class='ocr_line' id='line_1_31' title="bbox 117 2979 1806 3056; baseline 0.004 -21"><span class='ocrx_word' id='word_1_373' title='bbox 117 2984 182 3036; x_wconf 88' lang='lat' dir='ltr'>tuta</span> <span class='ocrx_word' id='word_1_374' title='bbox 204 2985 267 3037; x_wconf 90' lang='lat' dir='ltr'>erat</span> <span class='ocrx_word' id='word_1_375' title='bbox 293 2980 451 3051; x_wconf 82' lang='lat' dir='ltr'>processio,</span> <span class='ocrx_word' id='word_1_376' title='bbox 477 2979 666 3036; x_wconf 85' lang='lat' dir='ltr'>serenissimo</span> <span class='ocrx_word' id='word_1_377' title='bbox 692 2979 809 3052; x_wconf 89' lang='lat' dir='ltr'>quidem</span> <span class='ocrx_word' id='word_1_378' title='bbox 838 2984 941 3052; x_wconf 80' lang='lat' dir='ltr'>prater</span> <span class='ocrx_word' id='word_1_379' title='bbox 995 2981 1038 3038; x_wconf 90' lang='lat' dir='ltr'>sio</span> <span class='ocrx_word' id='word_1_380' title='bbox 1053 2983 1089 3037; x_wconf 90' lang='lat' dir='ltr'>ad</span> <span class='ocrx_word' id='word_1_381' title='bbox 1104 2980 1231 3055; x_wconf 87' lang='lat' dir='ltr'>plateam</span> <span class='ocrx_word' id='word_1_382' title='bbox 1251 2987 1280 3039; x_wconf 92' lang='lat' dir='ltr'>et</span> <span class='ocrx_word' id='word_1_383' title='bbox 1303 2981 1443 3056; x_wconf 90' lang='lat' dir='ltr'>palatium</span> <span class='ocrx_word' id='word_1_384' title='bbox 1460 2983 1616 3055; x_wconf 75' lang='lat' dir='ltr'>littorum,</span> <span class='ocrx_word' id='word_1_385' title='bbox 1632 2983 1806 3042; x_wconf 80' lang='lat' dir='ltr'>residentiam</span> 
     </span>
     <span class='ocr_line' id='line_1_32' title="bbox 116 3066 1805 3145; baseline 0.002 -20"><span class='ocrx_word' id='word_1_386' title='bbox 116 3084 201 3142; x_wconf 88' lang='lat' dir='ltr'>spem</span> <span class='ocrx_word' id='word_1_387' title='bbox 212 3067 294 3138; x_wconf 80' lang='lat' dir='ltr'>coelo,</span> <span class='ocrx_word' id='word_1_388' title='bbox 305 3068 356 3124; x_wconf 92' lang='lat' dir='ltr'>sed</span> <span class='ocrx_word' id='word_1_389' title='bbox 371 3066 562 3140; x_wconf 87' lang='lat' dir='ltr'>gelidissimo,</span> <span class='ocrx_word' id='word_1_390' title='bbox 574 3067 844 3125; x_wconf 82' lang='lat' dir='ltr'>Reverendissimus</span> <span class='ocrx_word' id='word_1_391' title='bbox 856 3072 942 3125; x_wconf 89' lang='lat' dir='ltr'>Pater</span> <span class='ocrx_word' id='word_1_392' title='bbox 994 3070 1179 3126; x_wconf 75' lang='lat' dir='ltr'>serenissimi</span> <span class='ocrx_word' id='word_1_393' title='bbox 1188 3071 1287 3145; x_wconf 82' lang='lat' dir='ltr'>magni</span> <span class='ocrx_word' id='word_1_394' title='bbox 1298 3071 1384 3128; x_wconf 86' lang='lat' dir='ltr'>Ducis</span> <span class='ocrx_word' id='word_1_395' title='bbox 1394 3076 1423 3128; x_wconf 91' lang='lat' dir='ltr'>et</span> <span class='ocrx_word' id='word_1_396' title='bbox 1431 3071 1613 3145; x_wconf 89' lang='lat' dir='ltr'>reliquorum</span> <span class='ocrx_word' id='word_1_397' title='bbox 1622 3072 1805 3131; x_wconf 72' lang='lat' dir='ltr'>serenissima</span> 
     </span>
     <span class='ocr_line' id='line_1_33' title="bbox 113 3146 1806 3233; baseline 0.002 -19"><span class='ocrx_word' id='word_1_398' title='bbox 113 3154 342 3215; x_wconf 76' lang='lat' dir='ltr'>Generaliscnm</span> <span class='ocrx_word' id='word_1_399' title='bbox 352 3155 465 3228; x_wconf 87' lang='lat' dir='ltr'>aliquot</span> <span class='ocrx_word' id='word_1_400' title='bbox 474 3156 638 3213; x_wconf 89' lang='lat' dir='ltr'>senioribus</span> <span class='ocrx_word' id='word_1_401' title='bbox 646 3155 780 3214; x_wconf 82' lang='lat' dir='ltr'>Patribus</span> <span class='ocrx_word' id='word_1_402' title='bbox 789 3156 942 3230; x_wconf 88' lang='lat' dir='ltr'>ingressus</span> <span class='ocrx_word' id='word_1_403' title='bbox 956 3146 978 3214; x_wconf 84' lang='lat' dir='ltr'><strong>G</strong></span> <span class='ocrx_word' id='word_1_404' title='bbox 997 3160 1113 3215; x_wconf 78' lang='lat' dir='ltr'>Medica</span> <span class='ocrx_word' id='word_1_405' title='bbox 1128 3158 1245 3216; x_wconf 81' lang='lat' dir='ltr'>lamilioe</span> <span class='ocrx_word' id='word_1_406' title='bbox 1261 3160 1427 3233; x_wconf 86' lang='lat' dir='ltr'>principum</span> <span class='ocrx_word' id='word_1_407' title='bbox 1441 3165 1470 3216; x_wconf 90' lang='lat' dir='ltr'>et</span> <span class='ocrx_word' id='word_1_408' title='bbox 1484 3161 1552 3217; x_wconf 90' lang='lat' dir='ltr'>iude</span> <span class='ocrx_word' id='word_1_409' title='bbox 1566 3161 1605 3218; x_wconf 92' lang='lat' dir='ltr'>ad</span> <span class='ocrx_word' id='word_1_410' title='bbox 1626 3161 1806 3220; x_wconf 84' lang='lat' dir='ltr'>ecclssiamet</span> 
     </span>
     <span class='ocr_line' id='line_1_34' title="bbox 118 3243 1805 3326; baseline 0.001 -23"><span class='ocrx_word' id='word_1_411' title='bbox 118 3250 163 3304; x_wconf 88' lang='lat' dir='ltr'>est</span> <span class='ocrx_word' id='word_1_412' title='bbox 176 3245 329 3303; x_wconf 88' lang='lat' dir='ltr'>ecclesiam</span> <span class='ocrx_word' id='word_1_413' title='bbox 344 3244 372 3301; x_wconf 91' lang='lat' dir='ltr'>S.</span> <span class='ocrx_word' id='word_1_414' title='bbox 384 3243 494 3301; x_wconf 90' lang='lat' dir='ltr'>Nicolsi</span> <span class='ocrx_word' id='word_1_415' title='bbox 508 3243 687 3318; x_wconf 77' lang='lat' dir='ltr'>predictam,</span> <span class='ocrx_word' id='word_1_416' title='bbox 698 3245 729 3301; x_wconf 93' lang='lat' dir='ltr'>iu</span> <span class='ocrx_word' id='word_1_417' title='bbox 744 3250 880 3319; x_wconf 90' lang='lat' dir='ltr'>quaerat</span> <span class='ocrx_word' id='word_1_418' title='bbox 893 3262 938 3303; x_wconf 89' lang='lat' dir='ltr'>sa·</span> <span class='ocrx_word' id='word_1_419' title='bbox 995 3248 1208 3304; x_wconf 88' lang='lat' dir='ltr'>monasterium</span> <span class='ocrx_word' id='word_1_420' title='bbox 1224 3248 1396 3305; x_wconf 87' lang='lat' dir='ltr'>monialium</span> <span class='ocrx_word' id='word_1_421' title='bbox 1420 3252 1448 3304; x_wconf 85' lang='lat' dir='ltr'>S.</span> <span class='ocrx_word' id='word_1_422' title='bbox 1475 3249 1552 3306; x_wconf 89' lang='lat' dir='ltr'>Petri</span> <span class='ocrx_word' id='word_1_423' title='bbox 1579 3251 1731 3326; x_wconf 79' lang='lat' dir='ltr'>martyris,</span> <span class='ocrx_word' id='word_1_424' title='bbox 1744 3248 1805 3310; x_wconf 88' lang='lat' dir='ltr'>ande</span> 
     </span>
     <span class='ocr_line' id='line_1_35' title="bbox 118 3332 1805 3412; baseline 0.002 -22"><span class='ocrx_word' id='word_1_425' title='bbox 118 3350 200 3391; x_wconf 88' lang='lat' dir='ltr'>orum</span> <span class='ocrx_word' id='word_1_426' title='bbox 211 3332 389 3406; x_wconf 91' lang='lat' dir='ltr'>depositum,</span> <span class='ocrx_word' id='word_1_427' title='bbox 400 3348 494 3400; x_wconf 89' lang='lat' dir='ltr'>eoque</span> <span class='ocrx_word' id='word_1_428' title='bbox 504 3332 600 3390; x_wconf 85' lang='lat' dir='ltr'>deleta</span> <span class='ocrx_word' id='word_1_429' title='bbox 608 3340 781 3405; x_wconf 90' lang='lat' dir='ltr'>paramenta</span> <span class='ocrx_word' id='word_1_430' title='bbox 792 3350 876 3391; x_wconf 89' lang='lat' dir='ltr'>sacra</span> <span class='ocrx_word' id='word_1_431' title='bbox 888 3351 940 3407; x_wconf 90' lang='lat' dir='ltr'>pro</span> <span class='ocrx_word' id='word_1_432' title='bbox 994 3339 1114 3392; x_wconf 90' lang='lat' dir='ltr'>taudem</span> <span class='ocrx_word' id='word_1_433' title='bbox 1130 3351 1182 3409; x_wconf 92' lang='lat' dir='ltr'>per</span> <span class='ocrx_word' id='word_1_434' title='bbox 1194 3337 1271 3392; x_wconf 88' lang='lat' dir='ltr'>viem</span> <span class='ocrx_word' id='word_1_435' title='bbox 1286 3337 1354 3392; x_wconf 82' lang='lat' dir='ltr'>Maii</span> <span class='ocrx_word' id='word_1_436' title='bbox 1366 3336 1499 3409; x_wconf 84' lang='lat' dir='ltr'>pervenit</span> <span class='ocrx_word' id='word_1_437' title='bbox 1513 3337 1550 3395; x_wconf 93' lang='lat' dir='ltr'>ad</span> <span class='ocrx_word' id='word_1_438' title='bbox 1566 3344 1691 3412; x_wconf 91' lang='lat' dir='ltr'>pontem</span> <span class='ocrx_word' id='word_1_439' title='bbox 1705 3339 1805 3398; x_wconf 81' lang='lat' dir='ltr'>etiuua</span> 
     </span>
     <span class='ocr_line' id='line_1_36' title="bbox 118 3421 1371 3496; baseline 0.002 -17"><span class='ocrx_word' id='word_1_440' title='bbox 118 3423 310 3479; x_wconf 88' lang='lat' dir='ltr'>abbstibueet</span> <span class='ocrx_word' id='word_1_441' title='bbox 320 3421 938 3496; x_wconf 87' lang='lat' dir='ltr'>ministrisjubebatexcipi‚etineccleeiam</span> <span class='ocrx_word' id='word_1_442' title='bbox 994 3423 1146 3482; x_wconf 88' lang='lat' dir='ltr'>ecclesiam</span> <span class='ocrx_word' id='word_1_443' title='bbox 1162 3425 1192 3481; x_wconf 94' lang='lat' dir='ltr'>S.</span> <span class='ocrx_word' id='word_1_444' title='bbox 1208 3425 1371 3482; x_wconf 80' lang='lat' dir='ltr'>Trinitatis.</span> 
     </span>
     <span class='ocr_line' id='line_1_37' title="bbox 117 3509 1804 3591; baseline 0.004 -25"><span class='ocrx_word' id='word_1_445' title='bbox 117 3511 262 3567; x_wconf 90' lang='lat' dir='ltr'>introduci</span> <span class='ocrx_word' id='word_1_446' title='bbox 278 3527 295 3567; x_wconf 88' lang='lat' dir='ltr'>s</span> <span class='ocrx_word' id='word_1_447' title='bbox 309 3509 491 3584; x_wconf 85' lang='lat' dir='ltr'>ballistariis,</span> <span class='ocrx_word' id='word_1_448' title='bbox 502 3511 553 3584; x_wconf 90' lang='lat' dir='ltr'>qui</span> <span class='ocrx_word' id='word_1_449' title='bbox 567 3516 639 3569; x_wconf 90' lang='lat' dir='ltr'>tunc</span> <span class='ocrx_word' id='word_1_450' title='bbox 648 3513 789 3585; x_wconf 90' lang='lat' dir='ltr'>temporis</span> <span class='ocrx_word' id='word_1_451' title='bbox 803 3529 940 3570; x_wconf 91' lang='lat' dir='ltr'>unacum</span> <span class='ocrx_word' id='word_1_452' title='bbox 1030 3514 1073 3569; x_wconf 85' lang='lat'>11.</span> <span class='ocrx_word' id='word_1_453' title='bbox 1084 3512 1163 3570; x_wconf 90' lang='lat' dir='ltr'>«Sed</span> <span class='ocrx_word' id='word_1_454' title='bbox 1173 3514 1804 3591; x_wconf 77' lang='lat' dir='ltr'>notandumquodimmediaupostvexinaa</span> 
     </span>
     <span class='ocr_line' id='line_1_38' title="bbox 118 3598 1804 3677; baseline 0.004 -21"><span class='ocrx_word' id='word_1_455' title='bbox 118 3598 219 3656; x_wconf 90' lang='lat' dir='ltr'>multis</span> <span class='ocrx_word' id='word_1_456' title='bbox 231 3598 370 3658; x_wconf 85' lang='lat' dir='ltr'>Helvetiis</span> <span class='ocrx_word' id='word_1_457' title='bbox 383 3599 528 3657; x_wconf 89' lang='lat' dir='ltr'>militibus</span> <span class='ocrx_word' id='word_1_458' title='bbox 538 3599 666 3657; x_wconf 80' lang='lat' dir='ltr'>ecclesie</span> <span class='ocrx_word' id='word_1_459' title='bbox 681 3605 780 3674; x_wconf 90' lang='lat' dir='ltr'>portas</span> <span class='ocrx_word' id='word_1_460' title='bbox 795 3601 940 3658; x_wconf 86' lang='lat' dir='ltr'>custodie·</span> <span class='ocrx_word' id='word_1_461' title='bbox 993 3607 1022 3658; x_wconf 89' lang='lat' dir='ltr'>et</span> <span class='ocrx_word' id='word_1_462' title='bbox 1037 3605 1105 3658; x_wconf 86' lang='lat' dir='ltr'>suto</span> <span class='ocrx_word' id='word_1_463' title='bbox 1119 3601 1279 3658; x_wconf 83' lang='lat' dir='ltr'>monachos</span> <span class='ocrx_word' id='word_1_464' title='bbox 1295 3603 1448 3659; x_wconf 87' lang='lat' dir='ltr'>incedebat</span> <span class='ocrx_word' id='word_1_465' title='bbox 1462 3604 1589 3661; x_wconf 88' lang='lat' dir='ltr'>societas</span> <span class='ocrx_word' id='word_1_466' title='bbox 1602 3609 1632 3661; x_wconf 84' lang='lat' dir='ltr'>S.</span> <span class='ocrx_word' id='word_1_467' title='bbox 1645 3605 1758 3677; x_wconf 83' lang='lat' dir='ltr'>Isidori,</span> <span class='ocrx_word' id='word_1_468' title='bbox 1765 3619 1804 3662; x_wconf 74' lang='lat' dir='ltr'>m·</span> 
     </span>
     <span class='ocr_line' id='line_1_39' title="bbox 116 3688 1806 3764; baseline 0.002 -19"><span class='ocrx_word' id='word_1_469' title='bbox 116 3690 200 3759; x_wconf 91' lang='lat' dir='ltr'>bant,</span> <span class='ocrx_word' id='word_1_470' title='bbox 211 3705 248 3745; x_wconf 90' lang='lat' dir='ltr'>ne</span> <span class='ocrx_word' id='word_1_471' title='bbox 263 3688 518 3762; x_wconf 80' lang='lat' dir='ltr'>trequentiesimns</span> <span class='ocrx_word' id='word_1_472' title='bbox 534 3691 671 3763; x_wconf 90' lang='lat' dir='ltr'>populus,</span> <span class='ocrx_word' id='word_1_473' title='bbox 684 3705 718 3746; x_wconf 88' lang='lat' dir='ltr'>eo</span> <span class='ocrx_word' id='word_1_474' title='bbox 733 3706 883 3762; x_wconf 89' lang='lat' dir='ltr'>accurens,</span> <span class='ocrx_word' id='word_1_475' title='bbox 899 3690 939 3745; x_wconf 90' lang='lat' dir='ltr'>ir·</span> <span class='ocrx_word' id='word_1_476' title='bbox 994 3691 1093 3763; x_wconf 89' lang='lat' dir='ltr'>perine</span> <span class='ocrx_word' id='word_1_477' title='bbox 1109 3689 1268 3759; x_wconf 90' lang='lat' dir='ltr'>nominata,</span> <span class='ocrx_word' id='word_1_478' title='bbox 1285 3706 1374 3762; x_wconf 91' lang='lat' dir='ltr'>quam</span> <span class='ocrx_word' id='word_1_479' title='bbox 1390 3692 1641 3764; x_wconf 90' lang='lat' dir='ltr'>commponebent</span> <span class='ocrx_word' id='word_1_480' title='bbox 1655 3692 1806 3752; x_wconf 72' lang='lat' dir='ltr'>duoentiet</span> 
     </span>
    </p>
   </div>
   <div class='ocr_carea' id='block_1_3' title="bbox 16 3777 1805 3855">
    <p class='ocr_par' dir='ltr' id='par_1_3' title="bbox 16 3777 1805 3855">
     <span class='ocr_line' id='line_1_40' title="bbox 16 3777 1805 3855; baseline 0.005 -26"><span class='ocrx_word' id='word_1_481' title='bbox 16 3825 18 3829; x_wconf 81' lang='grc'>,</span> <span class='ocrx_word' id='word_1_482' title='bbox 116 3782 223 3835; x_wconf 88' lang='lat' dir='ltr'>rueret.</span> <span class='ocrx_word' id='word_1_483' title='bbox 236 3777 349 3835; x_wconf 90' lang='lat' dir='ltr'>Placuit</span> <span class='ocrx_word' id='word_1_484' title='bbox 359 3778 447 3835; x_wconf 91' lang='lat' dir='ltr'>etiam</span> <span class='ocrx_word' id='word_1_485' title='bbox 461 3778 654 3836; x_wconf 81' lang='lat' dir='ltr'>serenissimo</span> <span class='ocrx_word' id='word_1_486' title='bbox 667 3784 697 3835; x_wconf 85' lang='grc' dir='ltr'>ι).</span> <span class='ocrx_word' id='word_1_487' title='bbox 711 3778 857 3835; x_wconf 78' lang='lat' dir='ltr'>cardinali</span> <span class='ocrx_word' id='word_1_488' title='bbox 873 3795 939 3852; x_wconf 93' lang='lat' dir='ltr'>pro·</span> <span class='ocrx_word' id='word_1_489' title='bbox 993 3779 1116 3852; x_wconf 90' lang='lat' dir='ltr'>triginta</span> <span class='ocrx_word' id='word_1_490' title='bbox 1137 3779 1297 3835; x_wconf 76' lang='lat' dir='ltr'>confratres</span> <span class='ocrx_word' id='word_1_491' title='bbox 1321 3795 1423 3837; x_wconf 88' lang='lat' dir='ltr'>omnes</span> <span class='ocrx_word' id='word_1_492' title='bbox 1444 3780 1614 3838; x_wconf 76' lang='lat' dir='ltr'>discalmsti</span> <span class='ocrx_word' id='word_1_493' title='bbox 1639 3783 1688 3855; x_wconf 77' lang='lat' dir='ltr'>lut</span> <span class='ocrx_word' id='word_1_494' title='bbox 1701 3783 1805 3841; x_wconf 60' lang='lat' dir='ltr'>mosel</span> 
     </span>
    </p>
   </div>
   <div class='ocr_carea' id='block_1_4' title="bbox 111 3866 1809 5634">
    <p class='ocr_par' dir='ltr' id='par_1_4' title="bbox 111 3866 1809 5634">
     <span class='ocr_line' id='line_1_41' title="bbox 115 3866 1807 3944; baseline 0.004 -21"><span class='ocrx_word' id='word_1_495' title='bbox 115 3867 228 3938; x_wconf 81' lang='lat' dir='ltr'>tentori,</span> <span class='ocrx_word' id='word_1_496' title='bbox 245 3871 278 3923; x_wconf 92' lang='lat' dir='ltr'>ut</span> <span class='ocrx_word' id='word_1_497' title='bbox 292 3866 361 3924; x_wconf 90' lang='lat' dir='ltr'>buic</span> <span class='ocrx_word' id='word_1_498' title='bbox 376 3866 514 3937; x_wconf 79' lang='lat' dir='ltr'>ecclesiae,</span> <span class='ocrx_word' id='word_1_499' title='bbox 526 3872 591 3923; x_wconf 89' lang='lat' dir='ltr'>tum</span> <span class='ocrx_word' id='word_1_500' title='bbox 605 3867 733 3925; x_wconf 80' lang='lat' dir='ltr'>ecclesie</span> <span class='ocrx_word' id='word_1_501' title='bbox 748 3869 778 3924; x_wconf 86' lang='lat' dir='ltr'>S.</span> <span class='ocrx_word' id='word_1_502' title='bbox 789 3867 940 3925; x_wconf 88' lang='lat' dir='ltr'>Trinitatis</span> <span class='ocrx_word' id='word_1_503' title='bbox 993 3885 1094 3925; x_wconf 90' lang='lat' dir='ltr'>eorum</span> <span class='ocrx_word' id='word_1_504' title='bbox 1103 3867 1536 3941; x_wconf 78' lang='lat' dir='ltr'>processionibusiuteresselet</span> <span class='ocrx_word' id='word_1_505' title='bbox 1543 3869 1660 3944; x_wconf 87' lang='lat' dir='ltr'>singuli</span> <span class='ocrx_word' id='word_1_506' title='bbox 1667 3882 1807 3929; x_wconf 68' lang='lat' dir='ltr'>curnem</span> 
     </span>
     <span class='ocr_line' id='line_1_42' title="bbox 116 3954 1807 4029; baseline 0.003 -19"><span class='ocrx_word' id='word_1_507' title='bbox 116 3955 160 4027; x_wconf 84' lang='lat' dir='ltr'>(in&#39;</span> <span class='ocrx_word' id='word_1_508' title='bbox 168 3972 258 4028; x_wconf 92' lang='lat' dir='ltr'>quam</span> <span class='ocrx_word' id='word_1_509' title='bbox 273 3954 347 4013; x_wconf 89' lang='lat' dir='ltr'>nulli</span> <span class='ocrx_word' id='word_1_510' title='bbox 358 3961 425 4012; x_wconf 91' lang='lat' dir='ltr'>ante</span> <span class='ocrx_word' id='word_1_511' title='bbox 435 3956 651 4028; x_wconf 89' lang='lat' dir='ltr'>processionem</span> <span class='ocrx_word' id='word_1_512' title='bbox 667 3957 762 4029; x_wconf 93' lang='lat' dir='ltr'>patuit</span> <span class='ocrx_word' id='word_1_513' title='bbox 776 3956 939 4029; x_wconf 86' lang='lat' dir='ltr'>ingressus)</span> <span class='ocrx_word' id='word_1_514' title='bbox 994 3957 1055 4013; x_wconf 88' lang='lat' dir='ltr'>lace</span> <span class='ocrx_word' id='word_1_515' title='bbox 1070 3973 1212 4024; x_wconf 85' lang='lat' dir='ltr'>accensa;</span> <span class='ocrx_word' id='word_1_516' title='bbox 1228 3972 1262 4013; x_wconf 88' lang='lat' dir='ltr'>ea</span> <span class='ocrx_word' id='word_1_517' title='bbox 1279 3973 1347 4014; x_wconf 82' lang='lat' dir='ltr'>vero</span> <span class='ocrx_word' id='word_1_518' title='bbox 1366 3957 1519 4015; x_wconf 89' lang='lat' dir='ltr'>devotione</span> <span class='ocrx_word' id='word_1_519' title='bbox 1535 3963 1564 4015; x_wconf 90' lang='lat' dir='ltr'>et</span> <span class='ocrx_word' id='word_1_520' title='bbox 1579 3960 1730 4018; x_wconf 66' lang='lat' dir='ltr'>modeste</span> <span class='ocrx_word' id='word_1_521' title='bbox 1741 3960 1807 4016; x_wconf 85' lang='lat' dir='ltr'>inae·</span> 
     </span>
     <span class='ocr_line' id='line_1_43' title="bbox 116 4042 1807 4123; baseline 0.004 -25"><span class='ocrx_word' id='word_1_522' title='bbox 116 4044 289 4100; x_wconf 87' lang='lat' dir='ltr'>assisterent</span> <span class='ocrx_word' id='word_1_523' title='bbox 299 4042 497 4099; x_wconf 85' lang='lat' dir='ltr'>Illustriesimi</span> <span class='ocrx_word' id='word_1_524' title='bbox 506 4043 800 4102; x_wconf 84' lang='lat' dir='ltr'>DominiPranoiscus</span> <span class='ocrx_word' id='word_1_525' title='bbox 811 4045 940 4102; x_wconf 88' lang='lat' dir='ltr'>Mariaat</span> <span class='ocrx_word' id='word_1_526' title='bbox 993 4046 1102 4102; x_wconf 87' lang='lat' dir='ltr'>debant</span> <span class='ocrx_word' id='word_1_527' title='bbox 1117 4050 1150 4101; x_wconf 93' lang='lat' dir='ltr'>ut</span> <span class='ocrx_word' id='word_1_528' title='bbox 1164 4045 1365 4115; x_wconf 88' lang='lat' dir='ltr'>admirationi,</span> <span class='ocrx_word' id='word_1_529' title='bbox 1382 4045 1567 4104; x_wconf 75' lang='lat' dir='ltr'>aedificationi</span> <span class='ocrx_word' id='word_1_530' title='bbox 1581 4053 1612 4105; x_wconf 90' lang='lat' dir='ltr'>et</span> <span class='ocrx_word' id='word_1_531' title='bbox 1625 4049 1759 4123; x_wconf 86' lang='lat' dir='ltr'>exempla</span> <span class='ocrx_word' id='word_1_532' title='bbox 1769 4063 1807 4104; x_wconf 84' lang='lat' dir='ltr'>es·</span> 
     </span>
     <span class='ocr_line' id='line_1_44' title="bbox 115 4129 1809 4207; baseline 0.005 -22"><span class='ocrx_word' id='word_1_533' title='bbox 115 4129 235 4186; x_wconf 88' lang='lat' dir='ltr'>carolus</span> <span class='ocrx_word' id='word_1_534' title='bbox 244 4129 376 4186; x_wconf 90' lang='lat' dir='ltr'>Ventura</span> <span class='ocrx_word' id='word_1_535' title='bbox 385 4129 435 4186; x_wconf 87' lang='lat' dir='ltr'>Del</span> <span class='ocrx_word' id='word_1_536' title='bbox 447 4129 532 4197; x_wconf 88' lang='lat' dir='ltr'>Nero,</span> <span class='ocrx_word' id='word_1_537' title='bbox 544 4132 648 4188; x_wconf 81' lang='lat' dir='ltr'>iratres</span> <span class='ocrx_word' id='word_1_538' title='bbox 662 4132 795 4204; x_wconf 85' lang='lat' dir='ltr'>germani</span> <span class='ocrx_word' id='word_1_539' title='bbox 804 4149 839 4190; x_wconf 87' lang='lat' dir='ltr'>ex</span> <span class='ocrx_word' id='word_1_540' title='bbox 854 4133 937 4190; x_wconf 92' lang='lat' dir='ltr'>baro·</span> <span class='ocrx_word' id='word_1_541' title='bbox 993 4137 1059 4190; x_wconf 89' lang='lat' dir='ltr'>sent</span> <span class='ocrx_word' id='word_1_542' title='bbox 1081 4134 1216 4190; x_wconf 80' lang='lat' dir='ltr'>universo</span> <span class='ocrx_word' id='word_1_543' title='bbox 1241 4133 1349 4207; x_wconf 91' lang='lat' dir='ltr'>populo</span> <span class='ocrx_word' id='word_1_544' title='bbox 1373 4134 1550 4192; x_wconf 76' lang='lat' dir='ltr'>Florentino.</span> <span class='ocrx_word' id='word_1_545' title='bbox 1567 4136 1641 4194; x_wconf 90' lang='lat' dir='ltr'>Post</span> <span class='ocrx_word' id='word_1_546' title='bbox 1665 4136 1809 4196; x_wconf 81' lang='lat' dir='ltr'>moaecbcs</span> 
     </span>
     <span class='ocr_line' id='line_1_45' title="bbox 115 4216 1808 4301; baseline 0.005 -28"><span class='ocrx_word' id='word_1_547' title='bbox 115 4216 939 4286; x_wconf 81' lang='lat' dir='ltr'>uibusPcrciliani,etCeleitudinissuasRevcrendissima</span> <span class='ocrx_word' id='word_1_548' title='bbox 993 4222 1154 4279; x_wconf 89' lang='lat' dir='ltr'>cucullatos</span> <span class='ocrx_word' id='word_1_549' title='bbox 1172 4226 1202 4279; x_wconf 89' lang='lat' dir='ltr'>ct</span> <span class='ocrx_word' id='word_1_550' title='bbox 1215 4223 1301 4280; x_wconf 92' lang='lat' dir='ltr'>binos</span> <span class='ocrx_word' id='word_1_551' title='bbox 1315 4223 1484 4281; x_wconf 88' lang='lat' dir='ltr'>incedentes</span> <span class='ocrx_word' id='word_1_552' title='bbox 1498 4224 1604 4283; x_wconf 87' lang='lat' dir='ltr'>ordine</span> <span class='ocrx_word' id='word_1_553' title='bbox 1617 4227 1756 4301; x_wconf 84' lang='lat' dir='ltr'>superius</span> <span class='ocrx_word' id='word_1_554' title='bbox 1767 4224 1808 4281; x_wconf 84' lang='lat' dir='ltr'>de-</span> 
     </span>
     <span class='ocr_line' id='line_1_46' title="bbox 114 4304 1808 4388; baseline 0.005 -27"><span class='ocrx_word' id='word_1_555' title='bbox 114 4304 285 4375; x_wconf 78' lang='lat' dir='ltr'>familiares,</span> <span class='ocrx_word' id='word_1_556' title='bbox 296 4306 350 4362; x_wconf 84' lang='lat' dir='ltr'>viri</span> <span class='ocrx_word' id='word_1_557' title='bbox 360 4306 537 4364; x_wconf 86' lang='lat' dir='ltr'>nobilissimi</span> <span class='ocrx_word' id='word_1_558' title='bbox 548 4324 629 4376; x_wconf 89' lang='lat' dir='ltr'>sane,</span> <span class='ocrx_word' id='word_1_559' title='bbox 640 4312 670 4366; x_wconf 90' lang='lat' dir='ltr'>et</span> <span class='ocrx_word' id='word_1_560' title='bbox 682 4325 822 4383; x_wconf 86' lang='lat' dir='ltr'>perquam</span> <span class='ocrx_word' id='word_1_561' title='bbox 834 4311 937 4368; x_wconf 87' lang='lat' dir='ltr'>bama·</span> <span class='ocrx_word' id='word_1_562' title='bbox 992 4311 1112 4384; x_wconf 86' lang='lat' dir='ltr'>scripto,</span> <span class='ocrx_word' id='word_1_563' title='bbox 1135 4312 1309 4369; x_wconf 85' lang='lat' dir='ltr'>incedebant</span> <span class='ocrx_word' id='word_1_564' title='bbox 1335 4313 1490 4370; x_wconf 90' lang='lat' dir='ltr'>turmatim</span> <span class='ocrx_word' id='word_1_565' title='bbox 1519 4315 1740 4388; x_wconf 85' lang='lat' dir='ltr'>quamplurimi</span> <span class='ocrx_word' id='word_1_566' title='bbox 1763 4310 1808 4370; x_wconf 79' lang='lat' dir='ltr'>sid</span> 
     </span>
     <span class='ocr_line' id='line_1_47' title="bbox 115 4393 1808 4479; baseline 0.006 -27"><span class='ocrx_word' id='word_1_567' title='bbox 115 4393 241 4464; x_wconf 89' lang='lat' dir='ltr'>nissimi,</span> <span class='ocrx_word' id='word_1_568' title='bbox 254 4393 477 4452; x_wconf 88' lang='lat' dir='ltr'>illustrissimus</span> <span class='ocrx_word' id='word_1_569' title='bbox 490 4397 609 4470; x_wconf 91' lang='lat' dir='ltr'>quidem</span> <span class='ocrx_word' id='word_1_570' title='bbox 620 4403 652 4454; x_wconf 86' lang='lat' dir='ltr'>D.</span> <span class='ocrx_word' id='word_1_571' title='bbox 664 4397 837 4456; x_wconf 81' lang='lat' dir='ltr'>Franciscus</span> <span class='ocrx_word' id='word_1_572' title='bbox 848 4398 939 4456; x_wconf 86' lang='lat' dir='ltr'>Maria</span> <span class='ocrx_word' id='word_1_573' title='bbox 993 4401 1106 4459; x_wconf 89' lang='lat' dir='ltr'>nobiles</span> <span class='ocrx_word' id='word_1_574' title='bbox 1117 4418 1184 4458; x_wconf 91' lang='lat' dir='ltr'>cum</span> <span class='ocrx_word' id='word_1_575' title='bbox 1195 4402 1308 4458; x_wconf 88' lang='lat' dir='ltr'>lacibus</span> <span class='ocrx_word' id='word_1_576' title='bbox 1319 4402 1410 4459; x_wconf 88' lang='lat' dir='ltr'>cereis</span> <span class='ocrx_word' id='word_1_577' title='bbox 1424 4404 1567 4460; x_wconf 89' lang='lat' dir='ltr'>accensis.</span> <span class='ocrx_word' id='word_1_578' title='bbox 1580 4403 1644 4462; x_wconf 85' lang='lat' dir='ltr'>Hos</span> <span class='ocrx_word' id='word_1_579' title='bbox 1660 4404 1808 4479; x_wconf 79' lang='lat' dir='ltr'>sequeban-</span> 
     </span>
     <span class='ocr_line' id='line_1_48' title="bbox 114 4483 1806 4576; baseline 0.003 -35"><span class='ocrx_word' id='word_1_580' title='bbox 114 4484 206 4542; x_wconf 91' lang='lat' dir='ltr'>astitit</span> <span class='ocrx_word' id='word_1_581' title='bbox 220 4483 351 4542; x_wconf 76' lang='lat' dir='ltr'>ecclesias</span> <span class='ocrx_word' id='word_1_582' title='bbox 365 4485 395 4544; x_wconf 91' lang='lat' dir='ltr'>S.</span> <span class='ocrx_word' id='word_1_583' title='bbox 411 4484 540 4553; x_wconf 85' lang='lat' dir='ltr'>Nicolai;</span> <span class='ocrx_word' id='word_1_584' title='bbox 564 4484 788 4545; x_wconf 88' lang='lat' dir='ltr'>illustrissimus</span> <span class='ocrx_word' id='word_1_585' title='bbox 814 4504 878 4546; x_wconf 80' lang='lat' dir='ltr'>vero</span> <span class='ocrx_word' id='word_1_586' title='bbox 902 4488 936 4544; x_wconf 90' lang='lat' dir='ltr'>D.</span> <span class='ocrx_word' id='word_1_587' title='bbox 955 4510 978 4576; x_wconf 72' lang='lat' dir='ltr'>D</span> <span class='ocrx_word' id='word_1_588' title='bbox 992 4495 1041 4546; x_wconf 90' lang='lat' dir='ltr'>tur</span> <span class='ocrx_word' id='word_1_589' title='bbox 1052 4491 1253 4560; x_wconf 87' lang='lat' dir='ltr'>bini,uumoro</span> <span class='ocrx_word' id='word_1_590' title='bbox 1263 4491 1382 4565; x_wconf 87' lang='lat' dir='ltr'>triginta</span> <span class='ocrx_word' id='word_1_591' title='bbox 1394 4496 1506 4565; x_wconf 90' lang='lat' dir='ltr'>septem</span> <span class='ocrx_word' id='word_1_592' title='bbox 1518 4491 1634 4561; x_wconf 84' lang='lat' dir='ltr'>Patres,</span> <span class='ocrx_word' id='word_1_593' title='bbox 1644 4489 1806 4568; x_wconf 77' lang='lat' dir='ltr'>peremtis</span> 
     </span>
     <span class='ocr_line' id='line_1_49' title="bbox 111 4573 1803 4652; baseline 0.002 -21"><span class='ocrx_word' id='word_1_594' title='bbox 111 4573 232 4633; x_wconf 88' lang='lat' dir='ltr'>carolus</span> <span class='ocrx_word' id='word_1_595' title='bbox 245 4574 377 4632; x_wconf 89' lang='lat' dir='ltr'>Ventura</span> <span class='ocrx_word' id='word_1_596' title='bbox 391 4575 521 4633; x_wconf 78' lang='lat' dir='ltr'>ecclesias</span> <span class='ocrx_word' id='word_1_597' title='bbox 542 4577 571 4634; x_wconf 84' lang='lat' dir='ltr'>S.</span> <span class='ocrx_word' id='word_1_598' title='bbox 597 4577 760 4646; x_wconf 88' lang='lat' dir='ltr'>Trinitatis,</span> <span class='ocrx_word' id='word_1_599' title='bbox 777 4595 811 4634; x_wconf 92' lang='lat' dir='ltr'>cu</span> <span class='ocrx_word' id='word_1_600' title='bbox 837 4578 939 4636; x_wconf 91' lang='lat' dir='ltr'>ietiam</span> <span class='ocrx_word' id='word_1_601' title='bbox 995 4578 1342 4652; x_wconf 90' lang='lat' dir='ltr'>albicolorisinduti‚qni</span> <span class='ocrx_word' id='word_1_602' title='bbox 1355 4579 1803 4641; x_wconf 85' lang='lat' dir='ltr'>bocardiueincedebuutPrlno</span> 
     </span>
     <span class='ocr_line' id='line_1_50' title="bbox 111 4665 1803 4740; baseline 0.006 -20"><span class='ocrx_word' id='word_1_603' title='bbox 111 4665 141 4721; x_wconf 92' lang='lat' dir='ltr'>in</span> <span class='ocrx_word' id='word_1_604' title='bbox 158 4665 325 4722; x_wconf 87' lang='lat' dir='ltr'>subsidium</span> <span class='ocrx_word' id='word_1_605' title='bbox 342 4666 458 4722; x_wconf 86' lang='lat' dir='ltr'>fuerant</span> <span class='ocrx_word' id='word_1_606' title='bbox 473 4665 615 4739; x_wconf 90' lang='lat' dir='ltr'>assignati</span> <span class='ocrx_word' id='word_1_607' title='bbox 630 4665 729 4739; x_wconf 86' lang='lat' dir='ltr'>plures</span> <span class='ocrx_word' id='word_1_608' title='bbox 744 4667 865 4724; x_wconf 83' lang='lat' dir='ltr'>Helvetii</span> <span class='ocrx_word' id='word_1_609' title='bbox 881 4668 939 4724; x_wconf 90' lang='lat' dir='ltr'>mi·</span> <span class='ocrx_word' id='word_1_610' title='bbox 992 4672 1057 4725; x_wconf 91' lang='lat' dir='ltr'>octo</span> <span class='ocrx_word' id='word_1_611' title='bbox 1081 4673 1184 4725; x_wconf 89' lang='lat' dir='ltr'>Patres</span> <span class='ocrx_word' id='word_1_612' title='bbox 1208 4667 1458 4738; x_wconf 85' lang='lat' dir='ltr'>Vellnmbroseui,</span> <span class='ocrx_word' id='word_1_613' title='bbox 1481 4669 1657 4740; x_wconf 76' lang='lat' dir='ltr'>Cemcmrii,</span> <span class='ocrx_word' id='word_1_614' title='bbox 1681 4674 1803 4736; x_wconf 67' lang='lat' dir='ltr'>imme.</span> 
     </span>
     <span class='ocr_line' id='line_1_51' title="bbox 111 4753 1805 4831; baseline 0.002 -21"><span class='ocrx_word' id='word_1_615' title='bbox 111 4753 188 4820; x_wconf 88' lang='lat' dir='ltr'>lites,</span> <span class='ocrx_word' id='word_1_616' title='bbox 200 4759 233 4809; x_wconf 94' lang='lat' dir='ltr'>ut</span> <span class='ocrx_word' id='word_1_617' title='bbox 247 4754 283 4811; x_wconf 92' lang='lat' dir='ltr'>de</span> <span class='ocrx_word' id='word_1_618' title='bbox 297 4753 419 4811; x_wconf 88' lang='lat' dir='ltr'>ecclesia</span> <span class='ocrx_word' id='word_1_619' title='bbox 433 4755 464 4810; x_wconf 92' lang='lat' dir='ltr'>S.</span> <span class='ocrx_word' id='word_1_620' title='bbox 478 4754 586 4812; x_wconf 87' lang='lat' dir='ltr'>Nicolsi</span> <span class='ocrx_word' id='word_1_621' title='bbox 603 4756 740 4828; x_wconf 88' lang='lat' dir='ltr'>superius</span> <span class='ocrx_word' id='word_1_622' title='bbox 753 4759 798 4813; x_wconf 92' lang='lat' dir='ltr'>est</span> <span class='ocrx_word' id='word_1_623' title='bbox 813 4757 936 4814; x_wconf 90' lang='lat' dir='ltr'>dictum.</span> <span class='ocrx_word' id='word_1_624' title='bbox 992 4757 1122 4831; x_wconf 86' lang='lat' dir='ltr'>Magistri</span> <span class='ocrx_word' id='word_1_625' title='bbox 1136 4761 1164 4815; x_wconf 88' lang='lat' dir='ltr'>et</span> <span class='ocrx_word' id='word_1_626' title='bbox 1173 4757 1288 4813; x_wconf 89' lang='lat' dir='ltr'>Priores</span> <span class='ocrx_word' id='word_1_627' title='bbox 1298 4774 1366 4813; x_wconf 90' lang='lat' dir='ltr'>cum</span> <span class='ocrx_word' id='word_1_628' title='bbox 1378 4756 1545 4815; x_wconf 89' lang='lat' dir='ltr'>dalmaticis</span> <span class='ocrx_word' id='word_1_629' title='bbox 1556 4763 1585 4815; x_wconf 91' lang='lat' dir='ltr'>et</span> <span class='ocrx_word' id='word_1_630' title='bbox 1600 4759 1718 4818; x_wconf 84' lang='lat' dir='ltr'>lacibus</span> <span class='ocrx_word' id='word_1_631' title='bbox 1730 4753 1805 4816; x_wconf 67' lang='lat' dir='ltr'>erus</span> 
     </span>
     <span class='ocr_line' id='line_1_52' title="bbox 148 4842 1805 4919; baseline 0.007 -23"><span class='ocrx_word' id='word_1_632' title='bbox 148 4843 175 4898; x_wconf 86' lang='lat'>8.</span> <span class='ocrx_word' id='word_1_633' title='bbox 189 4865 203 4893; x_wconf 73' lang='grc' dir='ltr'>(ι</span> <span class='ocrx_word' id='word_1_634' title='bbox 219 4844 324 4900; x_wconf 81' lang='lat' dir='ltr'>cadem</span> <span class='ocrx_word' id='word_1_635' title='bbox 336 4842 453 4898; x_wconf 88' lang='lat' dir='ltr'>horaxv</span> <span class='ocrx_word' id='word_1_636' title='bbox 467 4844 497 4900; x_wconf 86' lang='lat' dir='ltr'>S.</span> <span class='ocrx_word' id='word_1_637' title='bbox 513 4844 640 4901; x_wconf 81' lang='lat' dir='ltr'>iliniatis</span> <span class='ocrx_word' id='word_1_638' title='bbox 650 4862 702 4901; x_wconf 88' lang='lat' dir='ltr'>arx</span> <span class='ocrx_word' id='word_1_639' title='bbox 712 4845 938 4918; x_wconf 88' lang='lat' dir='ltr'>quamplurimis</span> <span class='ocrx_word' id='word_1_640' title='bbox 993 4846 1143 4914; x_wconf 83' lang='lat' dir='ltr'>accensis;</span> <span class='ocrx_word' id='word_1_641' title='bbox 1160 4846 1416 4919; x_wconf 88' lang='lat' dir='ltr'>subsequebantur</span> <span class='ocrx_word' id='word_1_642' title='bbox 1437 4844 1487 4902; x_wconf 90' lang='lat' dir='ltr'>alii</span> <span class='ocrx_word' id='word_1_643' title='bbox 1511 4851 1577 4904; x_wconf 90' lang='lat' dir='ltr'>octo</span> <span class='ocrx_word' id='word_1_644' title='bbox 1601 4848 1698 4906; x_wconf 90' lang='lat' dir='ltr'>nostri</span> <span class='ocrx_word' id='word_1_645' title='bbox 1712 4848 1805 4909; x_wconf 59' lang='lat' dir='ltr'>Petrus</span> 
     </span>
     <span class='ocr_line' id='line_1_53' title="bbox 113 4930 1806 5011; baseline 0.002 -24"><span class='ocrx_word' id='word_1_646' title='bbox 113 4930 342 4988; x_wconf 82' lang='lat' dir='ltr'>bombardorum</span> <span class='ocrx_word' id='word_1_647' title='bbox 371 4930 479 4988; x_wconf 90' lang='lat' dir='ltr'>ictibus</span> <span class='ocrx_word' id='word_1_648' title='bbox 505 4950 580 4989; x_wconf 88' lang='lat' dir='ltr'>novo</span> <span class='ocrx_word' id='word_1_649' title='bbox 605 4934 712 4990; x_wconf 90' lang='lat' dir='ltr'>christi</span> <span class='ocrx_word' id='word_1_650' title='bbox 736 4933 938 5008; x_wconf 82' lang='lat' dir='ltr'>Redemptoris</span> <span class='ocrx_word' id='word_1_651' title='bbox 991 4936 1118 4992; x_wconf 68' lang='lat' dir='ltr'>abbates</span> <span class='ocrx_word' id='word_1_652' title='bbox 1132 4933 1266 4991; x_wconf 88' lang='lat' dir='ltr'>titulares</span> <span class='ocrx_word' id='word_1_653' title='bbox 1284 4939 1313 4990; x_wconf 90' lang='lat' dir='ltr'>et</span> <span class='ocrx_word' id='word_1_654' title='bbox 1327 4935 1440 4992; x_wconf 88' lang='lat' dir='ltr'>Priores</span> <span class='ocrx_word' id='word_1_655' title='bbox 1459 4935 1597 4993; x_wconf 87' lang='lat' dir='ltr'>titulares</span> <span class='ocrx_word' id='word_1_656' title='bbox 1611 4953 1684 4994; x_wconf 91' lang='lat' dir='ltr'>cum</span> <span class='ocrx_word' id='word_1_657' title='bbox 1697 4931 1806 5011; x_wconf 79' lang='lat' dir='ltr'>planetis</span> 
     </span>
     <span class='ocr_line' id='line_1_54' title="bbox 111 5018 1805 5099; baseline 0.007 -25"><span class='ocrx_word' id='word_1_658' title='bbox 111 5018 264 5092; x_wconf 90' lang='lat' dir='ltr'>triumpho</span> <span class='ocrx_word' id='word_1_659' title='bbox 275 5019 413 5093; x_wconf 90' lang='lat' dir='ltr'>plausum</span> <span class='ocrx_word' id='word_1_660' title='bbox 425 5021 509 5089; x_wconf 90' lang='lat' dir='ltr'>lecit;</span> <span class='ocrx_word' id='word_1_661' title='bbox 524 5022 559 5078; x_wconf 91' lang='lat' dir='ltr'>ad</span> <span class='ocrx_word' id='word_1_662' title='bbox 573 5023 649 5094; x_wconf 92' lang='lat' dir='ltr'>quod</span> <span class='ocrx_word' id='word_1_663' title='bbox 665 5023 784 5096; x_wconf 88' lang='lat' dir='ltr'>signum</span> <span class='ocrx_word' id='word_1_664' title='bbox 796 5027 857 5080; x_wconf 90' lang='lat' dir='ltr'>tota</span> <span class='ocrx_word' id='word_1_665' title='bbox 872 5023 939 5080; x_wconf 87' lang='lat' dir='ltr'>civi·</span> <span class='ocrx_word' id='word_1_666' title='bbox 992 5030 1021 5081; x_wconf 90' lang='lat' dir='ltr'>et</span> <span class='ocrx_word' id='word_1_667' title='bbox 1035 5023 1148 5080; x_wconf 90' lang='lat' dir='ltr'>lacibus</span> <span class='ocrx_word' id='word_1_668' title='bbox 1163 5022 1253 5079; x_wconf 89' lang='lat' dir='ltr'>cereis</span> <span class='ocrx_word' id='word_1_669' title='bbox 1269 5023 1338 5079; x_wconf 87' lang='lat' dir='ltr'>item</span> <span class='ocrx_word' id='word_1_670' title='bbox 1355 5023 1497 5090; x_wconf 89' lang='lat' dir='ltr'>accensis,</span> <span class='ocrx_word' id='word_1_671' title='bbox 1513 5023 1591 5081; x_wconf 86' lang='lat' dir='ltr'>inira</span> <span class='ocrx_word' id='word_1_672' title='bbox 1609 5041 1688 5099; x_wconf 91' lang='lat' dir='ltr'>quos</span> <span class='ocrx_word' id='word_1_673' title='bbox 1709 5035 1805 5086; x_wconf 54' lang='lat' dir='ltr'>omnm</span> 
     </span>
     <span class='ocr_line' id='line_1_55' title="bbox 113 5108 1806 5186; baseline 0.001 -21"><span class='ocrx_word' id='word_1_674' title='bbox 113 5112 158 5165; x_wconf 87' lang='lat' dir='ltr'>tas</span> <span class='ocrx_word' id='word_1_675' title='bbox 182 5109 218 5164; x_wconf 91' lang='lat' dir='ltr'>ad</span> <span class='ocrx_word' id='word_1_676' title='bbox 242 5108 397 5167; x_wconf 90' lang='lat' dir='ltr'>ecclesiam</span> <span class='ocrx_word' id='word_1_677' title='bbox 421 5110 451 5166; x_wconf 87' lang='lat' dir='ltr'>S.</span> <span class='ocrx_word' id='word_1_678' title='bbox 466 5109 587 5181; x_wconf 86' lang='lat' dir='ltr'>Nicolsi,</span> <span class='ocrx_word' id='word_1_679' title='bbox 604 5112 681 5167; x_wconf 93' lang='lat' dir='ltr'>uude</span> <span class='ocrx_word' id='word_1_680' title='bbox 695 5111 862 5170; x_wconf 88' lang='lat' dir='ltr'>inchoanda</span> <span class='ocrx_word' id='word_1_681' title='bbox 877 5117 940 5171; x_wconf 90' lang='lat' dir='ltr'>erat</span> <span class='ocrx_word' id='word_1_682' title='bbox 992 5117 1021 5170; x_wconf 88' lang='lat' dir='ltr'>et</span> <span class='ocrx_word' id='word_1_683' title='bbox 1037 5129 1054 5168; x_wconf 93' lang='lat' dir='ltr'>a</span> <span class='ocrx_word' id='word_1_684' title='bbox 1068 5110 1209 5169; x_wconf 90' lang='lat' dir='ltr'>lateribus</span> <span class='ocrx_word' id='word_1_685' title='bbox 1219 5128 1320 5168; x_wconf 90' lang='lat' dir='ltr'>eorum</span> <span class='ocrx_word' id='word_1_686' title='bbox 1337 5110 1515 5170; x_wconf 83' lang='lat' dir='ltr'>incedebant</span> <span class='ocrx_word' id='word_1_687' title='bbox 1526 5113 1628 5186; x_wconf 90' lang='lat' dir='ltr'>plures</span> <span class='ocrx_word' id='word_1_688' title='bbox 1638 5115 1695 5173; x_wconf 82' lang='lat' dir='ltr'>riri</span> <span class='ocrx_word' id='word_1_689' title='bbox 1710 5109 1806 5172; x_wconf 80' lang='lat' dir='ltr'>nobiles</span> 
     </span>
     <span class='ocr_line' id='line_1_56' title="bbox 114 5197 1494 5269; baseline 0.006 -19"><span class='ocrx_word' id='word_1_690' title='bbox 114 5197 273 5269; x_wconf 90' lang='lat' dir='ltr'>processio,</span> <span class='ocrx_word' id='word_1_691' title='bbox 289 5197 432 5255; x_wconf 89' lang='lat' dir='ltr'>convenit.</span> <span class='ocrx_word' id='word_1_692' title='bbox 449 5197 508 5254; x_wconf 89' lang='lat' dir='ltr'>Nos</span> <span class='ocrx_word' id='word_1_693' title='bbox 523 5201 621 5255; x_wconf 89' lang='lat' dir='ltr'>autem</span> <span class='ocrx_word' id='word_1_694' title='bbox 637 5215 704 5255; x_wconf 91' lang='lat' dir='ltr'>cum</span> <span class='ocrx_word' id='word_1_695' title='bbox 720 5201 772 5258; x_wconf 92' lang='lat' dir='ltr'>PP.</span> <span class='ocrx_word' id='word_1_696' title='bbox 783 5201 937 5260; x_wconf 81' lang='lat' dir='ltr'>Cassinen-</span> <span class='ocrx_word' id='word_1_697' title='bbox 993 5218 1060 5258; x_wconf 89' lang='lat' dir='ltr'>cum</span> <span class='ocrx_word' id='word_1_698' title='bbox 1077 5201 1169 5258; x_wconf 89' lang='lat' dir='ltr'>cereis</span> <span class='ocrx_word' id='word_1_699' title='bbox 1184 5200 1297 5257; x_wconf 84' lang='lat' dir='ltr'>lacibus</span> <span class='ocrx_word' id='word_1_700' title='bbox 1319 5201 1462 5258; x_wconf 88' lang='lat' dir='ltr'>accensis.</span> <span class='ocrx_word' id='word_1_701' title='bbox 1486 5198 1494 5206; x_wconf 82' lang='grc'>’</span> 
     </span>
     <span class='ocr_line' id='line_1_57' title="bbox 115 5283 1805 5355; baseline 0.008 -16"><span class='ocrx_word' id='word_1_702' title='bbox 115 5283 209 5354; x_wconf 91' lang='lat' dir='ltr'>sibus,</span> <span class='ocrx_word' id='word_1_703' title='bbox 226 5285 278 5342; x_wconf 93' lang='lat' dir='ltr'>PP.</span> <span class='ocrx_word' id='word_1_704' title='bbox 295 5286 549 5355; x_wconf 89' lang='lat' dir='ltr'>cisterciensibus,</span> <span class='ocrx_word' id='word_1_705' title='bbox 565 5292 594 5344; x_wconf 91' lang='lat' dir='ltr'>et</span> <span class='ocrx_word' id='word_1_706' title='bbox 617 5287 670 5344; x_wconf 93' lang='lat' dir='ltr'>PP.</span> <span class='ocrx_word' id='word_1_707' title='bbox 686 5289 849 5348; x_wconf 86' lang='lat' dir='ltr'>coelestinis</span> <span class='ocrx_word' id='word_1_708' title='bbox 870 5308 937 5349; x_wconf 90' lang='lat' dir='ltr'>con·</span> <span class='ocrx_word' id='word_1_709' title='bbox 1029 5292 1072 5347; x_wconf 81' lang='lat'>12.</span> <span class='ocrx_word' id='word_1_710' title='bbox 1091 5313 1104 5342; x_wconf 82' lang='lat' dir='ltr'>a</span> <span class='ocrx_word' id='word_1_711' title='bbox 1119 5291 1321 5348; x_wconf 88' lang='lat' dir='ltr'>Succedebant</span> <span class='ocrx_word' id='word_1_712' title='bbox 1332 5291 1438 5347; x_wconf 88' lang='lat' dir='ltr'>deindo</span> <span class='ocrx_word' id='word_1_713' title='bbox 1450 5290 1607 5349; x_wconf 87' lang='lat' dir='ltr'>duodecim</span> <span class='ocrx_word' id='word_1_714' title='bbox 1618 5294 1738 5351; x_wconf 83' lang='lat' dir='ltr'>abbates</span> <span class='ocrx_word' id='word_1_715' title='bbox 1750 5302 1805 5347; x_wconf 72' lang='lat' dir='ltr'>cem</span> 
     </span>
     <span class='ocr_line' id='line_1_58' title="bbox 113 5374 1805 5453; baseline 0.008 -28"><span class='ocrx_word' id='word_1_716' title='bbox 113 5374 227 5445; x_wconf 85' lang='lat' dir='ltr'>gregati</span> <span class='ocrx_word' id='word_1_717' title='bbox 242 5389 346 5432; x_wconf 88' lang='lat' dir='ltr'>sumus</span> <span class='ocrx_word' id='word_1_718' title='bbox 362 5375 393 5431; x_wconf 91' lang='lat' dir='ltr'>in</span> <span class='ocrx_word' id='word_1_719' title='bbox 413 5376 536 5433; x_wconf 88' lang='lat' dir='ltr'>ecclesia</span> <span class='ocrx_word' id='word_1_720' title='bbox 550 5378 579 5434; x_wconf 94' lang='lat' dir='ltr'>S.</span> <span class='ocrx_word' id='word_1_721' title='bbox 596 5377 726 5451; x_wconf 86' lang='lat' dir='ltr'>Gregorii</span> <span class='ocrx_word' id='word_1_722' title='bbox 751 5380 787 5435; x_wconf 89' lang='lat' dir='ltr'>sd</span> <span class='ocrx_word' id='word_1_723' title='bbox 812 5379 938 5452; x_wconf 88' lang='lat' dir='ltr'>plateam</span> <span class='ocrx_word' id='word_1_724' title='bbox 993 5380 1109 5453; x_wconf 90' lang='lat' dir='ltr'>pluviali</span> <span class='ocrx_word' id='word_1_725' title='bbox 1126 5384 1155 5436; x_wconf 91' lang='lat' dir='ltr'>et</span> <span class='ocrx_word' id='word_1_726' title='bbox 1169 5380 1268 5447; x_wconf 87' lang='lat' dir='ltr'>mitra,</span> <span class='ocrx_word' id='word_1_727' title='bbox 1278 5381 1379 5436; x_wconf 87' lang='lat' dir='ltr'>decem</span> <span class='ocrx_word' id='word_1_728' title='bbox 1395 5380 1515 5452; x_wconf 90' lang='lat' dir='ltr'>quidem</span> <span class='ocrx_word' id='word_1_729' title='bbox 1531 5376 1805 5447; x_wconf 82' lang='lat' dir='ltr'>Vallumbrosani,ld</span> 
     </span>
     <span class='ocr_line' id='line_1_59' title="bbox 112 5459 1803 5541; baseline 0.007 -25"><span class='ocrx_word' id='word_1_730' title='bbox 112 5459 351 5520; x_wconf 69' lang='lat' dir='ltr'>unanimanti</span> <span class='ocrx_word' id='word_1_731' title='bbox 367 5466 476 5523; x_wconf 88' lang='lat' dir='ltr'>nostris</span> <span class='ocrx_word' id='word_1_732' title='bbox 492 5472 601 5533; x_wconf 79' lang='lat' dir='ltr'>autem,</span> <span class='ocrx_word' id='word_1_733' title='bbox 615 5470 679 5523; x_wconf 92' lang='lat' dir='ltr'>tum</span> <span class='ocrx_word' id='word_1_734' title='bbox 694 5468 862 5541; x_wconf 86' lang='lat' dir='ltr'>abbatibus,</span> <span class='ocrx_word' id='word_1_735' title='bbox 874 5473 938 5527; x_wconf 92' lang='lat' dir='ltr'>tum</span> <span class='ocrx_word' id='word_1_736' title='bbox 992 5475 1037 5527; x_wconf 90' lang='lat' dir='ltr'>est</span> <span class='ocrx_word' id='word_1_737' title='bbox 1052 5470 1082 5525; x_wconf 90' lang='lat' dir='ltr'>P.</span> <span class='ocrx_word' id='word_1_738' title='bbox 1098 5470 1131 5526; x_wconf 88' lang='lat' dir='ltr'>D.</span> <span class='ocrx_word' id='word_1_739' title='bbox 1147 5469 1333 5526; x_wconf 88' lang='lat' dir='ltr'>cherubiuus</span> <span class='ocrx_word' id='word_1_740' title='bbox 1356 5469 1493 5537; x_wconf 87' lang='lat' dir='ltr'>Orelliue,</span> <span class='ocrx_word' id='word_1_741' title='bbox 1508 5470 1609 5529; x_wconf 70' lang='lat' dir='ltr'>abbas</span> <span class='ocrx_word' id='word_1_742' title='bbox 1624 5471 1766 5539; x_wconf 80' lang='lat' dir='ltr'>titularis3</span> <span class='ocrx_word' id='word_1_743' title='bbox 1777 5470 1803 5522; x_wconf 83' lang='lat' dir='ltr'>P·</span> 
     </span>
     <span class='ocr_line' id='line_1_60' title="bbox 112 5549 1807 5634; baseline 0.005 -24"><span class='ocrx_word' id='word_1_744' title='bbox 112 5549 267 5615; x_wconf 80' lang='lat' dir='ltr'>monacbis</span> <span class='ocrx_word' id='word_1_745' title='bbox 278 5556 308 5610; x_wconf 92' lang='lat' dir='ltr'>et</span> <span class='ocrx_word' id='word_1_746' title='bbox 317 5555 475 5627; x_wconf 81' lang='lat' dir='ltr'>conversis,</span> <span class='ocrx_word' id='word_1_747' title='bbox 486 5555 699 5633; x_wconf 90' lang='lat' dir='ltr'>quamplurimi</span> <span class='ocrx_word' id='word_1_748' title='bbox 708 5571 744 5614; x_wconf 89' lang='lat' dir='ltr'>sx</span> <span class='ocrx_word' id='word_1_749' title='bbox 756 5556 859 5615; x_wconf 79' lang='lat' dir='ltr'>vicinis</span> <span class='ocrx_word' id='word_1_750' title='bbox 873 5575 938 5618; x_wconf 84' lang='lat' dir='ltr'>mo·</span> <span class='ocrx_word' id='word_1_751' title='bbox 992 5558 1026 5616; x_wconf 86' lang='grc' dir='ltr'>Ι).</span> <span class='ocrx_word' id='word_1_752' title='bbox 1042 5559 1147 5617; x_wconf 90' lang='lat' dir='ltr'>Petrus</span> <span class='ocrx_word' id='word_1_753' title='bbox 1162 5557 1355 5629; x_wconf 87' lang='lat' dir='ltr'>Meliorottus,</span> <span class='ocrx_word' id='word_1_754' title='bbox 1368 5558 1468 5617; x_wconf 83' lang='lat' dir='ltr'>Abbas</span> <span class='ocrx_word' id='word_1_755' title='bbox 1490 5559 1634 5634; x_wconf 86' lang='lat' dir='ltr'>titularis,</span> <span class='ocrx_word' id='word_1_756' title='bbox 1648 5567 1678 5621; x_wconf 91' lang='lat' dir='ltr'>et</span> <span class='ocrx_word' id='word_1_757' title='bbox 1700 5557 1807 5621; x_wconf 75' lang='lat' dir='ltr'>eremite</span> 
     </span>
    </p>
   </div>
   <div class='ocr_carea' id='block_1_5' title="bbox 0 0 1950 6096">
    <p class='ocr_par' dir='ltr' id='par_1_5' title="bbox 0 0 1950 6096">
     <span class='ocr_line' id='line_1_61' title="bbox 0 0 1950 6096; baseline 0 0"><span class='ocrx_word' id='word_1_758' title='bbox 0 0 1950 6096; x_wconf 95' lang='lat' dir='ltr'> </span> 
     </span>
    </p>
   </div>
  </div>
 </body>
</html>
