3892 6096
117 298 176 356 mr
420 376 425 383 ι
774 300 1169 371 ama-mmmm
1245 264 1252 283 '

117 458 1819 489 ’‘m—*tm

755 635 1189 736 APPENDIX

111 851 166 912 llll
201 850 504 912 susustinetis
539 851 761 929 cauclulxl,
798 855 865 926 OUl
901 857 933 915 S.
968 854 1108 918 JOANNI
1145 858 1381 922 obtestato
1415 861 1547 924 CAPUT
1582 864 1821 928 lNGLINAVlT.

217 1036 259 1092 llr
272 1034 348 1093 libro
362 1051 420 1092 ms.
435 1040 575 1094 Actorum
589 1038 827 1113 congregationis
843 1039 933 1169 Vglslis
944 1040 1100 1171 32¹³?ssae
1118 1043 1235 1118 signato
1249 1044 1286 1102 ad
1301 1050 1382 1103 extra
1396 1045 1496 1105 littera
1509 1047 1544 1120 N,
1560 1065 1578 1106 a
1591 1064 1658 1122 pag.
1676 1051 1727 1107 137

903 1130 943 1186 qu
975 1131 992 1170 a
1081 1156 1088 1172 .

155 1489 183 1546 t.
198 1485 452 1545 mcommsntario
462 1485 701 1559 prasiorumlti
709 1486 832 1560 promisi
843 1502 890 1545 ma
898 1486 946 1544 bio
961 1489 989 1558 Α
1003 1488 1039 1546 ad
1055 1488 1257 1548 translationis
1266 1493 1482 1565 processionem
1492 1493 1688 1569 dignarentur
1699 1495 1827 1555 interra·

117 1579 261 1637 daturum
275 1575 437 1635 solemnem
453 1574 621 1633 miraculosi
631 1575 769 1634 crucifixi
783 1576 948 1634 translatio
1002 1577 1075 1645 nire,
1091 1578 1181 1635 etiam
1197 1579 1313 1637 luerent
1326 1580 1450 1639 invitati.

118 1663 948 1739 uam,aD.AugelollariaRivolanobiasubmissam‚qui
1008 1682 1012 1689 ·
1037 1666 1065 1723 3.
1082 1665 1756 1743 aVespereitaqueelusdemdiailiertisxxrv,
1768 1674 1824 1732 sub

118 1761 190 1817 ante
200 1756 302 1814 eadem
312 1754 354 1812 ita
364 1754 522 1828 praefatur:
538 1777 553 1807 α
568 1755 656 1812 Hisce
668 1754 830 1827 praemissis
839 1756 949 1829 (agerat
1002 1754 1130 1827 primam
1144 1755 1238 1813 noctis
1252 1757 1367 1826 boram,
1377 1763 1478 1831 aperta
1492 1760 1528 1818 ds
1543 1761 1682 1819 mandato
1695 1762 1826 1820 Serenia-

119 1845 252 1905 anteade
263 1842 948 1917 materiaotlormaorucissxaimagiuis‚dequa
1003 1842 1072 1899 simi
1086 1847 1171 1915 porta
1184 1845 1219 1900 ad
1235 1845 1264 1902 S.
1281 1845 1441 1915 Ministem‚
1458 1849 1597 1922 prelatus
1609 1853 1827 1909 Reveroudissi·

118 1950 176 2009 ego
198 1933 241 2008 §2
264 1931 471 1990 commentarii
487 1932 597 2005 previi)
612 1932 764 1990 veniamus
779 1934 815 1989 ad
831 1932 947 1990 relatio·
1002 1947 1070 1989 mus
1084 1932 1180 2000 Pater,
1194 1935 1356 2008 assumptis
1371 1953 1471 1994 seeum
1486 1937 1648 2011 aliquotas
1668 1941 1828 1999 sacerdoti·

118 2039 191 2083 uem
205 2020 419 2094 translationis,
430 2036 494 2093 qua
509 2038 545 2078 en
557 2021 661 2080 eodem
676 2020 750 2078 libro
765 2022 882 2095 (nempe
896 2022 948 2094 qui
1002 2020 1058 2078 bus
1069 2023 1236 2090 nostrised
1247 2023 1400 2082 ecelesiam
1413 2027 1441 2083 S.
1452 2026 1728 2102 Miniatisperrexit,
1739 2035 1828 2103 atque

117 2111 152 2171 iu
174 2110 262 2168 titulo
286 2110 334 2167 hic
356 2110 474 2183 citatur)
490 2111 567 2169 secta
586 2114 631 2168 est
646 2110 693 2169 dio
706 2126 761 2168 xxv
776 2111 950 2169 Novembris
1001 2109 1080 2181 inda,
1091 2112 1126 2167 ad
1139 2113 1827 2192 presentiamlllustrissimibominiUgooeiouis

119 2199 438 2273 necennensium,
455 2200 532 2257 sicut
552 2200 760 2268 concessionis,
775 2201 817 2258 ita
840 2201 950 2273 pariter
1003 2199 1145 2271 predicti,
1156 2200 1279 2257 abstulit
1290 2209 1507 2261 sacrosanctam
1518 2205 1678 2278 imaginem
1689 2207 1827 2266 sicresti·

120 2291 218 2364 husius
230 2288 443 2362 translationis,
454 2288 709 2347 Revereudissimo
718 2293 803 2346 Patre
814 2289 848 2346 li.
859 2290 950 2347 Theo·
1003 2291 1075 2357 tam,
1087 2304 1211 2362 eamque
1221 2291 1301 2347 omui
1318 2292 1422 2364 majori
1434 2292 1630 2362 veneratione,
1640 2295 1827 2366 procedenti·

121 2379 199 2439 doro
210 2377 324 2437 lialdini
338 2377 773 2450 acastilioneuiorentino,qui
790 2382 860 2435 tuuc
874 2383 948 2436 tam·
1003 2376 1061 2434 bus
1086 2376 1198 2450 aliquot
1222 2379 1421 2438 confratribus
1443 2381 1593 2439 societatis
1615 2371 1644 2439 Β.
1661 2382 1764 2440 isidori
1790 2384 1827 2442 de

120 2468 207 2544 poris
230 2471 293 2526 erat
314 2467 411 2525 Abbas
435 2467 584 2524 Generalis
605 2467 845 2541 congregationis
860 2466 949 2524 Vallis
1003 2466 1127 2522 Planitie
1144 2467 1296 2541 Ripulausi
1312 2484 1379 2525 cum
1395 2469 1488 2526 ocreis
1509 2469 1622 2529 lacibus
1643 2472 1775 2529 aucensis
1799 2477 1828 2530 et

120 2558 285 2617 Umbrosrs.
301 2556 397 2615 Verba
411 2561 509 2614 auiam
524 2557 632 2631 quibus
657 2556 688 2613 in
713 2558 815 2614 eodem
834 2556 909 2613 libro
933 2574 950 2616 a
1004 2556 1828 2632 aliquotballistariis‚quosuulgobombarderiosvocsnt‚

120 2663 193 2722 pag.
206 2647 257 2703 137
272 2661 366 2719 usqua
380 2646 416 2702 ad
430 2646 621 2703 iterassem
635 2645 806 2718 hujusmodi
820 2644 949 2703 transla·
1004 2649 1102 2719 patres
1113 2646 1254 2719 predicti,
1264 2664 1385 2705 manum
1396 2649 1570 2706 admovente
1580 2648 1681 2707 eodem
1688 2649 1828 2707 Reverso·

118 2735 256 2802 timeant
265 2734 427 2807 sequentia.
438 2734 608 2792 »Hactenus
618 2734 786 2792 suntrerba
796 2734 948 2792 laudatill.
1004 2735 1138 2803 dissime,
1150 2736 1187 2793 ad
1201 2737 1355 2795 ecclesiam
1369 2736 1400 2794 S.
1416 2737 1526 2794 Nicolai
1540 2738 1709 2811 praedictam
1726 2756 1828 2813 aspor-

122 2823 238 2898 tngeli,
249 2827 315 2895 post
328 2839 392 2896 qua
408 2822 490 2880 addit
503 2840 537 2880 ea
553 2840 617 2896 qua
631 2828 806 2897 sequuntur,
821 2840 857 2881 cx
870 2823 949 2881 Actis
1004 2828 1114 2895 terunt,
1138 2826 1217 2881 unde
1242 2842 1328 2883 mane
1352 2826 1408 2883 diei
1433 2826 1584 2899 sequentis
1609 2827 1743 2885 iacienda
1765 2832 1828 2885 erut

124 2912 376 2971 Voltumtroronis
390 2913 544 2984 desumpto.
965 2883 1144 2970 Bsolemnis
1159 2915 1312 2972 translatio
1326 2915 1458 2988 ejusdem
1474 2916 1612 2990 imaginis
1631 2915 1668 2974 ad
1691 2923 1825 2975 nostrum

159 3003 189 3059 2.
206 3024 223 3054 e
235 3002 334 3060 liebus
346 3001 426 3057 bisce
435 3001 599 3074 completis,
611 3001 756 3075 planaque
766 3002 893 3075 partium
905 3019 951 3059 sa·
1002 3002 1256 3061 vallumbrosanis
1271 3005 1436 3078 desumpta.
1592 3059 1595 3065 ,

121 3091 293 3150 tielaotioue
307 3091 443 3165 peractis,
459 3090 672 3148 Serenissimus
687 3108 721 3148 ac
734 3091 949 3149 Reverendissi·
1039 3093 1065 3148 t.
1082 3115 1096 3143 o
1111 3093 1186 3149 lium
1201 3093 1373 3164 hujusmodi
1388 3095 1500 3167 privata
1513 3094 1668 3153 translatio
1684 3099 1827 3152 nocturno

120 3198 195 3239 mus
217 3180 354 3254 princeps
382 3179 553 3249 cardinalis,
581 3183 728 3253 protector
755 3186 865 3251 noster,
889 3198 948 3238 nou
1001 3185 1132 3253 tompore
1152 3181 1244 3247 fleret,
1260 3186 1361 3238 Patres
1375 3181 1504 3239 Minores
1517 3186 1546 3238 8.
1563 3183 1711 3244 Francisct
1724 3185 1761 3242 de
1775 3185 1831 3242 ob·

119 3256 424 3342 eontantuamagnem
435 3270 626 3341 pecuniarum
634 3270 694 3326 vim
704 3269 948 3342 prosolemnitate
1002 3270 1157 3337 servantia,
1174 3274 1336 3327 conventus
1351 3270 1381 3326 S.
1397 3270 1544 3328 Francisci
1564 3271 1599 3326 ad
1621 3276 1763 3339 montem,
1780 3289 1827 3329 so·

121 3359 289 3432 peragenda
301 3359 549 3432 erogasse‚jussit
563 3358 685 3432 insopor
697 3364 730 3414 ut
744 3359 806 3416 suis
821 3360 947 3433 sumpti·
1000 3358 1091 3417 lemni
1107 3375 1317 3430 campanarum
1334 3356 1510 3430 pulsatione,
1525 3363 1555 3415 et
1574 3359 1828 3431 genuflexionibus

119 3448 182 3504 bus
210 3451 268 3504 tota
291 3464 362 3504 crux
387 3451 524 3520 argentea
547 3445 615 3515 tela,
632 3463 722 3520 quam
737 3446 846 3504 lamam
860 3447 947 3521 vulgo
1000 3453 1083 3505 extra
1098 3451 1275 3504 conventum
1297 3446 1418 3519 agressi,
1435 3462 1550 3503 sacram
1573 3446 1732 3520 imaginem
1757 3452 1828 3504 suut

116 3535 280 3610 appellant,
295 3537 527 3597 convestiretur:
542 3539 652 3593 vestem
668 3541 767 3593 autem
782 3536 818 3592 ed
835 3552 946 3594 morem
999 3536 1139 3594 venerati.
1156 3536 1212 3593 Sed
1227 3536 1256 3591 id
1279 3535 1368 3592 ctiam
1383 3534 1501 3593 silentio
1514 3537 1749 3609 pratereundum
1766 3554 1824 3595 nou

115 3627 304 3698 (draconum,
333 3626 427 3684 instar
455 3625 567 3682 scilicet
594 3625 758 3682 dalmatinos
786 3625 947 3684 diaconalis
1000 3629 1046 3682 est
1069 3626 1157 3698 quod,
1178 3624 1306 3692 tametsi,
1323 3639 1484 3681 concursus
1499 3624 1609 3681 vitandi
1625 3624 1735 3698 studio,
1751 3629 1825 3682 tem·

113 3714 231 3788 aptavit
249 3714 283 3772 l).
300 3716 502 3772 Ferdinandus
517 3716 609 3772 Tucca
624 3714 773 3788 prelatus.
790 3715 874 3772 Mane
889 3714 947 3772 diei
1000 3731 1056 3789 pus
1071 3719 1247 3771 nocturnum
1262 3730 1312 3786 pro
1322 3712 1494 3785 hujusmodi
1506 3711 1696 3770 translatione
1711 3715 1824 3787 privata

112 3821 186 3863 niv
208 3804 391 3875 Novembris,
406 3804 501 3878 pridie
527 3819 616 3876 quem
638 3802 779 3875 solemnis
793 3803 947 3862 translatio
1000 3803 1125 3861 electum
1137 3800 1356 3876 consultissima
1371 3801 1469 3870 inerit,
1482 3802 1543 3858 lieri
1559 3801 1753 3861 nibilominus
1768 3819 1827 3859 nou

115 3895 215 3965 tieret,
231 3895 316 3951 Peter
326 3893 475 3951 Generalis
490 3910 550 3950 uua
563 3909 632 3950 cum
646 3892 724 3950 dicto
738 3893 771 3950 D.
788 3894 946 3952 architecto
1000 3892 1162 3966 potuitque
1173 3889 1489 3948 miuusdeuotissimus
1500 3891 1626 3964 populus
1636 3891 1828 3949 adChristum

113 3983 223 4051 Tucca,
239 3987 269 4040 et
292 3983 404 4057 aliquot
422 3999 457 4038 ex
471 3982 579 4039 uostris
594 3982 729 4055 patribus
742 3983 778 4039 ad
793 3982 946 4040 ecclesiam
1000 3985 1224 4056 pretereuntem
1239 3979 1393 4036 turmatim
1410 3984 1574 4036 accurrerat
1597 3996 1613 4038 a
1634 3980 1826 4038 vicinioribus

116 4073 151 4129 8.
168 4072 295 4130 titulatis
311 4088 342 4129 se
367 4070 499 4140 contulit,
514 4071 615 4144 ibique
629 4087 759 4141 crucem,
775 4072 812 4128 ad
837 4077 944 4129 terram
999 4071 1082 4138 sicis,
1093 4075 1122 4127 et
1132 4086 1147 4127 s
1157 4068 1293 4126 fenestris
1304 4068 1403 4137 etiem,
1415 4085 1489 4142 quas
1499 4067 1687 4142 lampadibus
1699 4068 1832 4126 etluoer·

115 4166 308 4236 prostratam,
322 4160 444 4218 etaltari
454 4160 560 4217 tabula
570 4161 796 4234 superpositam,
807 4167 886 4218 veste
896 4160 948 4218 illa
1001 4159 1047 4217 nis
1062 4157 1310 4224 illuminaverant‚
1321 4157 1526 4230 eopioaissima
1540 4161 1603 4213 tum
1619 4156 1749 4214 virorum
1764 4162 1829 4215 tum

113 4251 247 4322 vestivit,
262 4251 362 4323 ibique
378 4265 412 4307 eo
427 4250 514 4307 modo
530 4254 660 4322 aptatam
675 4247 803 4322 reliquit,
814 4267 944 4306 commo·
960 4253 982 4323 c
1002 4248 1158 4305 mulierum
1171 4246 1329 4303 multitudo
1337 4262 1451 4304 seuram
1462 4245 1622 4320 imaginem
1630 4252 1828 4304 veneraretur.

114 4339 196 4398 diori
210 4344 344 4414 tempore
357 4340 565 4412 asportandam
579 4339 614 4395 ad
631 4337 783 4395 ecclesiam
794 4339 824 4395 S.
835 4337 945 4396 Nicolai
1001 4338 1057 4394 Sed
1067 4337 1137 4392 beu!
1148 4341 1221 4409 quot
1230 4335 1454 4409 lacryma,quot
1464 4335 1718 4409 suspirieedevoti
1728 4335 1829 4409 populi

112 4427 197 4486 ultm
208 4430 321 4485 Arnum
336 4430 415 4485 intra
433 4428 621 4496 Florentiam,
637 4427 723 4499 cujus
744 4427 872 4484 ecclesia
897 4444 944 4484 ra·
998 4423 1831 4498 eordibuserumpebanttQuodvisveldurumdirumque

111 4522 180 4575 otor
191 4517 254 4589 jam
270 4517 490 4575 aSerenissimo
506 4521 535 4573 et
546 4514 799 4574 Reverendiasimo
814 4516 945 4591 principa
999 4532 1048 4572 cor
1056 4514 1200 4585 ejusmodi
1210 4514 1306 4571 cordis
1315 4513 1433 4571 contriti
1441 4513 1606 4570 certissima
1617 4512 1788 4569 testimonia
1798 4512 1828 4569 in

111 4606 264 4667 cardinali
288 4611 450 4681 protectore
471 4608 576 4679 jussus
602 4606 698 4663 luerat
725 4609 758 4662 ut
785 4607 821 4663 ad
852 4607 944 4663 nostri
999 4603 1231 4662 ferventissimas
1253 4603 1397 4676 lacrymas
1420 4599 1749 4659 resolvarevaluissant.
1766 4599 1829 4656 lmo

112 4695 212 4753 Patris
226 4696 377 4753 Generalis
392 4699 498 4753 nutum
519 4696 679 4768 imaginem
704 4695 810 4752 dictem
836 4696 945 4770 recipe·
999 4693 1086 4750 etiam
1100 4692 1291 4750 subauditum
1300 4697 1346 4747 est
1355 4688 1756 4763 quamplurimamouialium
1767 4703 1829 4744 mo·

115 4789 172 4852 ret,
191 4785 345 4858 nobisque,
366 4787 416 4842 ubi
442 4785 602 4842 necessitas
626 4783 798 4857 postularet,
824 4802 946 4842 manum
1001 4782 1139 4850 ussterie,
1156 4781 1233 4853 apud
1249 4797 1323 4852 quas
1338 4778 1510 4850 hujusmodi
1532 4776 1734 4835 translationis
1749 4777 1829 4834 loma

118 4875 272 4946 preberet.
288 4879 402 4932 luteres
424 4876 460 4931 de
483 4875 619 4930 mandato
640 4874 825 4931 Serenissimi
848 4876 947 4949 magni
1000 4875 1182 4946 pervenerat,
1192 4885 1310 4926 summa
1322 4869 1428 4946 domus
1441 4867 1829 4941 lastigiuconsceudisse,ut

118 4963 221 5031 Ducis,
236 4969 267 5021 et
289 4981 324 5021 ex
347 4964 542 5037 permissione
566 4964 697 5036 supremi
712 4963 946 5021 consiliariorum
1001 4961 1043 5018 sio
1057 4960 1102 5017 vel
1128 4976 1144 5017 e
1167 4958 1327 5031 longinquo
1350 4973 1384 5013 ex
1407 4957 1521 5014 intimis
1536 4953 1704 5030 precordiis
1719 4970 1829 5029 sponso

119 5060 253 5121 mustus,
266 5071 319 5127 per
333 5054 465 5127 publicos
480 5053 605 5110 civitatis
619 5070 765 5125 praecones
778 5071 885 5127 pompe
900 5071 946 5110 so·
1001 5050 1111 5109 coelesti
1127 5047 1288 5105 devotionis
1303 5046 1446 5121 obsequia
1459 5047 1641 5104 exhiberent.

119 5139 306 5199 lemnissima
314 5143 442 5199 edictum
451 5141 626 5212 estbujusce
634 5142 775 5199 solemnia
783 5143 948 5199 translatio·
1035 5141 1062 5197 5.
1080 5163 1093 5191 a
1109 5137 1207 5194 Placet
1216 5137 1306 5194 etium
1316 5137 1363 5193 bic
1375 5136 1484 5193 littaris
1497 5135 1671 5210 consignare
1682 5132 1832 5206 specialis-

119 5230 166 5287 uis
178 5232 285 5288 festum
301 5232 330 5288 iu
347 5236 518 5303 sequentem
534 5231 611 5287 diem
627 5248 691 5298 nav,
704 5232 780 5288 detis
791 5232 879 5288 etium
895 5249 947 5305 pro
1001 5229 1109 5287 simum
1122 5228 1261 5292 levorem,
1273 5243 1361 5298 quem
1375 5225 1599 5282 illustrissimus
1609 5228 1639 5281 et
1649 5223 1717 5280 Rev.
1732 5221 1832 5279 Domi·

118 5320 223 5376 eadem
239 5321 286 5377 die
305 5321 433 5377 induciis
447 5320 535 5377 etiam
552 5319 733 5376 debitoribus
748 5337 870 5377 camera
893 5322 947 5377 du·
1002 5335 1058 5375 uus
1069 5317 1102 5373 D.
1115 5315 1290 5372 Franciscus
1301 5313 1427 5386 Nerlius,
1440 5313 1677 5386 archiepiscopus
1689 5310 1830 5369 Florenti·

118 5409 185 5465 cali.
199 5409 316 5467 Pridam
326 5409 414 5467 etiam
430 5408 579 5465 schedulis
592 5409 628 5464 ad
644 5408 835 5465 ecclesiarum
851 5409 948 5468 valva
1002 5425 1069 5473 nus,
1086 5405 1122 5462 ed
1138 5403 1310 5460 instantiam
1326 5401 1524 5459 illustrissimi
1539 5405 1568 5458 et
1582 5406 1650 5458 Rev.
1667 5399 1784 5457 Domini
1795 5400 1830 5456 b.

116 5498 270 5572 etreliqua
277 5498 486 5572 publicaurbis
495 5496 948 5570 locualllrispopulusinvitatue
1001 5494 1131 5568 Philippi
1147 5492 1288 5561 Saldanii,
1305 5493 1478 5549 liasularum
1493 5489 1633 5564 episcopi,
1649 5493 1678 5546 et
1697 5489 1829 5547 Serenia-

114 5591 191 5656 erat‚
202 5593 232 5644 et
247 5604 350 5647 omues
363 5588 420 5666 uiri
434 5587 559 5658 nobiles,
573 5586 650 5644 datis
665 5587 702 5642 ad
718 5603 768 5644 eos
782 5585 899 5662 litteris,
916 5592 949 5646 ut
1003 5585 1072 5648 simi
1090 5600 1124 5642 ao
1139 5581 1382 5641 Reverendissimi
1397 5580 1543 5657 Principis
1555 5578 1718 5638 cardinalis
1732 5581 1829 5659 prote·
