3892 6096
133 329 195 395 ild
687 332 806 396 Lissa
826 333 878 395 nu
899 331 1030 396 CURSU
1051 332 1287 399 salutantur.
1782 330 1844 395 214

135 462 277 523 convertit
289 461 321 519 in
335 461 448 520 vinum.
463 463 523 520 Hoc
548 480 664 537 quoquc
684 465 861 522 miraculum
877 465 961 522 toties
975 464 1003 532 A
1018 464 1084 532 ciet,
1099 467 1351 538 prosperabuntur
1364 466 1455 539 (Ptol.
1472 484 1492 535 1,
1514 466 1543 537 2,
1567 466 1604 541 3).
1630 464 1842 527 Verumtamen

133 554 212 621 lacit,
224 552 342 627 quoties
353 569 532 626 quemquam
555 554 691 611 acarnali
709 556 766 610 vita
777 556 811 611 ad
824 555 960 627 spiritua·
1017 554 1197 629 quoniamst
1210 555 1273 627 ipsc
1288 554 1504 627 aliquantulum
1516 560 1652 630 expertus
1667 572 1745 624 sum,
1760 560 1790 615 et
1803 556 1842 617 ab

131 645 192 703 lem
206 642 363 700 convertit.
379 643 504 716 Ideoque
525 650 553 699 et
578 661 643 711 nos,
668 645 773 701 tratres
792 644 962 713 clarissimi,
1016 644 1083 701 aliis
1098 644 1205 717 sapius
1220 644 1329 714 audivi,
1344 644 1375 701 in
1391 643 1522 718 quolibet
1536 645 1634 702 studio
1650 644 1766 703 nubum
1781 644 1839 704 cito

131 733 293 792 Dominum
303 736 436 788 nostrum
446 732 520 787 tanti
532 732 963 807 miraculiopcratorcmdcpre·
1016 751 1101 806 posse
1116 733 1179 790 fiori
1193 734 1366 807 perlectum,
1381 735 1432 791 sed
1448 750 1465 790 a
1478 733 1576 806 parvis
1587 735 1674 792 rebus
1682 734 1840 793 omniaiu·

130 822 961 894 cemurut,adnosvaniens,nuptiasqucinnobislacieus
1015 824 1121 895 cipere,
1139 824 1232 880 instar
1246 822 1406 895 cujuslibet
1420 822 1516 897 graui,
1532 823 1621 898 quod,
1637 827 1841 896 postquamex

130 911 206 970 tales
220 927 274 985 per
297 927 371 984 quas
393 911 457 983 ipse
485 910 603 983 quidem
629 929 767 985 sponsus,
782 912 880 969 anima
893 928 961 968 vero
1015 912 1126 969 semine
1141 913 1171 969 in
1190 918 1298 970 terram
1319 913 1448 985 projecto
1474 915 1572 971 crtum
1597 911 1694 984 luerit,
1709 913 1840 986 primum

130 1006 234 1059 nostra
245 1000 520 1073 efficiaturaponsa,
531 1017 638 1073 aquam
650 1002 775 1058 carnalis
785 1002 860 1073 vita,
870 1018 960 1074 quam
1015 1003 1134 1076 quidem
1149 1003 1179 1060 in
1195 1002 1329 1069 herbam,
1345 1002 1451 1059 deinde
1465 1000 1495 1058 in
1515 1001 1639 1075 spicam,
1654 1005 1839 1076 postremum

129 1091 174 1148 vel
188 1106 244 1165 pro
257 1090 433 1147 necessitate
455 1089 590 1147 mortalis
615 1095 725 1147 natura
747 1091 792 1147 vel
817 1108 869 1164 pro
882 1091 961 1148 mala
1012 1108 1080 1148 vero
1096 1093 1125 1147 in
1140 1092 1259 1165 plenum
1272 1092 1452 1147 frumentum
1464 1091 1621 1148 crescendo
1630 1089 1764 1149 vertitur.
1776 1093 1838 1159 Quo

130 1178 655 1252 consuetudinshucusqucbibimus,
667 1179 697 1236 in
709 1180 810 1237 vinum
820 1180 958 1253 spiritua·
1011 1180 1147 1239 videlicet
1161 1181 1344 1255 significatur
1358 1196 1461 1238 omnes
1486 1181 1523 1237 ad
1546 1180 1606 1238 alta
1618 1180 1772 1239 tendentes
1786 1196 1840 1256 per

128 1271 169 1329 lis
183 1270 249 1326 vite
263 1269 404 1342 dignetur
423 1273 601 1326 convertere.
1012 1270 1189 1327 tentationes
1205 1269 1314 1328 multas
1328 1270 1495 1343 probandos
1510 1285 1575 1328 esse
1598 1270 1681 1345 prius
1692 1288 1783 1346 quam
1797 1271 1835 1331 ad

167 1359 271 1417 Docuit
284 1359 374 1415 ctiam
389 1358 531 1415 Dominus
545 1357 576 1414 in
600 1358 754 1433 Evangelio
778 1358 914 1432 praelatos
929 1365 959 1416 ct
1012 1359 1198 1433 perfectionis
1214 1359 1343 1417 tractum
1358 1359 1539 1433 perveniant.

128 1449 245 1523 Judioss
259 1465 318 1506 nou
336 1448 441 1505 debere
457 1449 622 1522 praecipites
636 1465 701 1505 esse
709 1448 870 1522 injudicio.
883 1449 957 1505 Nam
1319 1467 1435 1524 GApUT
1453 1466 1527 1523 χχι,

129 1554 195 1595 cum
207 1538 370 1612 quamdam
383 1536 536 1594 mulierem
550 1537 580 1593 in
591 1537 734 1595 adulterio
745 1538 957 1611 deprehensam
1009 1555 1113 1611 pm
1127 1564 1221 1614 mg„
1247 1573 1307 1628 Μ
1335 1556 1496 1614 lemtim,
1523 1566 1552 1614 ει
1578 1559 1653 1630 [⁰0¹⁰
1679 1559 1836 1616 mmm.

127 1628 221 1686 Judaei
238 1631 306 1685 ante
320 1627 403 1684 illum
420 1631 595 1696 statuerent,
612 1631 641 1683 ct
655 1644 707 1700 pro
723 1628 894 1700 hujusmodi
905 1627 958 1684 eri·
1045 1629 1134 1684 storiis
1155 1631 1180 1685 et
1204 1644 1301 1697 cursus
1325 1629 1369 1684 sui
1395 1628 1553 1701 spiritualia
1579 1630 1662 1687 initio
1686 1628 1742 1687 sibi
1754 1629 1835 1689 obue-

127 1718 206 1777 miue
216 1718 368 1790 judicium
384 1717 479 1790 ipsius
503 1716 697 1790 exquirerent,
714 1734 773 1773 non
788 1717 888 1773 statim
903 1734 956 1789 pro
1045 1700 1148 1755 nerim·

126 1807 276 1881 exquisito
291 1806 441 1880 respoudit
458 1807 583 1880 judicio,
609 1808 660 1863 sed
684 1807 829 1865 inclinans
853 1823 884 1863 sa
899 1807 994 1907 ali-B
1046 1805 1472 1880 Libethicscriptacujusdam
1486 1805 1581 1863 tidelis
1600 1805 1732 1882 mihique
1742 1807 1835 1869 nolis·

127 1895 258 1971 quandiu
273 1895 305 1951 in
320 1899 396 1953 terra
409 1896 557 1953 scribebat
569 1896 659 1969 digito
671 1914 678 1965 ;
699 1897 861 1953 admoneus
873 1896 952 1953 iide-
1008 1895 1077 1951 simi
1089 1895 1185 1951 fratris
1195 1895 1333 1964 inserere,
1346 1896 1407 1970 qui,
1426 1896 1462 1951 ad
1473 1895 1693 1954 conversionem
1702 1896 1833 1968 veniens,

126 1983 952 2059 licatomncslidaleshocfactoutcumqumlibctproxi-
1007 1985 1226 2059 etSoripturam
1237 1984 1836 2059 sacremlegendolrequentans(babebat

127 2073 570 2147 morumvitiaoonspiciuntvcl
587 2075 723 2147 audiunt,
746 2092 802 2132 non
814 2075 951 2131 antehac
1006 2076 1085 2131 enirn
1101 2090 1183 2148 spem
1201 2091 1338 2149 magnam
1353 2076 1383 2131 in
1398 2074 1832 2148 haclectione),nimiadiutur·

126 2163 644 2237 respondendcjudicare[judicent],
656 2180 745 2236 quam
756 2165 792 2220 ad
804 2164 951 2220 conscion·
1007 2180 1103 2237 nsque
1118 2163 1212 2220 hostis
1227 2164 1340 2237 antiqui
1364 2163 1585 2237 impugnatione
1608 2164 1786 2239 fatigabatur
1800 2166 1832 2224 in

125 2254 197 2312 tiam
211 2253 363 2327 propriam
379 2254 488 2311 reversi
504 2254 690 2310 discretionis
704 2253 795 2327 digito
808 2270 872 2310 eam
888 2254 951 2309 dili·
1006 2254 1108 2310 eadem
1123 2270 1208 2311 sacra
1220 2255 1381 2328 Scriptura.
1397 2254 1511 2319 Quanto
1526 2269 1654 2327 namque
1668 2254 1832 2314 studiosius

123 2348 228 2419 genter
242 2341 391 2416 sculpant,
407 2348 444 2413 et,
468 2343 498 2399 iu
523 2360 566 2411 ea,
587 2342 659 2415 quid
673 2343 823 2399 Conditori
838 2343 951 2415 placeat
1005 2343 1189 2418 illelcgebat‚
1202 2342 1720 2416 tantomagistentationismolestia,
1731 2342 1833 2403 utsibl

124 2432 233 2505 quidve
245 2430 399 2505 displiceat
417 2431 519 2489 sedula
543 2431 756 2489 examinatione
779 2432 949 2490 discutiant.
1005 2431 1169 2502 videbatur,
1184 2434 1341 2489 crescebat.
1355 2433 1487 2505 Cumque
1502 2448 1554 2504 per
1570 2432 1618 2488 liei
1629 2432 1754 2506 gratim
1765 2438 1833 2509 post

122 2522 177 2579 Per
190 2520 410 2578 inclinationem
431 2522 558 2595 danique
572 2523 643 2579 Jesu
659 2521 823 2589 humilitas,
840 2539 891 2595 per
905 2523 949 2577 di·
1006 2521 1133 2578 multum
1148 2522 1289 2594 temporis
1304 2521 1341 2577 ab
1356 2521 1411 2577 hac
1426 2512 1650 2595 impugnatione
1660 2521 1831 2595 eriperetur,

122 2612 218 2685 gitum
234 2610 420 2669 discretionis
433 2612 595 2679 subtilitas,
616 2629 668 2686 per
692 2618 799 2669 terram
819 2629 886 2670 vero
902 2631 951 2670 cor
1005 2611 1138 2684 cogitans
1153 2610 1289 2684 qualiter,
1305 2627 1357 2683 per
1372 2625 1406 2666 ca
1419 2627 1484 2683 ques
1495 2613 1683 2683 persenserat,
1694 2613 1756 2668 tam
1766 2610 1831 2686 ipse

121 2699 299 2771 humanum,
316 2701 395 2772 quod
410 2702 454 2758 vel
468 2702 613 2758 bonarum
633 2702 677 2758 vel
701 2701 844 2758 malarum
861 2702 950 2758 actio·
1005 2717 1092 2773 quam
1106 2699 1156 2756 alii
1168 2699 1304 2756 edificari
1316 2702 1447 2772 possent,
1463 2697 1583 2773 scripsit
1592 2715 1651 2756 non
1662 2699 1759 2756 solum
1770 2699 1833 2759 illa·

121 2805 193 2846 num
209 2789 285 2847 solat
299 2790 420 2847 reddere
434 2791 559 2858 fructus,
575 2791 760 2865 exprimitur.
1004 2793 1048 2845 tas
1056 2788 1226 2846 tentationis
1237 2788 1398 2857 molestias,
1411 2788 1462 2845 sed
1472 2787 1561 2844 ctiam
1572 2804 1661 2845 sacrae
1672 2788 1830 2863 Scriptura

156 2879 389 2952 Sepecoutingit
400 2884 432 2936 ut
447 2880 524 2936 inter
543 2880 652 2938 multos
668 2881 777 2953 peritos
791 2880 896 2953 aliquis
912 2881 951 2937 sit
1004 2878 1169 2947 verbasco
1184 2895 1242 2934 non
1257 2894 1439 2951 quaecuuque
1456 2893 1492 2935 ex
1515 2876 1615 2934 diviua
1637 2876 1830 2950 inspiratione

122 2967 263 3025 tardioris
273 2968 486 3042 ingenii;quod
496 2968 822 3026 scilicetllominusnon
836 2974 948 3026 tantum
1004 2967 1061 3023 sibi
1076 2972 1280 3040 provenerant,
1297 2968 1406 3040 quibus
1420 2967 1532 3023 interea
1546 2965 1748 3038 respondendo
1764 2972 1829 3025 ute-

119 3061 239 3131 propter
258 3059 323 3130 ejus
338 3058 520 3130 imperitiam
534 3058 579 3114 vel
595 3058 790 3115 dissidentiam
806 3059 867 3115 sieri
883 3076 948 3131 per·
1004 3056 1091 3112 batur
1105 3074 1157 3129 pro
1169 3057 1281 3131 clypco,
1297 3061 1326 3113 et
1338 3056 1390 3129 qui
1400 3055 1458 3112 sibi
1471 3059 1553 3113 erant
1562 3054 1730 3114 charissimi
1739 3056 1828 3130 spiri·

119 3145 221 3214 mittit,
236 3146 288 3204 sed
306 3146 394 3204 etiam
411 3152 444 3202 ut
458 3146 506 3204 alii
522 3151 583 3203 tam
595 3148 784 3222 luturiquam
796 3148 948 3222 prasentia
1003 3144 1155 3216 tuulcsquc
1170 3145 1269 3212 amici,
1285 3143 1424 3201 ostendit.
1438 3144 1505 3200 Haec
1517 3144 1617 3216 igitur,
1635 3144 1705 3218 quia
1714 3148 1743 3201 et
1753 3144 1828 3201 mibi

119 3236 263 3308 temporis
277 3235 413 3293 homines
428 3237 533 3293 eadem
548 3236 696 3310 imperitia
712 3236 877 3294 laborantes
887 3219 984 3294 cor-G
1003 3234 1134 3307 poscenti
1150 3233 1392 3307 sapiuslcgcnda
1404 3231 1495 3301 dedit,
1506 3232 1635 3304 cogitare
1653 3231 1828 3305 coepiuthis

117 3323 258 3398 rigantur
271 3328 302 3381 et
314 3326 507 3382 instruantur.
532 3326 627 3383 Nimis
651 3325 731 3382 enim
750 3327 889 3399 providus
904 3332 949 3383 cst
1002 3323 1102 3396 quiin
1123 3322 1274 3394 Scriptura
1293 3336 1377 3378 sacra
1394 3337 1426 3376 se
1443 3319 1826 3392 exercerestudentaliquo·

115 3414 282 3485 Dominus,
297 3417 327 3471 et
339 3415 410 3471 nulli
423 3416 467 3472 vel
478 3417 551 3473 bene
560 3417 605 3473 vel
617 3416 692 3473 male
703 3420 872 3491 contingere
882 3432 947 3490 per·
1002 3412 1088 3469 modo
1098 3412 1257 3484 panderem
1269 3427 1277 3478 ἰ
1294 3413 1450 3483 quatenus,
1464 3424 1517 3481 1³⁰?
1526 3408 1660 3464 eamdem
1670 3407 1826 3482 impussm·

115 3503 218 3561 mittit
231 3507 349 3576 propter
362 3520 392 3561 se
404 3506 499 3562 solum
513 3525 519 3573 ;
533 3507 583 3563 scd
596 3510 628 3563 ut
638 3504 727 3563 simul
738 3505 788 3561 alii
799 3506 946 3580 corrigan-
1001 3502 1110 3557 tionem
1126 3517 1216 3572 quam
1231 3500 1295 3571 ipse
1308 3515 1415 3571 passus
1429 3501 1502 3567 erat,
1517 3493 1561 3552 illi
1572 3495 1717 3553 cautiores
1726 3493 1826 3554 torbo-

115 3598 167 3650 tur
178 3597 235 3649 aut
249 3592 436 3650 consolentur
449 3612 501 3668 per
514 3595 610 3652 illum.
627 3597 719 3668 Cujus
729 3595 946 3669 nimirumpro·
1001 3607 1106 3663 rosque
1135 3592 1237 3646 contra
1265 3586 1416 3644 diabolum
1445 3587 1640 3643 efficerentur.
1655 3584 1702 3641 Sic
1716 3584 1826 3660 quippe

116 3681 254 3739 videnti&
269 3698 359 3741 causa
373 3689 508 3741 sanctum
525 3685 670 3742 Thomam
691 3685 855 3757 apostolum
870 3685 947 3742 inter
1000 3680 1104 3752 incipit
1119 3678 1246 3735 scribere
1265 3677 1300 3733 de
1324 3675 1521 3732 tentationum
1543 3690 1665 3731 suarum
1679 3672 1825 3732 molestia·

116 3771 189 3829 alios
204 3773 356 3846 apostolos
369 3775 523 3831 credentes
538 3776 673 3846 permisit
688 3776 724 3830 ad
736 3781 854 3848 tempus
864 3775 947 3831 dubi·
1036 3768 1207 3826 Delusiones
1222 3768 1337 3823 Satanae
1359 3765 1456 3821 varias
1479 3763 1604 3837 vigilans
1627 3778 1661 3820 ao
1675 3761 1826 3821 dormiens

114 3864 177 3919 tare
192 3861 229 3918 de
244 3861 460 3919 resurrectione
476 3881 540 3934 sua,
557 3867 589 3920 ut
610 3863 707 3920 cuncti
724 3863 753 3919 in
769 3880 945 3937 quocunque
999 3857 1117 3931 pertuli,
1133 3874 1208 3931 quas
1218 3856 1287 3913 licet
1297 3854 1450 3911 universas
1466 3868 1594 3925 nequam
1612 3852 1825 3910 dinumerando

114 3948 176 4009 loeo
192 3949 239 4007 vel
254 3954 388 4023 tempore
403 3952 490 4025 positi
508 3968 560 4025 per
583 3953 647 4024 ejus
670 3952 884 4009 dubitationem
899 3953 943 4008 in·
998 3963 1143 4021 promere,
1167 3945 1283 4017 aliquos
1307 3947 1405 4000 temen
1430 3942 1578 4000 memori&
1601 3940 1718 4013 iusim,
1738 3945 1826 4015 timul

112 4042 305 4097 struerentur
318 4041 355 4097 ad
379 4041 477 4097 sidem.
494 4042 535 4098 De
559 4058 618 4114 qua
630 4041 813 4099 dubitatione
824 4045 943 4099 sanctus
999 4052 1132 4110 possum,
1148 4034 1212 4092 volo
1227 4034 1345 4090 rclerrc.
1357 4037 1393 4088 nt
1407 4048 1472 4090 reor
1486 4033 1542 4089 hoc
1556 4030 1687 4105 primum
1697 4030 1824 4088 dalreu-

112 4127 274 4203 Gregorius
287 4128 318 4185 in
333 4128 456 4186 homilia
474 4131 601 4203 quadam
622 4131 771 4187 disserens
784 4130 826 4187 ait
842 4151 848 4185 :
865 4133 941 4187 llan-
999 4126 1086 4183 dibus
1100 4125 1148 4182 his
1162 4123 1390 4198 perhibendum,
1412 4122 1490 4195 quod
1512 4125 1542 4177 et
1564 4125 1634 4178 ante
1648 4118 1826 4177 monachilis

118 4218 199 4290 quid,
214 4219 316 4287 {ratres
329 4220 497 4288 charissimi,
513 4236 578 4277 caea
593 4229 699 4292 pestem
710 4220 824 4277 creditit
840 4223 870 4276 ut
888 4222 942 4277 otc·
997 4216 1062 4272 vita
1078 4214 1303 4288 professionem,
1319 4216 1347 4268 et
1361 4216 1463 4284 postea
1488 4211 1539 4268 diu
1562 4226 1722 4284 perpessus
1737 4224 1825 4278 sum,

116 4315 181 4364 ctus
197 4304 347 4381 difectputm
370 4309 403 4366 de
424 4310 621 4367 resurrectione
643 4310 790 4381 dictitaret,
814 4310 944 4366 dubitatis
999 4304 1068 4377 quia
1078 4303 1188 4360 seilicet
1201 4298 1623 4373 satisstolidaimprovidaque
1631 4298 1705 4356 mibi
1715 4299 1826 4357 inesset

115 4396 257 4468 ρηιραηι,
269 4398 389 4471 palpans
402 4399 546 4456 crederet?
560 4399 944 4468 pontoccaw„0tt(12·pirtc
998 4392 1141 4449 voluntas
1158 4389 1368 4458 conversionis,
1392 4405 1493 4461 quam,
1517 4391 1620 4444 contra
1643 4387 1826 4460 scripturam

115 4484 298 4557 dispositione
311 4491 416 4559 gestum
429 4493 479 4544 cst.
495 4489 562 4559 Egit
576 4505 695 4561 nomque
719 4491 791 4544 titire
806 4488 883 4545 otrodo
897 4488 943 4543 ‹ti-
998 4498 1123 4550 sacram,
1139 4498 1204 4554 quae
1220 4479 1309 4536 dicit:
1327 4479 1428 4536 titania
1445 4477 1494 4552 {oc
1516 4492 1579 4534 cuin
1601 4475 1716 4534 consitio
1730 4473 1825 4546 (dccli.

114 4576 572 4650 rimctemcntio:utduciputae
596 4578 735 4650 dictitant,
758 4579 942 4634 diretitttlo·
956 4589 1087 4665 Dassa,
1120 4571 1158 4641 l),
1184 4569 1247 4626 siue
1271 4566 1393 4625 consilio
1415 4569 1570 4638 parcntum
1600 4569 1630 4621 et
1650 4562 1825 4631 amicorum,

115 4666 266 4733 turmam
281 4668 395 4723 tutum
407 4668 534 4740 palparet
553 4667 656 4732 cornis,
681 4668 713 4723 in
736 4667 816 4722 iretis
831 4668 945 4722 ramma
999 4650 1827 4735 quamque,inmasimojuventutisfervorepositus,sub1

118 4758 226 4813 inuret
240 4756 435 4828 infidelitatis:
449 4758 512 4829 plus
525 4759 602 4813 enirn
617 4758 698 4813 notis
725 4758 832 4813 Thomas
844 4755 941 4824 infide·
996 4752 1037 4807 ito
1056 4749 1159 4805 vollem
1183 4747 1284 4815 adire,
1311 4742 1458 4815 nimisque
1481 4741 1557 4799 toret
1577 4740 1779 4799 inconsultum
1792 4742 1826 4796 ut

119 4841 237 4901 &asad
248 4843 342 4915 fidem,
363 4860 445 4917 quom
469 4845 640 4901 credentium
661 4843 860 4915 discipulorum
874 4841 943 4914 fides
997 4837 1168 4911 hujusmodi
1181 4828 1824 4907 homoquisquamtemperieulcsumsuaci·

118 4932 229 5003 uoluit.
998 4933 1080 5004 peret
1090 4934 1188 4986 votum
1200 4943 1207 4983 :
1218 4925 1345 4995 ideoque
1356 4920 1448 4979 multo
1460 4919 1567 4979 melius
1577 4936 1643 4979 essa
1653 4923 1696 4988 ut,
1706 4921 1825 4993 presto·

151 5019 217 5079 lam
232 5022 286 5080 dlu
302 5038 355 5095 per
364 5038 479 5080 amoena
489 5021 586 5078 etlata
594 5036 682 5078 sacra
692 5019 945 5093 Scripturaeprota
999 5019 1064 5076 lans
1074 5033 1169 5090 usque
1179 5016 1214 5072 ad
1230 5013 1323 5071 etatis
1333 5009 1503 5068 maturioris
1524 5009 1743 5084 perlectionem,
1753 5011 1825 5065 tuno

123 5112 268 5185 omenque
282 5112 460 5185 digrediens,
476 5115 504 5168 et
518 5111 606 5168 liores
630 5110 680 5184 qui
704 5110 880 5166 videbantur
891 5126 942 5181 op·
998 5110 1129 5175 tandem,
1145 5121 1213 5162 cum
1226 5119 1257 5160 se
1271 5102 1364 5159 virtus
1375 5099 1531 5174 ingesserit
1540 5101 1637 5157 omnis
1646 5101 1759 5173 sponte,
1770 5112 1823 5170 pro

123 5198 180 5257 b'mi
192 5201 300 5260 exinde
313 5201 484 5274 decerpens,
508 5201 551 5258 eis
566 5200 675 5273 quibus
696 5218 730 5258 cx
746 5199 867 5256 scientia
882 5199 944 5254 sul·
999 5198 1163 5256 desiderata
1173 5198 1295 5251 tractem
1307 5189 1506 5250 conversione.
1522 5189 1588 5246 Hae
1603 5187 1722 5263 quidem
1733 5189 1763 5242 et
1775 5183 1823 5242 his

125 5286 366 5349 maresscalcus
390 5295 435 5350 est
460 5290 587 5365 plurima
610 5290 721 5363 scripta
745 5289 830 5361 quasi
846 5292 944 5345 trans·
1000 5287 1109 5347 similia
1125 5288 1154 5343 in
1170 5283 1274 5358 primis
1285 5281 1358 5339 mihi
1369 5281 1455 5354 quasi
1466 5278 1669 5354 compatiendo
1680 5280 1711 5334 et
1721 5291 1826 5337 cousu-

127 5374 225 5441 diendo
240 5396 422 5458 percurrere,
434 5397 511 5437 viam
522 5379 719 5438 demonstrari
730 5379 759 5433 in
771 5379 946 5449 quajugiter
1000 5379 1085 5436 lendc
1095 5369 1467 5438 intulitillusiodiaboliea;
1476 5368 1667 5435 deindevero,
1676 5376 1744 5423 cum
1753 5363 1836 5441 talia,

126 5470 298 5543 meditando,
315 5471 514 5530 conservando
528 5468 724 5544 spiritualiter
744 5483 859 5523 currere
876 5483 945 5541 pos·
1000 5470 1036 5526 ad
1048 5466 1168 5541 plenum
1179 5461 1337 5521 voluntatis
1347 5476 1406 5516 suae
1419 5460 1565 5526 ellectum,
1577 5455 1630 5514 Dei
1643 5455 1737 5530 gratia
1751 5453 1824 5513 resi·

126 5558 188 5618 tint.
202 5562 239 5620 ut
254 5578 346 5636 quam
371 5560 465 5618 dulcis
485 5576 591 5617 cursus
616 5560 681 5631 ejus
702 5557 752 5630 qui
767 5556 797 5611 in
812 5554 874 5629 lege
889 5557 945 5612 Do·
1001 5563 1167 5624 stento,non
1179 5543 1704 5626 potuissettentatornequissimusin
1716 5544 1824 5603 memet

127 5650 192 5711 nini
205 5652 369 5713 meditatur
383 5651 431 5711 die
445 5666 480 5711 ao
493 5660 580 5710 nocte
592 5650 599 5708 l
610 5648 685 5717 Quia
707 5662 890 5723 quacunque
905 5646 946 5705 ta·
1000 5647 1143 5718 obtinere,
1154 5644 1191 5703 ad
1203 5640 1325 5715 maj0ris
1333 5637 1667 5713 excitatueastpugnam
1674 5631 1823 5709 nequltia.
