3892 6096
110 327 169 389 eft
374 356 377 361 ⁴
637 320 669 384 S.
692 314 857 383 loturus
881 314 1104 382 cultellum
1127 321 1294 387 ABBd'l'lS
1641 262 1652 276 =
1759 316 1821 381 tlt

114 458 186 534 priis
202 455 299 529 aspexi
324 451 416 511 oculis
443 451 572 522 (aderam
594 451 684 522 enim)
709 451 804 508 bieme
823 467 938 525 aspera,
951 451 980 518 Α
995 452 1091 511 Missae
1116 455 1276 526 audienda,
1299 454 1418 527 quande
1433 449 1574 510 deformis
1592 446 1706 508 stridet
1728 446 1819 509 bieme

112 549 161 607 vili
177 550 257 602 vesle
272 549 299 599 et
315 541 432 616 palliolo
443 547 600 599 contentus
611 543 700 599 etiam
713 542 800 598 nudie
814 541 940 615 pedibus
998 541 1109 598 fessum
1124 547 1209 600 vento
1223 545 1329 614 Boram,
1346 541 1494 615 oppletum
1510 539 1585 607 nive,
1600 536 1743 594 cruribus
1756 554 1817 597 ses·

112 635 277 694 interrivos
291 638 320 690 et
334 648 455 704 asperas
470 631 589 704 glacies,
603 633 688 689 nobis
699 632 761 689 solo
771 632 835 688 visu
846 632 942 704 rigen-
997 630 1176 702 guinolentie
1188 632 1393 704 calcaneisque
1407 628 1518 696 scissis,
1533 628 1635 684 laetum
1650 626 1816 700 tamenipeo

115 722 395 790 libus‚incadebot;
418 738 505 794 quom
533 738 646 778 morem
677 722 747 792 fere,
775 721 943 792 dumvixit,
999 717 1596 793 testtvomquaincomino,hoos.ttarie
1607 716 1817 775 monasterium

119 813 467 883 servavitlntercetera,
484 827 547 882 que
564 810 757 884 spiritualiter
767 828 825 867 non
841 825 943 883 super·
999 808 1114 880 adiesa;
1130 829 1184 869 nos
1195 827 1261 868 vero
1271 826 1374 867 omnes
1385 806 1578 865 admiratione
1587 804 1685 874 ducti,
1696 804 1817 878 undique

120 903 341 975 stitioseageret
362 901 396 957 ad
414 916 531 957 carnem
546 900 744 957 edomandam
768 903 840 971 eret,
865 898 944 972 quod
997 899 1110 956 visendi
1126 900 1225 957 studio
1239 901 1275 957 sd
1292 899 1525 957 eumconllnere.
1537 895 1595 951 otii
1606 893 1817 968 palliolnmter

120 992 296 1049 creberrime
309 991 391 1047 intus
405 993 434 1046 et
447 990 517 1046 foris
533 990 613 1046 nuda
631 1005 726 1063 genua
752 990 837 1045 nuda
861 987 944 1044 bumi
999 1005 1085 1062 gere;
1106 989 1155 1046 alii
1179 1006 1286 1062 aquam
1310 988 1434 1045 calidam
1454 1003 1506 1061 pro
1530 982 1678 1042 fricandis
1705 983 1818 1057 pedibu

122 1082 266 1137 flectebat.
279 1080 401 1152 Insuper
412 1078 527 1151 quoties
542 1095 595 1135 nos
610 1078 693 1151 pueri
708 1077 801 1151 gratia
815 1075 946 1134 exercitii
1000 1079 1089 1148 ferre;
1104 1080 1229 1153 quisque
1244 1097 1296 1152 pro
1318 1095 1350 1136 se
1364 1077 1498 1136 certatim
1522 1075 1707 1148 obsequium
1728 1073 1819 1133 libasti

121 1169 165 1225 vel
177 1169 285 1242 quietis
295 1169 330 1224 ad
350 1168 439 1240 Alpes
454 1185 506 1225 seu
520 1168 556 1223 ad
575 1183 694 1224 nemora
708 1166 944 1235 concederemus,
999 1168 1097 1225 animo
1109 1172 1256 1240 prestare.

121 1258 169 1315 hic
184 1276 243 1314 una
258 1274 374 1330 semper
388 1257 542 1313 nobiscum
558 1257 613 1313 iter
627 1256 865 1329 aggrediebatur:
883 1271 946 1311 mo·
1034 1259 1097 1313 ⁴270.
1113 1257 1253 1314 Ceterum
1270 1258 1324 1312 boo
1335 1271 1521 1327 summopere
1532 1252 1821 1311 admirabanturom·

122 1364 200 1413 nere,
215 1345 324 1404 hortari
340 1346 376 1402 ad
393 1344 525 1416 meliora,
541 1344 681 1403 advitam
705 1350 854 1412 eternam,
870 1360 946 1401 nun·
1002 1361 1063 1414 nes,
1079 1347 1235 1418 quomodo,
1252 1362 1320 1403 oum
1341 1344 1421 1402 brevi
1445 1343 1577 1416 corporis
1600 1345 1726 1399 staura
1744 1345 1820 1410 eust,

120 1452 209 1509 quem
225 1434 375 1491 desistere.
1001 1434 1090 1491 altam
1106 1435 1201 1491 nivem
1217 1432 1384 1506 molemque
1394 1431 1499 1505 glaciei
1512 1431 1637 1488 vitasset
1647 1430 1827 1503 cycnaeum

154 1525 217 1578 267.
235 1523 314 1579 Idem
330 1522 538 1597 igitursepius
554 1538 657 1596 agens,
673 1523 827 1579 nobiseum
843 1537 948 1580 ascen·
1001 1539 1068 1579 cum
1083 1523 1231 1580 interdum
1244 1538 1297 1596 per
1310 1538 1442 1578 mensem
1461 1525 1521 1577 tote
1536 1534 1606 1577 aere
1620 1519 1824 1592 ningeret-,hl

121 1614 193 1670 dens
221 1616 251 1668 et
284 1613 476 1680 descendens,
508 1611 671 1668 solitariam
708 1612 828 1668 tandem
856 1611 947 1667 vitam
1001 1616 1031 1667 et
1045 1610 1124 1668 aliud
1141 1613 1248 1683 mque,
1265 1627 1324 1684 que
1338 1607 1535 1682 insuperabile
1544 1608 1825 1681 itersuperarelrist

122 1700 253 1773 cupiens,
266 1700 369 1757 statuit
383 1716 483 1757 secum
498 1716 575 1766 esse,
590 1715 761 1771 secumque,
782 1702 815 1755 ut
828 1698 947 1765 dicitur,
1002 1706 1120 1772 posset:
1137 1717 1204 1756 nam
1221 1715 1326 1756 novere
1337 1714 1449 1765 errones,
1466 1714 1555 1770 super
1575 1701 1713 1755 veteram
1726 1698 1820 1770 omn,

121 1790 226 1847 virere.
242 1790 334 1846 Petita
357 1788 449 1861 igitur
479 1789 621 1845 missione
643 1791 672 1844 et
691 1787 776 1844 facile
790 1787 949 1861 impetrata
963 1822 988 1888 B
1002 1790 1141 1845 intectam
1157 1788 1330 1861 praesertim,
1345 1805 1421 1845 nova
1434 1786 1555 1844 modicas
1574 1784 1825 1845 silitudiniecum

124 1880 204 1949 (nam
231 1878 363 1935 nondum
399 1877 581 1949 probationis
620 1875 755 1933 habitum
789 1879 950 1949 acceperat)
1005 1878 1053 1947 eit,
1069 1895 1127 1935 non
1142 1879 1226 1936 facile
1241 1879 1331 1952 pedes
1345 1876 1574 1951 ingredientium
1588 1873 1823 1934 insisteremus.

125 1966 195 2023 illuc
210 1968 247 2023 ad
258 1983 324 2023 eum
341 1965 437 2023 locum
448 1966 643 2035 inaccessum,
658 1966 693 2023 de
708 1982 766 2038 quo
780 1983 871 2039 supra
884 1981 950 2023 ver·
1005 1966 1085 2023 bitur
1097 1967 1175 2024 enim
1191 1984 1243 2041 pes
1253 1985 1305 2041 per
1315 1967 1425 2025 nudam
1434 1965 1570 2039 glaciem,
1582 1962 1823 2037 comanerent

127 2057 198 2113 bum
213 2056 346 2128 fecimus,
362 2073 421 2113 non
437 2057 501 2113 sine
516 2055 645 2112 maxima
666 2055 848 2122 difficultate,
864 2056 951 2113 nobis
1005 2055 1172 2130 vestigium,
1187 2061 1227 2123 et,
1242 2056 1315 2130 pede
1326 2055 1455 2122 fallente,
1467 2071 1520 2112 nec
1534 2050 1823 2127 manino-neceni·

128 2146 228 2219 pueris
243 2145 461 2216 comitantibus,
478 2149 507 2202 et
530 2161 622 2216 arma,
647 2146 757 2218 quibus
779 2143 950 2200 cedendum
1006 2146 1062 2203 bue
1078 2162 1131 2201 neo
1145 2144 1333 2203 adminiculis
1353 2145 1511 2217 quisquam
1534 2141 1705 2217 perieulum
1727 2156 1823 2214 mm

127 2239 204 2291 esset
214 2251 329 2303 saxum,
340 2233 511 2303 ferentibus,
523 2232 949 2290 demumconoessit.Caeterum
1005 2235 1096 2291 vilere
1111 2234 1201 2303 velet;
1217 2236 1259 2291 ita
1271 2234 1302 2290 in
1315 2233 1378 2291 levi
1393 2232 1485 2307 glacie
1499 2232 1668 2305 tabidaque
1688 2229 1823 2289 veleatis

126 2324 227 2397 ajugo
242 2323 360 2395 Alpium
383 2323 418 2377 ad
435 2339 537 2378 saxum
553 2321 608 2377 iter
622 2320 737 2377 nullum
753 2325 831 2379 erat:
848 2337 951 2377 omnes
1006 2340 1123 2395 corpus,
1133 2323 1431 2381 secenturinterdum
1446 2322 1546 2395 pedes,
1559 2320 1633 2378 nudi
1644 2319 1822 2393 emmena·-

125 2412 204 2468 eoim
227 2411 320 2466 inhia
343 2409 427 2475 locis,
457 2413 562 2481 prater
588 2414 667 2466 recta
695 2410 810 2477 itinera,
840 2409 951 2467 semite
1006 2413 1102 2485 doque
1115 2406 1822 2484 iniofimamingrediunturnivcmetibiluffi

126 2498 289 2573 precipites
304 2503 332 2555 et
347 2499 485 2554 anfractae
501 2504 529 2555 et
541 2502 672 2571 anguste
688 2504 758 2556 sunt
770 2517 777 2567 ;
791 2500 832 2556 ita
842 2503 884 2569 ut,
900 2499 951 2571 qui
1007 2503 1040 2558 lit
1052 2519 1059 2569 ;
1072 2518 1140 2558 cum
1155 2500 1397 2575 glacieslubrice‚
1410 2504 1442 2556 ut
1452 2499 1521 2566 dixi,
1533 2515 1594 2556 non
1608 2496 1820 2572 temptaui

126 2586 281 2661 paululum
297 2587 447 2655 titubaret,
463 2586 546 2659 lapsu
568 2588 677 2659 pedum
704 2588 732 2643 in
758 2587 951 2661 precipitium
1006 2591 1099 2663 gium,
1115 2595 1145 2646 et
1160 2590 1331 2663 plerumque
1342 2588 1421 2647 velut
1431 2587 1623 2661 pedicecapti
1637 2585 1819 2659 bonomia

127 2674 208 2749 (quia
223 2673 306 2731 nulla
319 2674 447 2748 virgulta
461 2680 489 2731 et
503 2676 613 2749 stirpes
628 2676 708 2747 suut)
722 2676 869 2733 laberetur
880 2695 887 2745 ;
899 2694 952 2734 nec
1007 2678 1174 2736 miserabile
1186 2679 1192 2735 t
1209 2679 1239 2735 in
1256 2680 1331 2735 dure
1344 2682 1373 2735 et
1387 2677 1447 2735 alta
1460 2681 1660 2749 concretaque
1671 2674 1771 2749 glacie

126 2765 214 2821 etiem
231 2768 301 2823 eunt
314 2758 439 2834 radioe's,
453 2764 489 2820 ad
505 2780 579 2835 quas
594 2765 666 2836 pede
685 2768 736 2821 sut
760 2780 850 2821 manu
871 2766 952 2838 quis·
1040 2769 1104 2823 271.
1121 2769 1193 2825 Cum
1207 2767 1287 2824 enim
1301 2766 1451 2824 interdum
1465 2766 1586 2839 quidam
1601 2780 1640 2825 ex
1658 2764 1767 2823 nostrie
1776 2761 1820 2819 mi·

120 2848 216 2927 'quam
231 2853 301 2910 eniti
317 2853 429 2926 possit3
446 2856 560 2926 utpote
579 2853 648 2925 quia
662 2852 726 2910 loca
749 2852 831 2910 arida
852 2854 952 2912 barbis
1007 2856 1165 2914 sericordia
1179 2855 1260 2913 ducti
1275 2872 1354 2927 cum,
1371 2852 1746 2928 quomodcexbujuemedi
1755 2850 1819 2927 μί·

126 2940 301 2998 humillimis
316 2946 345 2998 et
359 2941 499 3014 lapillulis
519 2944 654 3014 cooperta
669 2941 727 2997 fere
741 2958 858 3016 semper
872 2945 951 3013 sunt,
1007 2944 1082 3002 culis
1097 2945 1247 3011 evasisset,
1263 2945 1489 3018 interrogarent,
1513 2941 1612 3015 inquit
1627 2958 1699 3001 roae
1711 2940 1819 2999 eoric

128 3030 186 3088 nisi
202 3030 309 3103 bieme,
326 3046 385 3103 qua
399 3031 465 3087 nive
479 3028 606 3105 geluque
621 3030 720 3087 omnia
734 3029 839 3103 rigent.
1007 3034 1136 3090 demissa
1146 3051 1152 3088 :
1162 3034 1249 3090 tosus
1259 3036 1304 3089 est
1316 3057 1323 3099 ;
1333 3033 1418 3089 lesus
1430 3035 1476 3088 est
1487 3047 1495 3087 ι
1506 3028 1819 3102 interfeminium·

163 3120 227 3175 me.
242 3119 372 3176 Tandem
383 3119 486 3175 mortis
497 3117 817 3191 (201)etsaroulisleco
827 3122 951 3193 purgato
1007 3138 1075 3179 cum
1090 3138 1125 3179 aa
1140 3121 1272 3194 patribus
1287 3120 1408 3193 quidam
1423 3120 1472 3177 bis
1494 3119 1595 3178 uerbis
1617 3135 1690 3177 eum
1708 3116 1817 3192 mugr-

127 3206 951 3282 perdecllvummontissemitaminstarsuloiegessimus.
967 3183 990 3252 0
1007 3211 1097 3267 bant:
1124 3210 1195 3266 Pace
1218 3213 1325 3277 vestra,
1350 3210 1439 3277 frater
1463 3210 1569 3279 Meroe,
1594 3205 1818 3281 dicamnetquie

125 3296 200 3362 Quid
211 3294 324 3352 multa?
334 3295 452 3352 demum
464 3295 550 3365 ferro,
561 3296 707 3367 incendio,
716 3302 856 3371 acetoque
864 3312 953 3370 rupes
1006 3304 1109 3373 prater
1119 3302 1234 3354 etatem
1249 3301 1389 3367 vestram,
1403 3303 1433 3354 et
1446 3302 1646 3371 preterquam
1669 3294 1766 3371 [quedl
1777 3311 1816 3353 re

125 3381 267 3456 mollitur,
283 3383 440 3457 frangitur,
456 3383 605 3457 panditur.
631 3384 770 3442 'friennio
784 3385 883 3458 itaque
897 3385 953 3443 boo
1006 3387 1076 3459 ligio
1086 3391 1168 3444 etres
1179 3386 1361 3459 adhortetur,
1373 3380 1813 3459 duroetparoiterritemuadtia

125 3471 157 3526 in
168 3487 255 3544 opere
265 3470 378 3528 difficili
393 3476 578 3544 consumpto,
591 3473 752 3530 oratorium
764 3474 801 3530 ad
811 3473 952 3532 bonorem
1007 3474 1101 3533 Proh!
1119 3476 1207 3534 fidem
1234 3474 1282 3531 Dei
1297 3478 1387 3548 atque
1400 3473 1575 3532 bominuml
1592 3473 1667 3547 quit
1678 3468 1812 3549 qmdt'ut

124 3558 258 3632 Virginis
273 3560 371 3615 Mariae
393 3560 563 3629 dedicatur;
589 3561 664 3631 quod
679 3560 799 3633 quidem
814 3563 953 3620 omnibus
1006 3562 1134 3619 vultisne
1150 3561 1307 3619 indiscrete
1326 3562 1417 3618 vitam
1441 3564 1580 3621 aeternam
1605 3556 1812 3635 mripereinls

124 3648 260 3705 finitimis
275 3652 305 3704 et
319 3647 502 3722 longinquis,
518 3648 676 3721 quilooum
687 3649 849 3707 devotionis
859 3650 953 3725 gratia
1006 3651 1082 3708 tisne
1097 3650 1127 3706 in
1151 3655 1245 3707 morte
1273 3649 1379 3707 acerbe
1403 3654 1471 3707 ente
1498 3654 1621 3723 tempus
1642 3649 1814 3727 ntiquom

123 3736 255 3805 adibant,
272 3736 378 3793 letitia
394 3753 458 3794 esse
480 3741 509 3794 et
532 3737 730 3794 admirationi.
756 3738 952 3811 Latebaotur,
1007 3738 1122 3812 perire?
1138 3738 1190 3796 Ille
1204 3742 1334 3809 ecculm,
1349 3753 1380 3796 se
1394 3738 1438 3797 ita
1450 3740 1541 3796 vitam
1551 3739 1619 3813 jam
1629 3735 1815 3807 doemunt

124 3826 179 3882 bae
194 3828 278 3881 etate
288 3825 382 3882 ferres
392 3824 482 3882 talem
501 3826 653 3882 eremitam
668 3824 759 3883 bisin
783 3824 855 3883 loeis
871 3844 952 3901 repe·
1005 3828 1110 3896 tuisse,
1126 3832 1155 3885 et
1169 3844 1202 3885 se
1215 3827 1256 3885 ita
1270 3827 1366 3886 vivero
1381 3827 1464 3898 velle,
1481 3828 1553 3885 dum
1564 3828 1696 3903 spiritus
1706 3840 1815 3889 mre·

124 3913 193 3971 riri:
210 3914 434 3970 admirabantur
457 3913 666 3972 abstinentiam
690 3914 754 3984 viri,
771 3914 826 3971 looi
841 3917 951 3988 asperi·
1006 3922 1087 3990 geret
1101 3923 1193 3981 artus,
1219 3916 1324 3981 aiebat.
1341 3922 1371 3973 et
1392 3933 1476 3991 spem
1496 3933 1582 3975 suam
1597 3919 1630 3975 in
1642 3911 1817 3983 rauciret

126 4002 706 4075 tatem,omniuminsuperrerumviotui
719 4002 950 4063 necessariarum
1006 4003 1201 4078 gratiasitam
1224 4004 1380 4061 affirmare.
1409 4004 1537 4079 Denique
1559 4005 1674 4081 sepius
1688 4000 1819 4075 ,ebullit

126 4086 353 4144 difficultatem:
381 4106 461 4157 nam,
487 4094 521 4146 ut
535 4091 607 4159 dixi,
633 4091 712 4147 oudo
734 4091 793 4148 fere
820 4108 950 4165 corpore,
1007 4093 1166 4166 fatigatur;
1182 4092 1321 4151 omniain
1336 4095 1465 4167 pejorem
1476 4100 1591 4167 partem
1602 4090 1817 4169 accipientib-

126 4174 216 4233 nudls
231 4174 366 4248 pedibus,
381 4177 468 4243 lame,
485 4177 602 4251 frigore,
618 4178 774 4251 squallore,
791 4180 950 4238 barbaim-
1004 4181 1178 4255 goaturlat]
1198 4182 1287 4239 veluti
1302 4182 1327 4238 si
1355 4181 1459 4255 pulsus
1487 4181 1543 4239 boo
1569 4183 1603 4241 S.
1618 4181 1720 4253 uarie
1733 4196 1818 4243 mm·

126 4264 951 4340 pexa,membristorridus‚genibuscrebrisorationibus
1005 4268 1223 4338 eleriofuisset‚
1244 4270 1373 4345 amplius
1400 4287 1457 4328 non
1487 4271 1649 4343 rediturus„
1678 4288 1714 4341 ec
1737 4268 1821 4333 uile

125 4352 285 4426 quassatis,
303 4353 415 4420 fractis,
438 4354 514 4410 inter
534 4371 621 4428 rupes
651 4356 839 4428 asperrimas,
854 4358 952 4415 bieme
1006 4358 1152 4416 discessit.
1806 4398 1821 4437 t

123 4442 192 4498 nive
206 4440 332 4515 glacieve
348 4441 471 4515 opletas,
494 4443 565 4500 iesu
590 4444 735 4517 Matrique
750 4446 815 4518 ejus
838 4444 949 4521 Virgini
1039 4449 1100 4503 272.
1119 4447 1241 4514 Exinde,
1270 4447 1440 4521 nescioquo
1469 4447 1547 4506 iuria
1568 4453 1721 4525 arreptus,
1746 4442 1821 4523 enfil

124 4530 222 4588 Maria
238 4530 365 4587 interdiu
380 4535 409 4587 et
423 4536 508 4588 nocte
523 4531 667 4591 deservire
677 4534 824 4592 studebat.
967 4547 989 4613 ῃ
1005 4541 1106 4593 contra
1122 4536 1334 4593 monasterium
1351 4536 1635 4597 animosbominum
1648 4538 1820 4613 rebmlflt

158 4620 222 4675 269.
239 4619 504 4693 Verumimprimie
515 4620 659 4695 mirabile,
671 4621 750 4679 unde
760 4628 860 4680 tantus
872 4622 953 4681 talis·
1007 4623 1155 4699 grassari:
1173 4623 1247 4697 (2ch
1264 4624 1427 4684 namnullo
1441 4623 1598 4685 maledicto
1621 4624 1819 4691 efflueret

122 4709 314 4780 quaerimus
340 4708 396 4765 sibi
411 4708 521 4783 testati,
537 4715 570 4766 ut
584 4709 613 4766 in
639 4710 761 4784 rupibus
778 4712 951 4785 asperrimis
1006 4730 1108 4769 verum
1123 4712 1233 4786 ubique
1253 4713 1428 4771 debacchari
1441 4713 1473 4771 in
1500 4714 1679 4783 monachos,
1704 4711 1820 4787 conuicia

126 4795 281 4852 edificium
297 4798 522 4869 aggrederetur:
538 4816 617 4865 nam,
634 4803 667 4855 ut
681 4803 783 4856 catara
797 4801 827 4856 in
842 4818 947 4874 corpu·
1006 4802 1036 4858 in
1047 4818 1203 4860 conversos
1214 4800 1321 4877 turpia,
1333 4800 1819 4881 etmalediolasepiusgemibutlt

126 4883 240 4939 sculum
260 4885 442 4941 domandum
472 4887 663 4943 admiratione
692 4887 782 4962 digne
804 4890 949 4957 omittam,
1007 4890 1817 4965 acuero,et,quodoiotomquoquenetartmebtatm

125 4969 227 5028 Jesom
253 4976 345 5029 tester
364 4978 393 5028 et
406 4974 458 5029 SS.
482 4974 610 5045 Angelos
632 4976 697 5046 eius
711 4979 757 5050 (ut
771 4976 862 5049 patris
877 4978 952 5051 (202)
1009 4978 1176 5034 monosterii
1189 4970 1816 5057 virumegregiumverbielaceem5detsttt

128 5059 187 5116 mei
204 5058 371 5135 Hieronymi
386 5060 482 5118 verbis
497 5064 573 5134 utar)
598 5080 652 5120 noe
667 5064 827 5122 monachos
851 5080 952 5122 omnes
1007 5065 1080 5122 nibil
1096 5067 1327 5141 pretermittere,
1343 5067 1420 5141 quod
1444 5067 1475 5124 in
1503 5068 1596 5125 nostri
1622 5070 1751 5133 cedem
1766 5050 1816 5129 fet

129 5149 238 5223 sepius
252 5166 316 5207 eam
332 5149 362 5205 in
388 5148 543 5208 Nativitate
563 5150 677 5207 Domini
692 5153 763 5210 lesu
789 5157 819 5210 et
833 5152 863 5210 in
887 5153 954 5211 aliis
1007 5154 1195 5211 existimarat.
1215 5158 1355 5213 ueterum
1380 5172 1433 5215 nos
1458 5154 1542 5213 flocci
1562 5158 1705 5231 pendere,
1719 5156 1814 5219 arun

129 5238 283 5310 precipuis
311 5238 520 5296 festivitatibus
556 5240 648 5312 gratia
676 5242 897 5299 communionis
925 5243 954 5299 et
1008 5242 1054 5300 sui
1070 5242 1211 5313 misereri,
1227 5260 1261 5302 eo
1276 5245 1345 5319 quia
1360 5244 1814 5323 indiseretapenttenttaiotuc

134 5427 169 5483 de
182 5430 302 5511 Fabaria
324 5380 486 5517 decasigus
508 5438 537 5491 S.
557 5431 631 5519 Galli
650 5451 713 5508 cap.
731 5438 764 5492 tt
790 5439 951 5507 accubito,
1008 5367 1813 5519 afflet)gufipgpopprmzagefflussssffiw

134 5516 170 5555 an
186 5500 233 5555 bro
247 5518 305 5558 non
318 5504 464 5561 derivetur
478 5506 513 5562 ab
528 5504 626 5563 ltalrca
640 5522 718 5572 voce,
735 5508 861 5576 ffartore,
874 5525 951 5634 3η,
1009 5525 1074 5565 men
1090 5511 1217 5579 gerebat.

169 5360 432 5430 (tottftorleeusur
453 5367 580 5436 alurpro
589 5363 952 5438 mallaoapudConradum

133 5576 869 5653 prestercertumanimalisgenus,fuscinamsigni
893 5584 952 5651 cet,
1044 5581 1118 5653 (203)
1132 5584 1263 5639 Graecari
1276 5582 1323 5639 bio
1358 5570 1394 5639 ro'
1411 5596 1597 5645 commorere
1618 5586 1667 5647 vei
1688 5586 1813 5647 condit·

133 5643 212 5718 quod
227 5648 273 5703 est
287 5644 515 5707 instrumentum
534 5648 606 5707 tocie
629 5651 826 5722 expurgandis
840 5656 952 5725 aptum.
1010 5653 1239 5728 posuitduotor,
1255 5658 1288 5713 ut
1369 5660 1545 5715 tmseneu.
