3892 6096
121 267 179 330 26¹1
625 251 796 316 ornnem
819 247 995 314 uoaaeul
1017 251 1051 312 S.
1073 247 1322 313 subdebatur

123 403 213 457 Perre
224 395 301 470 qued
318 393 449 449 bumana
463 387 596 460 signatur
612 402 688 459 sepe
698 385 803 459 figura,
960 388 985 454 Α
1002 381 1061 438 Hae
1074 382 1162 439 etiam
1178 398 1267 439 eausa
1280 380 1377 438 veniet
1390 377 1514 436 tentatie
1528 382 1610 436 tanta

123 491 158 544 lit
173 487 250 560 qued
266 484 416 554 nostrapte
430 480 595 534 commotus
611 475 719 551 dicitur
747 489 822 545 esse,
1002 472 1039 528 Ut
1053 471 1274 544 blasphemetur
1287 469 1444 527 elementia
1458 469 1586 542 Spiritus
1602 468 1685 537 almi,

123 582 180 634 Seu
195 590 262 632 cum
277 574 409 645 placatus
425 565 576 623 mutabilis
592 565 771 632 insinuatur,
1002 562 1037 617 Et
1049 578 1106 617 nen
1122 577 1184 618 esse
1200 566 1276 617 Deus
1292 563 1433 617 tractetur
1448 559 1525 631 apud
1542 558 1697 615 sceleratos

124 665 184 722 Heo
199 662 327 736 quodam
343 661 448 714 nostras
463 655 633 728 perhibetur
651 669 732 709 more
761 649 892 724 loquelas.
1002 654 1076 706 Ante
1090 650 1191 724 proeul
1206 651 1295 707 dubie
1311 665 1400 723 quam
1416 647 1586 705 destituaris
1601 648 1637 705 ab
1653 648 1715 717 ille,

123 753 198 811 Nem
214 750 282 824 quia
297 765 349 822 per
362 746 496 821 proprios
510 744 566 799 erit
586 740 760 798 innarabilis
777 756 859 808 usus,
1003 739 1057 805 Qui
1076 744 1160 796 Pater
1173 740 1370 812 omnipotens,
1386 738 1437 810 qui
1453 755 1520 811 spes
1535 743 1580 794 est
1592 738 1680 795 unica
1703 737 1781 796 vite.

126 842 177 900 Cui
192 858 251 898 nen
266 843 311 895 est
325 838 378 901 ira,
393 835 439 892 eui
455 832 634 907 perturbatio
649 831 740 898 nulla,
1003 828 1130 885 Arbitrio
1146 829 1263 902 proprio
1276 828 1329 885 tibi
1345 831 1469 884 mortem
1486 827 1675 900 proposuisti,

127 928 174 988 Nil
186 928 231 984 cui
244 925 396 997 contingit,
413 922 463 979 sed
480 936 595 993 semper
610 918 688 975 idem
701 921 781 974 tenet
794 932 868 984 esse,
1003 916 1085 974 Unde
1098 916 1192 974 libens
1207 922 1370 991 gestaque
1385 917 1445 972 sint
1459 916 1635 973 suavissima
1656 920 1748 991 gesta,

125 1022 164 1074 ut
177 1034 230 1074 nes
245 1014 384 1071 mortales
398 1010 488 1068 variis
501 1008 649 1066 erroribus
665 1006 722 1063 acti
1003 1011 1044 1062 Ae
1059 1007 1125 1079 quis
1140 1010 1294 1080 provectus
1309 1006 1399 1062 divini
1414 1005 1608 1078 discipulatus

123 1112 155 1163 ln
172 1106 258 1163 certis
274 1104 361 1159 rebus
376 1101 510 1156 studium
525 1098 655 1155 conterre
671 1094 810 1166 solemus,
1003 1095 1069 1151 Mer
1082 1095 1199 1152 virtutis
1214 1112 1287 1168 opus
1302 1113 1386 1169 spem
1400 1100 1569 1167 perpetuam
1584 1095 1637 1152 tibi
1654 1099 1774 1168 praestat

126 1194 234 1253 Usibus
249 1191 388 1249 humanis
404 1191 453 1245 dat
468 1189 553 1261 signa
567 1204 625 1243 suaa
642 1185 770 1259 pietalis,
1004 1184 1039 1239 ut
1053 1184 1150 1241 vivens
1165 1185 1279 1242 Christe
1295 1189 1357 1241 stas
1372 1185 1552 1242 confidenter
1565 1185 1595 1241 iu
1611 1185 1686 1258 ipse.

127 1285 160 1341 In
176 1283 284 1356 quibus
305 1295 459 1337 assumens
470 1282 575 1334 nostrae
590 1275 717 1349 speciem
732 1273 855 1330 rationis
1260 1272 1469 1330 CAPITULUM
1484 1272 1545 1329 Vll.

128 1373 174 1428 ad
185 1370 419 1445 cognoscendum
436 1366 520 1423 nobis
538 1370 687 1435 uteunque
702 1363 820 1419 leretur.
1195 1365 1231 1419 lic
1246 1363 1391 1419 dilectione
1400 1363 1450 1418 lici
1462 1369 1490 1419 et
1503 1365 1635 1435 preeimi.

127 1452 952 1534 DeniquequisbeminumposseteegnoscercSummum,
1007 1450 1075 1506 Esto
1089 1451 1138 1507 Dei
1155 1452 1258 1520 culter,
1274 1453 1325 1508 sed
1342 1455 1369 1508 et
1380 1451 1445 1524 ejus
1456 1468 1542 1508 verus
1558 1455 1673 1509 amator

129 1549 183 1617 Qui
199 1547 400 1621 superexcedit
413 1546 549 1601 humanae
560 1543 620 1599 vim
635 1541 768 1611 rationis,
1007 1538 1090 1595 Hunc
1103 1538 1193 1597 nimis
1207 1541 1317 1597 intente
1332 1557 1398 1597 oum
1415 1544 1475 1597 teta
1490 1539 1579 1614 dilige
1594 1546 1692 1599 mente

128 1639 163 1696 Ni
180 1638 276 1711 speeie
286 1653 385 1693 rerum
402 1633 583 1691 manifestari
598 1629 759 1689 voluisset?
1008 1627 1125 1684 Scilicet
1141 1634 1173 1685 ut
1190 1630 1275 1686 labiis
1291 1632 1445 1688 concerdat
1459 1630 1582 1703 spiritus
1598 1631 1706 1689 emnia.

129 1728 238 1785 ideireo
253 1725 300 1781 his
315 1726 402 1780 rebus
417 1725 458 1779 ita
468 1725 618 1793 nostrapte
633 1720 742 1792 figurat
1010 1717 1053 1772 Sit
1067 1717 1120 1773 tibi
1136 1735 1272 1776 summus
1286 1737 1379 1787 amor,
1394 1720 1462 1777 tetis
1478 1736 1512 1776 ex
1526 1720 1639 1778 viribus
1654 1722 1754 1791 arder,

129 1816 187 1874 Ceu
203 1817 286 1872 Pater
300 1813 336 1869 ad
351 1817 435 1868 nates
450 1810 529 1866 laudi
546 1808 701 1865 mutaverit
716 1823 798 1863 usus.
1013 1805 1142 1870 Qualiter
1155 1807 1233 1865 hunc
1247 1808 1358 1881 laudes,
1375 1810 1424 1882 qui
1432 1810 1523 1882 judex
1536 1815 1580 1867 eat
1604 1827 1693 1884 super
1721 1827 1838 1881 omnes,

132 1905 208 1961 Dum
224 1900 426 1958 blanditureis
441 1898 539 1972 alique
555 1901 636 1954 metu
652 1896 788 1953 levitatis.
1012 1895 1103 1951 Totus
1116 1895 1226 1970 ubique
1236 1914 1369 1967 manens,
1380 1902 1475 1955 tetum
1491 1899 1546 1956 sub
1564 1900 1634 1972 jure
1662 1900 1837 1957 recondens.

133 1993 170 2050 Ut
184 2009 236 2067 par
251 1991 336 2064 signa
350 1989 445 2046 sciant
457 2004 521 2060 quae
533 2003 590 2042 non
605 1990 731 2058 pessunt
746 1985 880 2053 ratione;
1012 1983 1074 2039 Non
1091 1983 1165 2042 alias
1175 1985 1227 2041 ulli
1243 1985 1410 2045 laudandus
1425 1989 1508 2045 adest
1519 1989 1637 2059 rationi,

130 2081 204 2139 Nam
218 2078 298 2138 velut
313 2076 429 2146 intanti,
445 2076 502 2132 nisi
518 2074 610 2148 signis
625 2075 712 2131 verba
721 2078 874 2148 gerantur,
1012 2072 1094 2130 Mens
1104 2074 1160 2130 nisi
1176 2074 1277 2132 devota
1288 2077 1405 2133 studeat
1420 2095 1587 2151 preponere
1602 2078 1685 2136 nulla

129 2171 175 2228 Nil
195 2170 304 2227 sentire
319 2169 422 2235 datum
439 2165 481 2222 sie
492 2181 546 2220 nos
561 2163 700 2237 queniam
715 2163 887 2236 peregrinis,
1017 2162 1139 2219 Servitie
1150 2162 1210 2233 tali,
1226 2164 1302 2235 qued
1316 2165 1420 2222 debeat
1435 2166 1644 2240 omnipotenti.

131 2260 228 2317 Donec
243 2258 273 2313 in
288 2257 357 2313 orbe
372 2271 486 2325 sumes,
503 2253 666 2309 infantibus
680 2252 891 2321 assimilamur,
1011 2252 1064 2307 llio
1081 2251 1169 2308 timer
1183 2258 1228 2309 est
1250 2253 1367 2310 Domini
1391 2256 1550 2312 servandus
1580 2272 1678 2313 amere
1707 2257 1842 2329 perenni,

129 2346 266 2405 Nonnisi
282 2362 334 2418 per
348 2342 501 2417 speculum
521 2342 629 2398 sentire
657 2357 784 2413 superna
812 2341 954 2397 valemus.
1013 2343 1047 2394 Et
1060 2340 1246 2412 viacultura,
1264 2360 1352 2415 quam
1368 2342 1414 2400 lex
1428 2345 1511 2401 decet
1527 2348 1613 2418 atque
1623 2345 1774 2419 propbetas

130 2437 196 2494 lam
214 2435 240 2491 si
255 2433 423 2507 linguarum
439 2431 505 2487 laus
519 2435 659 2487 consonet
669 2431 892 2503 omnigenarum
1009 2429 1124 2486 Audisti
1139 2431 1278 2504 primum,
1296 2450 1374 2490 nune
1386 2435 1507 2491 auribus
1518 2435 1592 2490 adde
1607 2436 1787 2507 serrandum,

132 2524 194 2580 Neu
211 2523 316 2579 celitur
331 2524 406 2578 recte
417 2520 473 2576 nisi
489 2536 564 2592 para
582 2517 763 2574 credulitate.
1011 2518 1091 2582 Quod
1108 2534 1160 2590 par
1171 2519 1239 2576 huie
1251 2522 1343 2578 fertur
1354 2522 1503 2596 similique
1518 2524 1697 2595 tenorejube
1707 2528 1776 2581 tur:

131 2613 222 2678 Quem
233 2612 324 2667 lateer
335 2613 432 2666 mente
447 2625 537 2682 supra
552 2609 629 2680 qued
650 2608 757 2663 dieitur
772 2624 835 2663 esse
1010 2603 1128 2677 Diligite
1141 2607 1270 2681 tratrem,
1283 2610 1398 2667 sicutte
1425 2609 1534 2684 diligis,
1550 2627 1678 2669 emnem.

130 2701 197 2758 Sola
210 2701 283 2757 tides
296 2700 409 2772 recipit,
426 2700 503 2770 qued
520 2696 618 2753 nullus
646 2713 740 2753 sermo
756 2696 871 2752 valebit.
1009 2693 1084 2750 Atei
1101 2698 1260 2768 quesieris,
1277 2714 1364 2771 quem
1380 2699 1475 2756 dicam
1491 2701 1609 2756 nemine
1624 2700 1745 2757 fratris?

408 2785 616 2843 CAPITULUM
631 2786 665 2840 V.
1010 2780 1051 2836 un
1063 2782 1130 2839 fidei
1147 2786 1243 2842 secius
1258 2789 1347 2844 trater
1360 2793 1430 2844 tuus
1448 2793 1536 2862 atque
1552 2790 1746 2862 propinquus,

257 2878 332 2950 Quod
346 2878 412 2949 fides
425 2878 486 2932 sine
499 2876 625 2947 operibus
641 2878 749 2931 mortuo
763 2877 810 2931 ait.
1009 2872 1106 2933 Unius
1121 2874 1255 2932 Ecclesiae
1270 2876 1340 2948 quia
1350 2878 1429 2934 lente
1444 2882 1564 2935 renatus
1580 2882 1712 2952 uterquc.

131 2975 197 3026 Hac
212 2969 254 3024 ita
267 2967 419 3023 consessus
439 2981 555 3020 merum
584 2968 665 3036 petes
694 2964 800 3020 addere
824 2981 953 3039 gressus,
1010 2965 1090 3033 Quod
1105 2963 1157 3020 tihi
1169 2964 1212 3020 vis
1228 2965 1289 3020 fieri
1306 2966 1420 3022 tribuas
1434 2967 1585 3040 aequaliter
1598 2967 1720 3025 ommni.

129 3063 185 3115 Per
200 3074 274 3130 ques
290 3056 343 3112 rite
358 3054 438 3127 sapis
454 3070 519 3126 quae
534 3053 573 3108 sit
587 3051 720 3108 doctrina
730 3053 838 3108 suevis.
1008 3059 1128 3111 Hostem
1144 3070 1195 3126 per
1210 3055 1366 3110 Dominum
1379 3056 1429 3112 sed
1441 3059 1470 3111 et
1484 3056 1513 3112 in
1525 3073 1556 3113 se
1580 3056 1668 3131 dilige
1697 3056 1833 3116 abarum.

128 3147 202 3204 Nam
218 3148 250 3201 lit
263 3162 338 3202 vana
352 3144 435 3211 fides,
452 3158 486 3198 ex
501 3142 556 3197 hae
571 3143 596 3197 si
620 3146 704 3214 gesta
718 3142 829 3198 recides
844 3161 851 3212 ;
970 3130 992 3196 G
1010 3143 1082 3199 Nam
1094 3141 1200 3199 delicta
1213 3143 1277 3214 tibi,
1294 3144 1319 3199 si
1335 3148 1366 3200 tu
1380 3143 1528 3202 dimiseris
1538 3145 1635 3203 besti:

126 3238 167 3292 Ae
181 3236 291 3291 trustra
303 3232 408 3300 eredis,
425 3230 450 3288 si
462 3230 572 3287 credita
588 3247 646 3286 nen
664 3231 794 3302 operaris
1011 3232 1040 3288 Si
1057 3249 1114 3288 nen
1130 3231 1187 3289 ista
1204 3232 1285 3301 lacis,
1301 3249 1360 3289 nen
1375 3250 1473 3290 servas
1489 3234 1597 3290 loedera
1612 3234 1705 3307 pacis.

126 3324 235 3382 Verum
251 3321 405 3379 demoniis
421 3337 456 3376 ex
471 3319 525 3375 hee
541 3319 639 3375 studio
659 3318 808 3388 similaris,
1267 3321 1473 3379 CAPITULUM
1501 3323 1574 3380 Vlll.

127 3413 183 3479 Qui
197 3412 329 3469 iacienda
344 3410 450 3477 sciunt,
467 3409 562 3465 sedin
578 3409 658 3464 omni
674 3425 754 3464 mere
765 3408 916 3465 resistunt.
1305 3412 1344 3467 De
1367 3412 1533 3470 bumilitate.

128 3502 292 3576 Propterea,
310 3499 362 3568 fili,
378 3516 441 3572 qua
452 3498 566 3570 protero
581 3497 698 3554 cautius
713 3498 800 3554 audi:
1009 3499 1274 3573 Quantumcunque
1289 3516 1380 3572 queas
1394 3506 1567 3559 mansuetus
1581 3501 1761 3561 inomnibua
1773 3508 1834 3561 esto

129 3591 183 3656 Qui
198 3590 250 3645 tibi
265 3590 316 3644 dat
330 3591 435 3658 tetum,
448 3587 483 3642 de
498 3591 525 3642 to
555 3601 671 3657 queque
683 3587 788 3657 querit
811 3587 952 3662 idipsum,
1009 3589 1042 3642 Et
1057 3592 1153 3645 tecum
1165 3593 1258 3646 tracta
1273 3590 1380 3646 mantis
1398 3592 1508 3648 cervice
1523 3592 1644 3649 subacta

127 3677 244 3735 Scilicet
259 3682 291 3732 ut
305 3677 434 3749 primum
450 3675 518 3729 fidei
533 3673 631 3744 capias
646 3676 867 3744 documentum,
1007 3676 1080 3741 Quid
1094 3682 1183 3749 queat
1197 3677 1287 3735 allius
1307 3679 1426 3752 impune
1441 3680 1580 3753 superbia
1594 3681 1700 3738 earnis.

128 3768 200 3825 llxin
212 3765 349 3839 jungaris
365 3763 421 3821 sibi
434 3761 674 3819 convenientibus
687 3761 770 3817 aelia.
1010 3766 1131 3831 Quande
1140 3766 1272 3838 perhanc
1281 3766 1383 3840 lapsus
1393 3768 1586 3843 archangelus
1596 3770 1834 3844 estreprobatus.

128 3856 174 3913 Nil
184 3873 259 3929 epus
274 3856 385 3927 absque
401 3852 468 3920 fida,
484 3867 537 3907 neo
553 3849 711 3906 credulitas
727 3851 790 3907 sine
805 3851 890 3908 lacte.
1007 3852 1077 3908 Eece
1094 3855 1171 3925 qued
1188 3854 1235 3911 bie
1251 3855 1356 3912 cecidit
1369 3857 1418 3929 qui
1434 3857 1485 3913 tali
1496 3857 1608 3914 lumine
1623 3858 1707 3917 fulsit

125 3945 178 4000 His
193 3944 284 4015 igitur
298 3940 384 3997 dictis
399 3939 523 3996 breviter
537 3938 603 3994 licet
613 3943 674 3995 asto
684 3939 790 4008 fidelis,
1007 3941 1043 3997 Ut
1055 3942 1146 3998 divini
1159 3945 1254 4016 operis
1269 3944 1557 4017 praecellentissimus
1578 3952 1674 4004 esset:

126 4034 222 4104 Atque
236 4030 342 4086 dehine
357 4029 425 4085 audi
442 4045 541 4095 sensu,
552 4044 665 4100 precer,
680 4028 821 4100 interiori,
1005 4033 1065 4086 Hee
1081 4031 1119 4087 sit
1134 4031 1169 4087 ad
1181 4033 1347 4106 exemplum
1364 4051 1479 4108 semper
1493 4035 1565 4093 satis
1585 4036 1834 4095 omnibusuuum

128 4119 420 4187 Qualexvirtutum,
437 4118 514 4190 qued
528 4117 567 4173 sit
582 4117 648 4172 lidei
678 4134 795 4190 queque
822 4122 949 4176 scutum.
1005 4118 1107 4175 Infelix
1122 4136 1220 4191 eausa,
1236 4139 1299 4194 que
1315 4127 1430 4180 tantum
1446 4125 1549 4181 mersit
1565 4125 1605 4182 riu
1630 4125 1690 4183 ima

125 4206 471 4279 Namsuperbisetiam
497 4221 633 4261 sermone
662 4207 741 4261 brevi
771 4206 825 4261 tibi
853 4207 949 4263 dicam
1005 4207 1063 4263 Cer
1078 4207 1178 4281 igitur,
1195 4210 1300 4280 pulvis,
1317 4213 1425 4286 aequali
1437 4230 1518 4270 mere
1538 4213 1704 4288 superbiat

125 4298 182 4355 Sed
197 4296 337 4370 queniam
353 4295 421 4351 fidei
435 4311 502 4367 spes
512 4294 645 4366 proxima
659 4294 745 4350 debet
761 4294 872 4365 baberi,
1005 4295 1090 4352 Ferre
1098 4297 1415 4374 putasnelutum,quod
1423 4302 1698 4376 neepetuitqueque
1707 4302 1833 4361 terrum?

123 4386 197 4444 Hine
211 4386 329 4459 aliquod
346 4384 468 4441 verbum
479 4400 544 4440 reor
557 4399 622 4440 asse
641 4383 723 4455 prius
752 4385 947 4454 referendum,
1003 4383 1280 4452 Disce,mistrdiscc
1295 4390 1365 4461 quid
1377 4390 1574 4464 possitgleria
1595 4395 1690 4463 terra,

123 4475 214 4548 Cujus
230 4476 265 4532 ab
281 4473 398 4530 indiciis
413 4473 522 4530 sentire
538 4473 690 4545 sequentia
704 4472 811 4545 possis,
962 4496 986 4560 D
1001 4474 1073 4528 Cum
1087 4473 1180 4530 virias
1195 4475 1269 4545 eoeli,
1287 4475 1406 4550 delapsa
1421 4481 1501 4535 statu
1522 4479 1649 4551 deitatis,

121 4569 175 4623 Per
189 4565 267 4638 qued
282 4571 311 4621 et
324 4563 447 4620 edoctus
460 4561 559 4635 capias
570 4562 688 4618 exordia
701 4562 809 4634 majus.
1001 4559 1119 4618 Viribus
1134 4567 1163 4618 et
1178 4564 1304 4637 propriis
1321 4567 1470 4624 confidens
1486 4572 1564 4624 stare
1575 4566 1707 4641 nequivit
1721 4587 1729 4640 3

393 4650 600 4709 CAPITULUM
614 4650 662 4706 Vl.
1002 4649 1058 4705 Sed
1073 4652 1162 4708 rebus
1172 4655 1290 4725 quantis
1306 4659 1403 4727 pateat
1417 4656 1563 4713 sententia
1576 4657 1654 4714 talis.

409 4742 447 4796 Dc
460 4757 506 4813 apc
521 4742 631 4798 cetrati.
1002 4738 1066 4794 liae
1083 4744 1279 4800 mansuetudo
1293 4759 1345 4800 nec
1360 4745 1532 4818 degustatur
1547 4746 1583 4802 ab
1595 4744 1665 4816 ulle,

118 4833 191 4890 Cum
209 4832 335 4888 necdum
350 4829 459 4903 sapias,
476 4830 549 4885 nibil
565 4828 748 4903 impossibile
763 4830 855 4886 dicas.
1001 4825 1036 4880 Ni
1051 4826 1133 4884 labor
1148 4831 1286 4889 assiduus
1297 4832 1427 4890 carnales
1443 4837 1549 4890 atterat
1563 4838 1662 4891 estus.

118 4920 160 4977 Ne
174 4919 311 4977 detrahas
325 4917 367 4974 illi
383 4919 430 4974 eui
446 4922 551 4974 cuncta
565 4918 704 4974 facillima
718 4922 863 4988 constant,
998 4914 1049 4971 Vis
1064 4917 1127 4973 fieri
1139 4919 1219 4976 mitia
1230 4919 1244 4975 ‘l
1256 4920 1432 4978 desiderium
1448 4922 1516 4995 luge
1535 4923 1654 4980 carnia:

118 5009 154 5066 Et
169 5008 218 5082 qui
234 5007 368 5065 denibile
383 5010 478 5062 tetum
493 5006 650 5078 plasmavit
665 5007 694 5062 in
709 5007 783 5080 ipse,
999 5002 1061 5060 Non
1074 5005 1150 5063 aliua
1165 5024 1232 5082 erge
1247 5010 1355 5083 peteris
1368 5011 1429 5066 lere
1440 5015 1555 5083 pectore
1569 5028 1671 5084 prono.

117 5098 229 5171 Quique
242 5096 322 5153 dabit
336 5095 449 5151 cunctis
464 5095 538 5149 utin
554 5094 617 5166 ipse
627 5094 721 5151 vivere
736 5097 862 5168 possint.
1272 5098 1476 5156 CAPITULUM
1490 5099 1537 5158 IX.

116 5192 204 5244 Extra
219 5205 250 5245 se
269 5202 338 5259 erge
352 5185 433 5241 loeus
449 5183 563 5240 vivendi
579 5200 637 5239 neu
653 5184 708 5239 erit
719 5184 807 5241 ullus.
1318 5188 1355 5244 Dc
1367 5190 1504 5261 patientie

113 5276 188 5333 Nam
200 5275 264 5346 tibi,
276 5272 413 5349 quisquis
427 5273 495 5342 eris,
513 5272 563 5345 qui
593 5277 690 5328 tecum
719 5272 761 5330 sic
790 5272 943 5331 meditaris
997 5273 1096 5330 liebus
1112 5274 1140 5330 in
1156 5276 1285 5334 adversis
1301 5293 1337 5333 ne
1352 5282 1450 5335 metes
1466 5279 1648 5349 destituaris,

113 5363 151 5421 Ut
164 5365 241 5421 Deua
256 5368 307 5420 aut
322 5367 448 5436 nequeat
460 5361 599 5435 cuiquam
614 5361 658 5418 vel
674 5379 793 5436 parcere
817 5362 899 5432 nolit,
996 5362 1051 5419 Sed
1068 5380 1182 5436 semper
1197 5366 1281 5423 ereda
1293 5370 1319 5422 te
1335 5371 1440 5423 cuneta
1455 5367 1516 5440 pati
1533 5369 1688 5426 meruisse.

111 5453 153 5513 De
167 5453 296 5509 bonitate
308 5452 355 5507 sui
369 5452 476 5507 liducia
491 5450 573 5508 nulla
587 5451 711 5516 videtur,
995 5453 1089 5524 Aptus
1103 5450 1261 5510 enim'vitae
1278 5454 1346 5511 talis
1362 5456 1529 5513 decernitur
1544 5473 1619 5530 esse,

114 5541 238 5624 Yivendi
253 5557 339 5602 curas
349 5541 419 5616 quia
433 5540 616 5617 desperando
632 5556 761 5601 recusas.
993 5536 1048 5603 Qui
1062 5543 1201 5600 constans
1217 5543 1327 5616 patitur
1341 5560 1406 5620 que
1421 5561 1467 5625 ree
1491 5545 1615 5611 adversa
1644 5547 1791 5613 minatur.
