3892 6096
111 255 172 320 sit
635 251 669 312 S.
690 248 854 312 toluuls
877 248 1102 313 cultellum
1123 248 1294 313 Asnsrls
1761 250 1819 314 ssu

112 385 335 447 infirmitatibus
347 383 467 451 detenti,
477 381 585 440 Christi
598 381 669 439 Jssu
679 381 864 454 amplissima
877 380 933 438 mi·
947 381 976 450 Α
989 398 1106 439 sumere
1120 383 1276 451 festinatis,
1292 398 1361 439 cum
1374 386 1403 438 S.
1413 382 1536 440 loannis
1551 381 1709 440 bruchium
1722 381 1755 438 in
1771 398 1819 440 sa·

112 475 272 541 sericordis
294 472 405 532 sensim
428 472 530 529 morbo
553 469 648 545 lavati,
664 471 784 530 subitati
809 470 935 543 denique
989 471 1075 528 crurii
1099 472 1187 528 vestri
1211 471 1310 545 pluteo
1333 472 1407 529 mire
1428 489 1461 529 sc
1483 473 1571 545 digne
1595 471 1734 529 locaturi
1757 471 1817 542 uni,

113 564 221 624 redditi
236 566 316 626 suut.
990 563 1090 632 utpote
1115 561 1354 630 mendacissimo,
1370 578 1435 619 cum
1463 561 1599 620 monachi
1622 577 1732 634 parum
1751 561 1819 622 tidei

147 654 175 711 7.
191 652 248 712 Sed
263 651 290 709 ai
304 650 360 710 hcc
383 649 463 708 haud
483 650 624 725 profuerit
638 649 749 722 (utpote
771 648 935 722 quieveris
989 649 1172 713 adhiberent,
1188 655 1217 706 et
1238 648 1286 706 ille
1310 650 1454 708 tamenin
1470 650 1616 708 sententis
1631 666 1690 707 sue
1703 665 1817 724 perma-

112 759 179 800 cam
195 745 380 815 suctgeners
389 739 709 810 demoniorum,variis
719 738 807 796 etism
816 738 936 795 Sancto·
990 742 1083 804 neret,
1099 739 1216 795 tandem
1232 739 1388 810 quesitum
1402 743 1456 809 est,
1474 743 1512 806 et,
1530 743 1562 796 ut
1582 738 1710 808 dixerat,
1726 738 1757 795 in
1771 756 1816 797 sa·

112 847 176 889 ram
191 829 378 906 expelluntur
401 830 524 901 meritis)
539 831 576 887 ad
600 833 629 886 Β.
645 828 766 887 Jouunis
782 827 935 884 brachium
991 827 1077 883 orarii
1092 827 1218 884 armario
1234 832 1382 900 repertum
1392 833 1446 886 est.
1457 831 1520 897 Qus
1534 830 1571 886 ds
1585 845 1617 885 re
1628 828 1739 902 ingena
1750 844 1815 902 gau·

112 920 202 979 etiam
217 937 264 979 res
278 920 435 978 deveniens
449 920 514 977 suis
528 935 646 993 semper
658 918 772 976 meritis
791 934 825 974 ac
841 915 936 991 preci·
990 917 1073 974 dium
1099 919 1176 975 inter
1206 918 1367 975 monachos
1398 919 1540 976 oboritur.
1570 918 1702 977 Pulsatis
1730 919 1814 994 igitar

112 1010 440 1069 busdamonascmnes
449 1007 603 1066 etiamalio
617 1008 659 1064 ire
674 1006 936 1081 coguntur.Dequo
990 1005 1152 1079 campanis,
1168 1007 1319 1064 funalibus
1343 1008 1485 1075 accensis,
1500 1008 1641 1065 omnibus
1666 1007 1813 1067 monachis

111 1096 715 1172 priusqusmquoordinequavedevotions
726 1094 936 1152 monesterium
990 1098 1020 1149 rt
1034 1095 1189 1167 ministris,
1204 1096 1281 1168 quod
1296 1112 1389 1169 genus
1400 1097 1554 1154 bominum
1565 1095 1688 1170 vulgato
1703 1097 1813 1155 nomine

112 1194 195 1247 extra
218 1187 366 1247 deteratur
388 1187 552 1261 expediam,
567 1202 661 1260 panos
674 1202 766 1258 suprs
791 1187 935 1256 repetens,
991 1184 1150 1241 Convereos
1172 1184 1309 1254 dicimus,
1325 1189 1355 1242 et
1374 1187 1423 1258 qui
1452 1187 1574 1245 aderant
1596 1185 1748 1260 agricole,
1764 1202 1812 1242 um

113 1278 226 1338 scilieet
243 1293 373 1350 quocum
388 1277 475 1334 modo
489 1278 525 1334 sb
540 1275 660 1349 Angelis
683 1274 741 1330 buc
764 1271 937 1329 mirabiliter
990 1273 1238 1342 convenientibus,
1255 1274 1444 1332 cantantibus
1459 1279 1489 1332 ct
1503 1276 1605 1332 deuote
1621 1274 1811 1349 psallentibus

113 1366 255 1436 delatum,
269 1383 328 1440 quo
351 1367 389 1425 ad
414 1366 649 1440 cognoscendum
670 1363 769 1421 omnis
796 1360 935 1428 illustria,
991 1361 1151 1433 Fratribus,
1162 1363 1274 1419 demon
1285 1365 1402 1420 tsndem
1420 1380 1479 1421 nou
1493 1364 1557 1422 sins
1568 1364 1673 1423 miseri
1689 1363 1810 1423 bominis

114 1455 212 1532 magis,
224 1455 378 1530 magisque
391 1454 422 1512 in
438 1459 538 1528 sparto
553 1454 624 1510 sint.
639 1452 764 1519 Quidam
778 1451 869 1524 igitur
882 1449 937 1506 hu·
990 1450 1166 1507 detrimento
1181 1451 1326 1509 discessit.

109 1546 162 1618 jus
175 1545 270 1605 nostri
285 1544 458 1605 monasterii
472 1543 609 1601 Conversi
623 1543 682 1598 ilde
696 1540 778 1614 digni
792 1539 865 1596 mibi
880 1555 936 1595 sa·
1027 1541 1069 1595 10.
1085 1540 1174 1597 Exeo
1193 1541 1290 1614 itaque
1316 1544 1446 1615 tempore
1459 1541 1605 1616 templum
1630 1542 1688 1600 hoc
1714 1543 1808 1618 melon

115 1634 183 1707 pius
197 1634 373 1707 retulere,ss
383 1650 401 1691 s
413 1632 546 1706 putribus
557 1630 783 1703 suissocapisse,
796 1631 864 1701 post
877 1625 935 1700 pri·
989 1629 1020 1684 in
1035 1629 1187 1686 devotione
1202 1646 1235 1685 ac
1254 1630 1423 1700 reverentia,
1439 1647 1529 1704 quem
1544 1635 1643 1700 untes,
1659 1648 1679 1690 a
1703 1633 1806 1691 eunctis

114 1723 302 1782 miBernsrdi
314 1721 555 1794 deUbartis(125)
564 1720 655 1792 hujus
665 1717 835 1777 monasterii
847 1719 937 1772 Gens·
989 1719 1137 1776 Hetruscis
1148 1717 1282 1775 habiturn
1291 1723 1349 1776 cst:
1363 1720 1420 1778 Nec
1430 1720 1623 1788 mirum,oum
1631 1737 1694 1778 non
1703 1725 1806 1778 tantum

113 1813 194 1880 ralis,
208 1816 238 1870 st
251 1812 282 1870 S.
297 1811 332 1869 u.
347 1811 379 1868 ll.
394 1809 557 1867 Gordinsiis
567 1808 692 1878 obitum,
703 1807 856 1882 prefatum
868 1806 934 1861 bra·
989 1807 1024 1863 ds
1039 1807 1127 1863 ltslie
1140 1808 1284 1880 partibus,
1300 1824 1401 1866 verum
1415 1810 1504 1867 etiem
1520 1827 1554 1868 ex
1569 1809 1668 1869 Gallis
1683 1809 1808 1869 Transal-

114 1900 214 1958 ohium
230 1916 281 1974 per
293 1898 419 1973 Angelos
442 1898 516 1954 mire
532 1897 590 1957 huc
604 1895 734 1953 delatum
749 1896 853 1963 luisse,
867 1910 935 1950 cum
990 1895 1059 1969 pina
1073 1895 1146 1968 (126)
1158 1903 1271 1954 cunstst
1285 1913 1302 1954 s
1316 1899 1446 1956 dusmcne
1456 1905 1484 1957 st
1498 1900 1535 1956 ab
1550 1900 1618 1958 aliis
1632 1901 1805 1958 infirmitati·

112 1988 260 2062 imprimis
274 1987 369 2062 gratis
383 1987 481 2059 hujus,
497 1986 564 2044 lites
579 2002 636 2043 uon
661 2002 756 2057 parvis
772 1984 847 2040 inter
868 1998 935 2038 nos·
989 1985 1056 2049 bus,
1085 1984 1220 2057 precibus
1247 1986 1370 2042 ioannis
1399 1988 1590 2060 sanctissimi,
1620 1988 1805 2047 incolumitati

112 2072 935 2135 trosetPassianimonachosexstitissefersutur.Verum
991 2073 1121 2130 redditos
1149 2091 1213 2131 esse
1238 2076 1437 2148 quamplures.
1462 2076 1562 2134 Dicam
1588 2078 1721 2152 proiecto
1744 2079 1804 2153 quid

114 2167 245 2238 demum,
260 2183 328 2224 cum
343 2170 467 2239 utraque
482 2163 590 2239 persin
606 2162 822 2221 suasoluntets
835 2165 863 2218 et
873 2177 937 2217 sen·
991 2163 1128 2232 sentiam,
1145 2167 1173 2219 et
1188 2164 1283 2220 dicem
1298 2164 1395 2221 verius
1411 2182 1500 2238 quam
1515 2170 1617 2241 potero
1634 2185 1641 2224 :
1660 2167 1736 2225 heac
1749 2167 1807 2224 ruli·

113 2255 207 2312 tentia
220 2254 401 2328 persisteret,
416 2251 545 2326 fatigetis
567 2250 696 2320 arbitris,
712 2249 749 2305 lis
764 2247 936 2321 hujusmodi
991 2252 1118 2325 gionem,
1135 2269 1171 2309 ne
1186 2252 1281 2309 dicam
1297 2253 1429 2322 domum,
1446 2259 1516 2327 puto
1531 2255 1621 2327 hujus
1637 2255 1807 2313 sanctissimi

114 2345 150 2401 ad
168 2343 369 2402 Florentinum
384 2346 519 2399 sanetum
535 2341 659 2397 devenit.
991 2340 1104 2397 brachii
1119 2340 1268 2397 miraculis
1292 2343 1485 2416 precibusque
1499 2344 1623 2401 loannis
1640 2344 1805 2403 conservari

150 2435 178 2490 8.
193 2433 315 2507 Cognita
329 2434 428 2504 itaque
442 2447 532 2487 cuusa
544 2433 573 2486 et
587 2429 641 2485 rite
656 2445 689 2485 uc
704 2427 859 2501 diligenter
869 2442 935 2482 exa·
992 2429 1063 2494 Quis
1079 2429 1156 2485 enim
1172 2429 1261 2501 hujus
1276 2434 1371 2487 stetus
1387 2431 1545 2505 Religionis
1570 2433 1608 2490 ab
1622 2434 1736 2492 Abbsts
1750 2434 1807 2490 iiio·

116 2522 238 2592 minuta,
260 2519 427 2592 judicatum
448 2523 506 2587 est,
522 2517 572 2574 ubi
596 2534 712 2590 corpus,
733 2517 773 2573 ibi
794 2517 936 2572 membro.
992 2519 1090 2576 cisrdo
1102 2520 1175 2591 (127)
1184 2521 1220 2577 ad
1232 2520 1499 2579 R.P.Frenclscum
1510 2523 1654 2596 (128),ᾳυί
1665 2525 1751 2583 ruodo
1760 2524 1809 2599 ipd

118 2611 212 2677 Quam
226 2623 289 2666 rem
303 2607 397 2666 nostri
411 2623 470 2664 non
494 2620 577 2679 equo
592 2606 689 2664 animo
714 2606 851 2671 terentes,
868 2604 939 2677 quis
992 2606 1125 2680 religioni
1141 2612 1256 2679 preest,
1272 2608 1369 2682 fuerit,
1385 2609 1531 2669 incertum
1545 2611 1640 2670 bsbso
1655 2613 1765 2687 pudeat
1778 2629 1809 2671 su

115 2700 146 2756 id
161 2698 284 2757 ulterius
300 2696 427 2755 habendi
442 2711 510 2770 spes
524 2695 620 2752 omnis
635 2693 752 2751 sublata
766 2692 939 2760 erat,moesti
993 2696 1091 2769 pigent
1105 2697 1200 2769 magis
1216 2697 1368 2756 disserere.
1379 2698 1489 2756 Verum
1499 2701 1536 2757 sd
1552 2699 1704 2775 inceptam
1720 2704 1809 2761 redsa

117 2789 154 2847 ad
168 2787 261 2845 edem
282 2789 413 2844 nostram
424 2784 546 2853 radiare,
562 2782 834 2840 brachium-antem
857 2781 939 2839 istud
994 2785 1051 2842 lies
1064 2784 1130 2858 ipsa
1151 2785 1260 2844 hortari
1282 2787 1407 2857 videtur,
1422 2788 1562 2861 quonism
1588 2791 1626 2848 de
1650 2792 1682 2849 S.
1696 2791 1811 2850 romnis

115 2879 210 2937 lemur
217 2890 367 2948 sass,quo,
374 2877 408 2931 ut
421 2890 512 2947 supra
521 2872 697 2941 diximusr.
706 2870 939 2941 iohannesdum
994 2873 1114 2931 bruchio
1129 2875 1340 2948 supradictum
1355 2882 1409 2950 est,
1416 2878 1505 2936 etism
1516 2879 1585 2936 huic
1593 2877 1675 2937 uliud
1689 2880 1810 2940 inserere

117 2968 149 3024 in
163 2966 220 3024 bac
232 2965 293 3023 vita
306 2967 393 3034 esset,
409 2961 560 3020 diabolum
571 2977 639 3019 cum
655 2974 740 3018 cruce
755 2959 941 3033 percussit‚et
995 2963 1171 3037 prodigium,
1183 2965 1260 3036 quod
1272 2970 1401 3040 tempore
1408 2968 1530 3025 Abbatis
1540 2968 1681 3046 bernardi
1691 2968 1809 3027 florent

118 3056 161 3112 ita
174 3069 240 3113 essa
253 3067 301 3110 res
314 3051 380 3124 ipss
394 3050 481 3125 paulo
496 3053 563 3124 post
577 3049 773 3122 experimento
788 3047 937 3105 indicavit.
995 3052 1030 3108 de
1054 3051 1258 3125 Giunssglazzis
1280 3054 1355 3129 (129)
1381 3055 1541 3113 multorum
1564 3056 1746 3129 testimonio,
1766 3057 1809 3131 qni

116 3149 202 3210 Nem,
214 3144 317 3201 eodem
332 3141 391 3198 tere
403 3144 544 3212 tempore,
558 3156 626 3196 cum
641 3137 762 3213 quidum
776 3154 794 3194 a
808 3126 975 3195 dsmoueC
995 3158 1073 3199 nunc
1094 3143 1181 3199 etism
1205 3148 1374 3217 supersunt,
1396 3146 1537 3218 probetur
1557 3147 1731 3204 exstitisse:
1746 3145 1807 3203 tium

116 3234 258 3307 letigstus
271 3235 300 3288 S.
316 3228 414 3287 Maris
428 3229 466 3286 de
478 3226 558 3285 Valle
568 3227 713 3284 Umbrosa
727 3225 937 3283 monasterium
992 3231 1081 3301 enim,
1097 3237 1130 3288 ut
1145 3248 1209 3288 mos
1232 3236 1287 3299 est,
1304 3234 1399 3290 accitu
1415 3234 1515 3307 populi
1541 3233 1704 3294 Florentiui
1718 3235 1806 3292 Abba

115 3322 246 3397 petisset,
257 3324 286 3378 et
299 3320 424 3391 demon,
434 3317 464 3375 S.
479 3316 603 3374 Jcanuis
612 3317 749 3374 virtutem
759 3332 818 3372 non
829 3314 937 3382 ferens,
993 3320 1129 3393 prelatus
1138 3337 1272 3378 unecum
1283 3322 1436 3380 monacbis
1449 3323 1608 3381 honorifice
1617 3324 1741 3383 Josunis
1750 3324 1806 3381 bes·

115 3428 168 3486 per
181 3427 215 3469 cs
227 3408 360 3483 eiusdem
375 3407 430 3465 viri
438 3411 590 3480 cogeretur
599 3405 761 3464 exclamare
774 3421 781 3462 :
793 3403 867 3469 Quid
879 3417 937 3471 ms,
994 3409 1099 3466 tissimi
1108 3409 1262 3467 brachium
1277 3411 1441 3482 deferendo,
1453 3417 1486 3469 ut
1500 3413 1582 3487 Bupt.
1598 3413 1726 3473 ioannis
1739 3410 1805 3471 iesti-

115 3503 284 3568 otoannes,
294 3495 438 3568 torques?
452 3495 527 3563 Quid
541 3494 709 3552 detrimenti
722 3493 827 3567 quidve
846 3493 937 3549 mols·
991 3499 1074 3555 viteli
1103 3499 1201 3555 decori
1231 3505 1461 3575 ornamentoque
1494 3507 1606 3574 essent,
1642 3503 1803 3563 Florentieu

116 3589 180 3646 stis
190 3587 244 3644 tibi
255 3585 440 3644 sttuiitNou
454 3583 526 3642 setis
539 3584 636 3641 risum
655 3582 763 3639 esttibi
773 3581 803 3638 in
817 3581 877 3638 vito
890 3597 937 3638 me
992 3587 1225 3656 concessisscut;
1240 3594 1356 3661 peracta
1378 3591 1405 3647 S.
1421 3591 1543 3649 Joonnis
1558 3592 1644 3667 Bapt.
1660 3610 1765 3669 pompe
1782 3592 1803 3646 st

112 3677 224 3752 jugiter
236 3676 364 3747 insequi,
379 3690 447 3731 oum
461 3667 551 3730 etiim
566 3676 707 3745 posteam
723 3672 849 3728 necdum
864 3669 939 3727 desi·
992 3674 1802 3750 processionesolemnitersdimpleta,hocbrachiumtec

116 3783 170 3826 nas
181 3764 382 3840 quovismodo
396 3763 485 3820 etiam
495 3760 526 3818 in
541 3761 669 3817 externis
680 3759 848 3832 regionibus
862 3758 938 3815 inse·
992 3764 1140 3837 egregium
1166 3764 1329 3839 multisque
1345 3767 1495 3826 miraculis
1518 3768 1710 3843 insignitum,
1722 3769 1803 3829 inritis

116 3855 217 3915 atari?
241 3854 354 3912 Desiste
376 3852 507 3920 undem,
521 3850 630 3918 desine,
646 3850 671 3907 si
687 3865 745 3921 qus
759 3848 853 3921 pietas
865 3848 896 3905 iu
909 3850 938 3905 te
991 3852 1144 3910 monachis
1159 3869 1192 3910 ec
1205 3845 1344 3927 prelatis,
1360 3856 1390 3911 in
1405 3857 1531 3930 digniori
1546 3860 1644 3932 gradu
1660 3858 1803 3935 psistiido

117 3950 172 4012 est,
188 3959 243 4001 nos
257 3941 344 4001 seriis
367 3941 484 3999 allicere
502 3938 692 3996 cruciatibus.
709 3938 780 3994 lnde
802 3937 939 3994 tartareis
992 3958 1117 4015 musque
1132 3943 1254 4014 publice
1265 3960 1317 4016 pro
1334 3948 1464 4018 tempore
1475 3946 1575 4005 Petras
1589 3948 1706 4008 Priores
1714 3954 1803 4008 snus

115 4032 237 4091 vocibus
254 4030 417 4088 asclamsre
439 4028 615 4102 geminando
629 4025 737 4100 sepius
754 4043 761 4083 ι
777 4025 800 4082 0
815 4025 936 4083 cruces!
992 4047 1022 4088 re
1034 4049 1042 4101 ;
1056 4032 1110 4087 boc
1124 4031 1221 4088 animo
1232 4035 1330 4091 tumen
1340 4034 1585 4093 utsibisuratum
1593 4037 1799 4098 tabernaculum

116 4118 315 4179 otcrmentat
329 4118 421 4174 Paulo
435 4120 504 4191 poet
517 4115 671 4175 bominum
687 4114 886 4173 miserrimum
900 4117 937 4172 sd
992 4125 1021 4177 et
1035 4121 1196 4194 egregium,
1213 4125 1246 4178 ut
1261 4123 1304 4180 tas
1319 4128 1392 4192 erat,
1409 4124 1501 4182 tieret.

100 4212 229 4267 terram
255 4207 426 4276 detrudens,
452 4208 486 4262 ut
513 4202 650 4278 spiritum
673 4205 805 4262 amittere
826 4204 938 4263 videre·
1029 4208 1192 4267 liveram
1205 4212 1341 4283 cumjcm
1353 4212 1432 4270 bunc
1442 4212 1499 4270 sibi
1508 4213 1802 4291 locumeetsrlspsd

116 4301 175 4357 tur.
992 4297 1110 4366 habitis,
1126 4298 1282 4373 delegisset
1302 4301 1493 4359 beatissimus
1514 4303 1660 4377 ioannes,
1676 4310 1707 4365 st
1720 4307 1750 4364 in
1760 4301 1800 4362 u'ts

151 4387 180 4445 9.
198 4385 248 4445 llis
262 4384 393 4461 igituret
406 4383 473 4442 aliis
485 4383 587 4459 inique
601 4384 638 4441 ab
652 4383 717 4458 ipso
727 4384 864 4456 peractis,
876 4400 938 4441 mc·
992 4388 1081 4444 etism
1095 4391 1163 4460 post
1176 4388 1276 4461 ipsum
1290 4389 1380 4446 decus
1395 4390 1498 4448 mundi
1513 4388 1799 4471 potentiorumpnei

116 4476 203 4535 rachi
216 4491 331 4543 ossum,
344 4474 475 4532 bominis
484 4474 548 4546 Jsm
564 4474 601 4531 sd
616 4477 746 4530 extrema
759 4473 875 4531 deducti
887 4473 940 4529 mi·
953 4502 979 4566 D
993 4476 1074 4533 mina
1082 4476 1214 4534 devitans
1224 4477 1366 4551 postridie
1376 4497 1394 4536 a
1403 4480 1527 4538 sacrista
1533 4480 1563 4538 in
1575 4483 1666 4541 altari
1677 4476 1799 4558 erogati

115 4569 259 4634 serentes,
269 4565 306 4623 ad
316 4563 482 4622 Pessiniuni
492 4561 714 4631 monasterium,
727 4563 804 4635 quod
815 4578 850 4619 ea
862 4565 939 4619 tem·
993 4565 1047 4622 hcc
1065 4566 1095 4622 iu
1110 4567 1288 4624 monasterio
1299 4567 1389 4625 situm
1404 4574 1459 4637 est,
1470 4573 1600 4643 quatuor
1611 4591 1683 4632 cum
1695 4571 1798 4632 lumn-

115 4659 229 4730 pestats
242 4652 423 4713 sanctissimi
438 4652 559 4710 ioannis
581 4650 722 4724 Reliquiis
737 4650 875 4725 pollebot,
891 4668 938 4709 so·
993 4654 1075 4712 ribus
1086 4655 1266 4728 conspicitur
1277 4675 1284 4726 ;
1296 4673 1372 4730 qus,
1384 4662 1416 4716 nt
1430 4659 1492 4733 ipse
1510 4661 1620 4720 rolerrs
1632 4660 1799 4723 soiitosm

115 4745 177 4803 cios
191 4746 225 4802 ut
247 4746 400 4818 pergerent
414 4741 617 4800 hortabantur.
638 4741 750 4807 Quibus
765 4741 880 4798 demon
895 4741 940 4797 di·
994 4742 1119 4817 propriis
1129 4744 1798 4810 oculiscoeiumuersustendereluminsrisrititt

114 4832 184 4891 vina
199 4832 307 4890 virtute
321 4830 418 4905 inquit
432 4847 440 4887 ε
456 4829 530 4896 Quid
546 4829 625 4886 bunc
643 4827 773 4886 laborem
788 4829 939 4887 incassum
994 4831 1048 4888 boc
1062 4832 1092 4888 in
1117 4832 1222 4905 primis
1237 4834 1348 4907 stupori
1371 4835 1426 4892 sibi
1446 4839 1475 4893 et
1497 4837 1704 4914 admirationi,
1718 4830 1798 4898 distr

150 5009 227 5082 (125)
242 5008 351 5067 Debeo
365 5007 553 5065 S.Bernardo
569 5023 659 5079 supra
673 5007 702 5090 in
716 5007 871 5091 Annotatis
881 5008 939 5081 sgi-
993 5002 1143 5065 electionis
1158 5010 1222 5066 e'us
1238 5010 1273 5092 ed
1289 5010 1501 5085 episcopetum.

116 5096 197 5152 mus,
212 5085 242 5139 et
255 5085 390 5138 suctores
402 5079 438 5135 de
451 5094 484 5136 eo
499 5081 619 5160 egentes
633 5093 860 5151 assrgnevrmus.
1028 5080 1101 5153 (128)
1116 5081 1143 5136 ls
1160 5025 1331 5139 lirsncrscus
1347 5083 1423 5140 circa
1438 5101 1550 5142 annum
1563 5085 1637 5145 1450
1651 5080 1797 5146 slsum

152 5151 226 5226 (rec)
250 5149 462 5208 verosimiliter
484 5148 609 5232 intelligi
632 5165 697 5206 sem
723 5150 816 5207 solem
840 5149 939 5207 Gallie
993 5150 1141 5209 Generuis
1161 5153 1396 5226 congregationis
1421 5155 1689 5232 Vstlumbrossne,
1702 5162 1731 5216 et
1750 5151 1796 5230 ld

116 5228 321 5348 pertemere
334 5221 525 5296 proximsest
538 5218 671 5292 Alpibus,
688 5221 801 5277 ltsllern
815 5238 833 5278 a
846 5221 940 5279 Gallis
991 5222 1109 5324 vigilem
1132 5223 1168 5279 29
1192 5239 1336 5306 annorum
1369 5226 1616 5310 gubernationem
1648 5230 1722 5289 obiit
1741 5233 1796 5285 sm

138 5294 476 5449 iiiiitffiffiiissuruns
489 5361 717 5420 aiveliiccardus
728 5363 877 5421 exabbate
886 5363 939 5421 Ge
991 5294 1286 5437 {ggpossntpseslaenes
1296 5297 1361 5450 ‘hmo
1376 5299 1519 5357 monh
1528 5306 1599 5359 anu
1613 5302 1695 5361 hum
1707 5304 1792 5360 mm
1846 5431 1848 5443 Ι

116 5433 209 5491 neralr
232 5435 327 5493 iactus
350 5440 567 5510 esteprscopus
591 5433 695 5489 Mases
719 5451 795 5491 anno
810 5435 889 5503 1135,
906 5439 939 5492 ut
1026 5437 1101 5509 (129)
1117 5437 1344 5496 bernardusrile
1364 5439 1573 5516 cisnfigrisssi,
1589 5432 1790 5503 tenesmis
1845 5458 1848 5472 ·

116 5504 204 5563 babet
216 5504 358 5592 Ugbsllus
379 5512 451 5564 tom.
466 5508 484 5563 3
499 5505 587 5563 ltslis
610 5519 701 5561 sacre
714 5504 769 5560 sol.
784 5505 939 5563 seualle
992 5505 1169 5580 Gatalcgop
1211 5510 1279 5580 .66,
1294 5514 1361 5582 post
1384 5512 1420 5568 22
1443 5529 1590 5574 ancorum
1613 5512 1790 5593 gossenus
1843 5520 1848 5562 1

115 5576 152 5645 de
166 5593 200 5640 co
220 5576 344 5636 srmlum
366 5593 433 5653 pag.
448 5579 512 5647 257,
527 5578 579 5661 qul
601 5580 700 5634 umen
714 5580 792 5635 errat
814 5576 845 5634 in
860 5593 937 5637 enno
991 5578 1065 5638 obiit
1078 5592 1155 5637 enno
1203 5580 1250 5638 22.
