3892 6096
110 237 169 303 eut
911 237 1026 302 Acte.
1757 245 1817 310 902

110 370 244 427 virorum
260 370 451 443 prudentium
466 373 685 439 conserventur,
700 369 885 427 illustrantur
908 372 937 426 et
949 371 977 438 Α
991 369 1158 438 irriderent,
1174 374 1248 428 nutu
1264 370 1362 429 divino
1377 387 1520 430 securene
1531 372 1671 432 menibus
1685 375 1818 434 inciden-

112 461 272 532 eugentur.
992 458 1067 515 tium
1083 458 1208 532 delepse
1222 459 1361 518 cecidere.
1376 462 1458 528 Quod
1473 479 1539 518 cum
1555 464 1668 520 ceteris
1682 463 1737 522 hoc
1756 482 1816 523 me·

148 548 214 604 231.
232 547 284 604 llis
300 546 393 621 igitur
408 548 679 605 necessitudinibus
693 547 785 604 ebbes
799 551 870 603 tuno
884 546 940 602 cir·
992 550 1056 603 tum
1072 547 1263 605 etberrorem
1278 549 1399 622 insuper
1410 554 1439 606 et
1454 566 1511 606 non
1525 567 1644 624 parvam
1670 551 1819 612 incuteret

112 641 301 709 cnmventus,
319 653 386 693 oum
399 636 578 710 quibusdem
593 636 710 709 prediis
725 652 830 692 nemus
845 634 939 708 quod·
994 634 1229 708 edmiretionem,
1242 653 1320 693 unus
1330 637 1396 694 aliis
1407 639 1531 711 nequior
1544 644 1573 696 et
1584 640 1754 714 improbior,
1767 658 1818 700 eos

112 728 185 785 dem
198 725 289 783 etiem
304 724 437 793 contulit,
453 726 538 798 eujus
558 725 653 799 gratie
676 725 706 783 S.
730 724 858 782 loannes
882 723 940 781 tele
994 722 1819 799 horteri[uiliterumsecuresedreliqunmnemusinei·

110 812 531 873 deditmireeolum.Rstloous
540 813 787 887 bisinAlpibusln
798 812 940 869 orientem
996 812 1126 869 dendum
1141 813 1819 886 corriperentlienitsntibusbiseteoousnnti·

110 920 252 979 vergens,
269 904 346 975 quod
361 906 500 959 lletatum
515 903 647 960 montnni
657 903 830 976 (193letiam
843 906 942 958 nostra
996 900 1063 970 bus,
1078 901 1128 958 ille
1138 918 1196 959 non
1208 905 1339 960 loturum
1351 902 1701 977 sibiprevidensoesum,
1711 910 1818 981 reptim

109 996 291 1067 tempestate
306 991 425 1065 vulgato
440 992 560 1048 nomine
576 991 735 1065 appellant.
749 992 840 1050 Abest
861 991 941 1047 enim
997 991 1124 1047 securim
1153 991 1282 1064 capiens,
1306 1008 1370 1048 eam
1391 996 1563 1065 perstrenue
1577 992 1708 1051 elsvnvit.
1731 998 1819 1054 Sede

112 1084 153 1141 eb
164 1082 224 1140 isto
238 1081 268 1138 S.
286 1080 384 1137 Merite
398 1081 578 1138 monasterio
595 1081 686 1138 terme
695 1081 753 1138 duo
765 1080 858 1137 millia
872 1097 942 1153 pas·
996 1079 1157 1135 verendum
1170 1080 1208 1136 ab
1223 1079 1361 1136 omnibus
1375 1079 1483 1137 Christi
1497 1081 1569 1138 lesu
1581 1082 1743 1153 judicium!
1764 1100 1818 1142 neo

113 1187 220 1243 sunm,
230 1170 259 1226 in
272 1185 330 1242 quo
341 1186 447 1226 nemus
459 1169 942 1244 quoddem,diligenterconsitum,
998 1184 1105 1226 manus
1121 1184 1174 1226 neo
1187 1168 1313 1225 securim
1328 1168 1473 1242 deponere
1488 1172 1598 1245 etergo
1626 1187 1695 1229 eum
1710 1178 1822 1246 posset,

113 1259 287 1335 quercubus
301 1257 449 1331 aliisquue
462 1259 620 1332 generibus
634 1259 775 1315 arborum
791 1259 943 1330 refertum,
999 1256 1031 1313 in
1045 1274 1100 1315 sua
1121 1261 1220 1314 tamen
1243 1257 1357 1314 malitie
1377 1274 1577 1331 perseverans,
1601 1261 1672 1318 dnm
1699 1262 1822 1335 spiritus

115 1349 226 1408 faciem
241 1348 426 1405 intuentibus
440 1347 581 1407 letiorem
596 1348 744 1416 ostendit;
767 1348 837 1422 qnia
859 1349 946 1421 juxta
1001 1362 1072 1404 suos
1086 1345 1240 1420 pestiferos
1255 1347 1329 1403 rexit
1342 1351 1435 1414 artus,
1449 1364 1556 1404 manus
1578 1353 1645 1422 post
1666 1367 1821 1423 nunquam

116 1439 233 1497 flumen
243 1436 310 1510 jugi
325 1453 404 1509 equa
412 1435 579 1509 piscibusve
586 1436 855 1506 relertumlebitur,
869 1438 945 1494 esti·
1000 1434 1131 1492 retraxit.
1143 1435 1201 1493 tioc
1217 1434 1438 1509 quamprimum
1453 1440 1486 1494 P.
1502 1436 1607 1495 abbati
1623 1439 1755 1496 nuntiari
1771 1456 1821 1497 cu·

116 1540 216 1599 voque
229 1529 361 1597 tempore
373 1538 476 1596 poema
488 1527 576 1595 atque
599 1523 762 1581 cultoribus
780 1529 810 1580 et
833 1523 947 1581 civibus
1000 1528 1139 1581 rorarunt
1152 1528 1283 1598 pastores
1295 1541 1302 1594 ;
1315 1529 1346 1581 et
1359 1523 1445 1581 illum
1460 1525 1565 1599 ingens
1578 1527 1721 1600 gaudium
1736 1531 1824 1602 etque

117 1613 273 1673 interdum
288 1612 492 1684 frequentetur
504 1612 638 1684 piscandi
652 1612 758 1685 gratia.
774 1613 847 1669 Cum
857 1612 949 1686 igitur
1001 1612 1085 1671 dolor
1098 1611 1188 1670 simul
1198 1627 1376 1687 oocopevere
1388 1631 1396 1682 ;
1407 1613 1637 1672 nemletebetnr
1643 1615 1824 1692 intelligens,

118 1703 243 1762 cuidam
258 1701 314 1759 civi
338 1699 515 1769 Florentino,
539 1701 585 1758 eui
610 1717 717 1758 nomen
740 1700 888 1758 Bernardo
911 1701 947 1758 de
1000 1701 1106 1760 eilvem
1121 1700 1416 1775 illamperpulchrsm
1427 1703 1456 1760 S.
1467 1702 1590 1760 loannis
1598 1705 1734 1777 precibus
1744 1708 1825 1780 [con-

118 1789 269 1860 serzellis,
287 1793 321 1848 ut
335 1789 449 1846 fructus
472 1804 508 1846 ex
526 1805 560 1846 eo
575 1789 747 1863 perciperet,
772 1788 892 1846 daretur
916 1790 946 1846 in
1005 1795 1150 1849 serentem
1165 1806 1240 1862 esse,
1256 1790 1295 1862 et]
1308 1790 1451 1859 evenisse,
1466 1807 1504 1848 ne
1532 1791 1678 1850 melorum
1702 1796 1827 1854 audacia

119 1879 353 1957 possessiom,
370 1881 400 1934 et
409 1876 457 1934 ilie
472 1881 575 1935 contra
584 1879 647 1950 jus,
662 1880 691 1934 et
700 1877 878 1934 loedusinter
887 1894 950 1935 mo·
1005 1881 1094 1953 [eom]
1108 1879 1246 1953 stirpitus
1259 1879 1453 1953 exstirperet;
1469 1895 1556 1954 porro
1576 1883 1682 1940 snmus
1695 1900 1761 1942 esse
1789 1887 1826 1943 ob

119 1968 237 2029 naehos
250 1972 281 2026 et
294 1983 520 2041 repercussum,
534 1981 612 2039 mox,
624 1967 811 2040 possessione
822 1971 952 2040 accepta,
1007 1969 1105 2027 miseri
1120 1968 1200 2025 illius
1214 1967 1383 2026 inevitabile
1398 1968 1522 2026 malum.

121 2059 247 2119 arbores
258 2073 361 2114 omnes
373 2056 464 2128 jussit
489 2056 591 2113 incidi.
615 2060 675 2113 Hoc
694 2055 795 2128 inique
819 2056 953 2128 loedeque
1040 2060 1104 2115 234.
1115 2057 1223 2114 lladem
1238 2056 1326 2113 etiem
1341 2057 1398 2117 die.
1415 2062 1444 2114 et
1457 2073 1492 2114 ea
1506 2058 1588 2128 bora,
1603 2077 1663 2133 que
1678 2066 1826 2140 monaehi,

123 2149 240 2205 laetum
252 2161 288 2203 ex
296 2144 406 2203 nostris
416 2144 570 2202 Conversis
581 2144 712 2218 quidem,
722 2144 773 2218 qui
787 2150 859 2201 tune
869 2150 953 2217 prete
1008 2152 1041 2204 ut
1053 2147 1193 2212 diximus,
1204 2145 1359 2202 S.Joennis
1367 2145 1558 2219 imploravere
1564 2149 1720 2220 auxilium,
1730 2152 1825 2225 ipsius

124 2235 304 2304 tondebant,
319 2233 470 2309 egerrime
492 2234 628 2306 terentes,
637 2249 698 2306 eos,
709 2232 760 2306 qui
770 2232 949 2303 insidebant,
1007 2236 1089 2305 civis,
1104 2235 1151 2292 eni
1162 2237 1230 2309 jure
1253 2234 1324 2291 illud
1356 2235 1509 2292 devenerat
1530 2251 1647 2305 nemus,
1674 2241 1734 2297 tres
1760 2259 1827 2300 rure

128 2326 393 2394 adeontmonent,
405 2327 537 2380 erantne
550 2322 953 2396 talefacinusegant,[et]ve·
1007 2326 1110 2382 domos
1125 2341 1183 2381 non
1198 2323 1317 2381 inutiles
1327 2324 1497 2381 combustas
1513 2323 1626 2399 [luisse]
1638 2328 1828 2388 menifestum

126 2415 188 2473 lint
201 2414 378 2488 quandoque
393 2413 430 2470 ab
444 2411 535 2485 impio
550 2428 636 2483 opere
650 2411 801 2469 desistere.
1007 2418 1053 2472 est
1063 2432 1071 2484 ;
1083 2414 1161 2487 quod
1172 2413 1222 2470 ubi
1232 2412 1354 2485 aceepit,
1365 2411 1548 2483 existimem,
1561 2413 1590 2470 id
1599 2416 1676 2487 quod
1687 2423 1760 2487 eret,
1772 2420 1829 2477 sibl
1904 2474 1907 2481 i

161 2504 229 2560 232.
242 2503 397 2574 Ceterum,
414 2518 482 2559 oum
493 2501 536 2558 illi
550 2505 667 2558 tantum
677 2500 889 2558 contumeliose
900 2501 954 2558 mi·
1008 2503 1113 2561 merito
1127 2502 1156 2560 id
1174 2501 1243 2558 mali
1260 2501 1400 2570 evenisse,
1416 2500 1594 2558 nolensonm
1603 2505 1831 2566 senctisetiesu

127 2608 298 2666 nurumque
312 2591 399 2666 plena
412 2591 499 2649 verbo
522 2591 687 2658 redderent,
713 2590 844 2647 conversi
871 2591 954 2648 veriti
1008 2591 1204 2650 familiaribus
1215 2606 1277 2646 rem
1289 2605 1385 2663 agere,
1409 2588 1488 2647 illico
1504 2591 1599 2664 [petiit
1620 2597 1655 2649 ut
1679 2593 1746 2667 sibi)
1766 2614 1831 2657 sue

126 2684 241 2759 pejore,
256 2681 283 2739 si
297 2685 461 2754 pergerent,
477 2679 639 2736 illicoheno
648 2680 835 2752 exquirentes
850 2681 953 2753 edem,
1008 2683 1201 2739 redderentur
1214 2681 1354 2753 pecunie,
1370 2683 1399 2736 et
1413 2679 1487 2751 ipse,
1501 2679 1647 2753 quidquid
1659 2687 1832 2743 monosterii

125 2776 160 2831 P.
176 2771 318 2831 abbatem
331 2768 530 2842 lacrymantes
553 2769 672 2837 adeunt,
689 2783 810 2841 remque
825 2786 954 2837 omnem,
1008 2770 1190 2846 possidebat,
1208 2768 1361 2825 restituere
1375 2767 1496 2825 curavit.
1521 2772 1582 2826 Hoc
1606 2772 1744 2845 equidem
1769 2780 1831 2832 tam

128 2861 173 2920 uti
189 2864 264 2932 eret,
279 2863 426 2917 enarrem.
442 2858 503 2930 llle,
514 2858 569 2916 etsi
585 2862 689 2931 potens
704 2858 763 2915 vim
773 2857 801 2915 vi
812 2875 880 2915 cum
892 2859 956 2915 suis
1009 2860 1168 2917 verendum
1179 2858 1417 2931 stupendumque
1431 2857 1608 2915 miraculum
1630 2859 1707 2932 eliis,
1722 2862 1773 2936 qui
1797 2880 1832 2921 ea

130 2949 285 3025 repellere,
299 2953 398 3007 temen
414 2946 485 3021 quia
497 2946 527 3003 in
550 2946 601 3004 teli
627 2953 759 3020 tempore
779 2947 825 3004 vis
848 2948 956 3005 civium
1009 2951 1183 3021 tempestete
1196 2946 1385 3004 eeclesiarum
1399 2947 1538 3014 bone,ea,
1550 2950 1831 3020 quamdixi,oondi·

131 3038 229 3114 magis
243 3037 378 3096 lenienda
392 3053 482 3110 quam
497 3035 671 3109 exagitanda
685 3040 757 3106 erat,
778 3037 869 3093 iratus
897 3037 955 3093 vir·
1009 3039 1089 3094 tione
1104 3035 1831 3114 habuere,mentemconsiliumqueiniqeeegendi,

129 3134 195 3186 tute
204 3128 314 3196 dimne,
327 3125 485 3184 &loannis
495 3125 665 3199 presidium
677 3123 779 3181 statuit
787 3124 954 3198 implorare.
971 3110 993 3180 G
1011 3125 1110 3183 veritis
1127 3126 1238 3198 pejora,
1253 3124 1372 3181 ademit.
1388 3127 1424 3180 st
1436 3139 1473 3182 ne
1488 3125 1556 3196 quis
1570 3126 1649 3183 istud
1664 3128 1773 3186 lelsum
1796 3131 1831 3185 tl·

132 3217 323 3292 lgitnriuseu
330 3213 666 3289 suoeolleotlsundique,
677 3213 728 3286 qui
735 3213 806 3271 ioris
817 3213 956 3289 domique
1011 3219 1151 3286 stumque
1164 3210 1320 3281 existimet,
1331 3214 1406 3268 sciet
1421 3228 1467 3269 me
1482 3213 1730 3271 enonnnllistum
1742 3217 1831 3273 ebbe-

133 3310 233 3377 erant,
247 3305 397 3363 monachis
411 3308 441 3361 et
455 3305 613 3372 conversis,
638 3302 810 3376 capitulum,
836 3307 870 3359 ut
893 3320 957 3361 mos
1010 3304 1091 3361 tibus
1107 3307 1170 3357 tum
1186 3301 1334 3358 conversis
1348 3300 1378 3356 in
1393 3301 1541 3374 decrepite
1554 3305 1638 3359 etsie
1652 3305 1831 3376 constitutis,

135 3399 195 3462 est,
209 3392 344 3453 flebiliter
356 3394 485 3462 edeunt;
501 3393 607 3466 hisque
622 3391 769 3466 imprimis
784 3392 885 3461 ebbes,
906 3408 959 3449 cur
1011 3392 1062 3464 qui
1073 3389 1120 3447 his
1134 3390 1339 3461 interfuerunt,
1354 3389 1510 3462 accepisse.
1526 3388 1605 3446 Silva
1627 3406 1744 3463 quoque
1771 3391 1831 3461 illa,

132 3481 318 3555 accersisset,
332 3483 478 3557 aperiens,
494 3482 561 3538 inde
576 3481 712 3554 presenti
724 3481 957 3554 fortiqeeanimo
1012 3482 1037 3538 si
1052 3479 1187 3537 homines
1201 3477 1333 3546 silerent,
1346 3477 1543 3535 calamitatem
1558 3495 1642 3536 suem
1656 3480 1745 3538 etiem
1772 3482 1833 3539 beo

132 3570 204 3642 sint,
219 3571 375 3642 bortetur;
390 3587 443 3628 nec
459 3569 583 3627 dubium
605 3570 679 3627 foret
702 3570 745 3626 eis
764 3570 794 3626 S.
814 3569 956 3628 ioannem
1012 3573 1115 3628 nostre
1129 3570 1303 3639 tempestate
1316 3565 1455 3634 ostendit,
1472 3583 1539 3623 cum
1566 3584 1702 3641 querens,
1727 3569 1833 3627 deinde

131 3678 218 3736 opem
227 3661 405 3735 quandoque
414 3659 555 3729 laturum,
568 3658 737 3716 medebono
747 3663 862 3716 rectove
871 3661 959 3717 eorde
1013 3659 1161 3732 plentete,
1176 3655 1288 3712 ceteris
1303 3655 1396 3712 multo
1411 3655 1583 3714 humiliores
1594 3657 1833 3732 intuentibusap-

131 3750 287 3810 humiliter
300 3753 331 3808 et
342 3753 506 3808 reverenter
520 3750 556 3806 ab
572 3747 798 3821 eisrequiratur.
810 3749 862 3806 llis
871 3749 959 3806 dietis
1012 3749 1142 3820 pareant.
1158 3747 1194 3800 At
1202 3743 1275 3800 mihi
1284 3743 1412 3816 proleoto
1423 3743 1516 3800 multa
1525 3743 1834 3819 legenti,eudientique

131 3843 255 3916 signum
269 3839 495 3912 eumcempenis
511 3837 583 3907 fieri,
598 3842 630 3894 ut
641 3855 705 3895 mos
716 3838 879 3911 est,jubet:
891 3838 959 3895 inde
1013 3834 1150 3909 plurima,
1166 3836 1281 3889 constat
1292 3836 1321 3888 S.
1332 3832 1475 3889 ioannem
1485 3833 1573 3889 etiem
1585 3834 1836 3892 memorienostra

131 3929 160 3989 Ρ.
175 3929 327 3986 Abbatem
342 3944 444 3985 omnes
452 3926 603 3984 imitantes
615 3927 777 3984 sacrarium
786 3927 903 3984 subnixi
914 3927 958 3983 in·
1013 3921 1163 3983 miraculis
1179 3925 1208 3977 et
1222 3920 1364 3994 prodigiis
1373 3919 1557 3991 claruissset
1568 3921 1663 3979 adbuc
1673 3923 1714 3981 ita
1726 3924 1837 3982 clarere

128 4018 321 4093 gradiuntur.
337 4017 445 4074 Cereus
473 4032 614 4073 aecensus
635 4016 671 4072 ab
693 4032 738 4085 eo,
755 4015 806 4089 qui
831 4021 958 4073 saorarlo
1013 4013 1096 4086 (pace
1108 4011 1240 4067 omnium
1256 4009 1391 4082 dixerim)
1407 4013 1439 4065 ut
1451 4009 1478 4066 ei
1494 4009 1771 4069 nullossanotorom
1782 4013 1836 4070 bec

127 4111 232 4181 prust,
261 4107 367 4180 cuique
400 4107 506 4175 datur,
532 4109 561 4162 et
583 4104 681 4178 pluteo
717 4120 768 4161 eeu
802 4104 959 4162 armariolo
1013 4102 1043 4158 in
1060 4099 1207 4175 provincia
1223 4098 1386 4155 invenietur
1395 4098 1555 4156 secundus.

127 4201 246 4272 aperto,
262 4211 322 4269 quo
336 4196 366 4253 S.
380 4195 503 4252 ioannis
522 4193 676 4251 brachium
692 4193 853 4250 honorilice
866 4194 961 4250 serva-
1049 4191 1113 4246 235.
1128 4192 1152 4245 Α
1166 4188 1303 4245 Faventia
1318 4187 1432 4244 civitate
1447 4187 1596 4245 Fleminie
1611 4190 1765 4263 oppidum,
1790 4191 1837 4247 eui

125 4288 192 4355 tor,
208 4283 390 4358 quibusdem
404 4283 442 4340 nd
458 4282 528 4339 Jesu
545 4280 651 4339 Christi
667 4283 757 4338 decus
773 4281 961 4355 virginisque
1015 4277 1837 4352 Bernigbella(l9l)nomenest,nonprouulebessedicitur;

126 4372 277 4433 &risset
290 4377 319 4430 S.
334 4372 458 4430 Joennis
472 4370 596 4429 cantatis
624 4371 708 4444 prius
731 4370 856 4444 genibus
880 4371 962 4428 lteris
1015 4369 1046 4425 in
1061 4383 1119 4441 quo
1130 4366 1263 4439 quedam
1276 4364 1392 4434 mulier,
1403 4381 1462 4421 non
1473 4366 1598 4422 obscuro
1608 4366 1759 4436 loeonata,
1771 4382 1838 4423 eum

126 4461 309 4536 eutiphonis
324 4460 440 4520 abbetis
450 4461 550 4533 jussu.
976 4481 1000 4548 D
1015 4475 1050 4516 ex
1064 4455 1236 4530 quotidiana
1246 4454 1296 4510 diu
1307 4453 1386 4510 febre
1396 4452 1569 4521 laborasset,
1579 4471 1632 4511 neo
1646 4455 1838 4525 medicorum,

161 4552 237 4610 233.
253 4549 364 4608 Deinde
373 4551 410 4608 ed
421 4567 509 4608 suum
521 4549 647 4623 quisque
657 4549 802 4607 concessit
812 4547 961 4622 negotium
1016 4545 1170 4621 inquibus
1186 4543 1312 4601 multum
1325 4542 1455 4615 pecunie
1479 4546 1714 4616 consumpserat,
1740 4540 1838 4613 aliquo

123 4640 348 4716 pangendum,
364 4656 399 4697 ee
413 4644 512 4697 tamen
537 4637 595 4695 fide
608 4655 641 4695 ec
667 4654 730 4711 spe,
756 4642 789 4695 ut
812 4639 964 4695 crederent
1016 4639 1116 4710 posset
1130 4632 1258 4690 remedio
1273 4630 1400 4701 libereri,
1417 4630 1554 4704 precibus
1569 4630 1724 4703 eujusdam
1746 4629 1838 4686 nostrl

102 4744 107 4753 ·
124 4728 264 4790 ioannis
277 4728 441 4786 beetissimi
467 4727 636 4801 presidium
662 4744 720 4784 non
745 4726 914 4784 delaturum
932 4727 962 4783 in
1017 4719 1344 4787 monechidellieretha,
1356 4718 1406 4791 qui
1417 4734 1480 4775 eam
1492 4718 1586 4791 gretie
1596 4718 1773 4776 visitationis
1788 4719 1839 4775 ad·

125 4822 462 4893 temporeopportuno;
479 4817 558 4889 quod
574 4817 671 4891 reipsa
686 4815 773 4890 paulo
784 4815 964 4889 postprobs-
1017 4814 1119 4883 iverat,
1127 4808 1563 4880 sanctissimiinsuperioennis
1574 4807 1723 4865 miraculis
1740 4806 1839 4879 ducta,

129 4912 204 4968 tom
220 4912 286 4965 est:
302 4907 437 4981 numqui
452 4906 631 4972 incidebant,
658 4906 738 4979 operi
760 4905 870 4962 nelarie
896 4922 964 4961 eum
1017 4899 1252 4960 votumsicvovit
1263 4915 1269 4952 :
1281 4897 1410 4954 ioannes
1426 4897 1605 4969 beatissime,
1614 4898 1735 4955 domum
1746 4894 1839 4963 tuem,

126 4992 298 5061 instarent,
313 4995 362 5067 [et]
379 4996 525 5067 quosdam
541 4993 629 5050 etiem
645 4994 888 5066 pastores,bonos
901 5009 965 5068 pro-
1019 4985 1761 5059 situismeritiesospitatemrecuperavero,visitabo
1772 5000 1840 5042 oum

127 5083 215 5144 tecto
228 5085 319 5153 viros,
332 5083 440 5157 qoieos
455 5099 538 5141 orare
549 5088 577 5139 et
589 5099 708 5139 monere
719 5083 899 5156 temperant]
914 5098 964 5139 ne·
1019 5079 1211 5146 muneribus;
1227 5075 1301 5132 mihi
1324 5092 1432 5147 queso,
1456 5075 1543 5133 Pater
1565 5074 1761 5142 sanctissime,
1786 5071 1841 5129 etsi

127 5174 256 5234 lantum
271 5172 302 5229 in
317 5189 436 5230 nemore
457 5170 573 5229 discidii
589 5175 717 5244 egerent,
742 5175 913 5245 spernerent
937 5173 966 5227 et
1019 5167 1173 5244 peccatrici
1181 5182 1266 5240 opem
1276 5165 1353 5222 teras
1363 5162 1625 5221 tameml’ixvcrbe
1636 5162 1840 5236 compleverat.

169 5314 239 5389 (193
255 5316 389 5373 ltetotom
404 5330 457 5387 pro
471 5313 541 5370 ville
568 5314 681 5370 rustice
696 5312 774 5370 sumi
799 5311 868 5369 alibi
893 5313 967 5369 dixi·
1020 5308 1397 5391 Bresegella,situmqueest
1407 5306 1436 5362 in
1444 5305 1586 5362 litaminis
1596 5305 1844 5363 seultomsndiole

127 5398 217 5445 mus.
233 5387 338 5459 ltaque
351 5390 489 5442 metatum
503 5387 632 5442 ,nectent
657 5384 704 5440 hie
730 5382 830 5440 villam
851 5389 967 5442 monte·
1021 5389 1132 5458 septem
1146 5379 1261 5437 circiter
1270 5377 1446 5436 milliaribus
1462 5377 1598 5436 Faventie
1608 5377 1843 5437 intermeridiem

128 5470 210 5518 nam
225 5457 396 5531 significare
410 5457 557 5515 existimo.
1020 5461 1050 5514 et
1064 5453 1256 5512 occidentem.

168 5531 252 5616 (194)
265 5529 411 5605 Oppidum
426 5526 481 5592 huo
491 5529 528 5587 eb
542 5527 735 5590 eliievocetus
746 5524 966 5602 Bmteicllovel
