3892 6096
110 305 171 370 ΠΙ
614 309 786 372 cuntant
806 307 989 372 uobactss
1009 308 1041 371 S.
1062 305 1321 370 audendum.
1757 301 1820 364 288

112 441 168 509 Sed
183 454 300 514 quoque
315 443 381 512 post
395 438 519 510 aditum,
535 440 561 499 si
576 457 623 499 ras
636 442 739 516 nequit
753 447 820 501 ante
842 441 933 501 videri
947 447 975 515 Α
990 443 1026 500 llt
1039 458 1075 498 na
1089 439 1175 515 plura
1188 438 1271 506 velia,
1286 454 1354 496 cum
1369 434 1424 493 fari
1438 436 1564 508 paucula
1577 433 1674 506 passis
1691 450 1699 490 ι

113 530 171 589 Nec
184 533 254 591 tuno
269 530 404 601 speratur
417 529 478 585 baec
493 531 528 585 ad
544 530 667 588 meliora
681 532 802 605 patrari,
830 562 833 567 ·
990 532 1063 588 Nam
1080 527 1302 602 sapiensverbis
1316 525 1488 600 perstringit
1504 522 1633 598 plurima
1647 524 1762 597 paucis.

113 622 172 676 dut
183 617 382 689 subjectorum
396 616 441 674 vel
456 618 542 691 eulpa
557 620 790 693 praepositarum,
991 622 1050 677 lloc
1064 620 1152 676 etiam
1169 635 1286 675 summa
1300 616 1421 673 studeas
1436 613 1615 687 perpendere
1630 629 1701 672 cura
1717 631 1725 672 ε

115 706 201 765 Liber
215 705 271 763 crit
286 707 408 777 reditus,
425 710 454 763 et
467 708 639 780 deponenda
654 712 793 782 potestas,
991 710 1063 766 (lum
1080 713 1197 781 tempus
1213 706 1303 777 fandi,
1315 705 1358 761 vel
1374 704 1492 777 quando
1508 703 1547 760 sit
1561 701 1634 759 bora
1647 703 1778 761 tacendi.

114 793 156 851 Ne
170 795 280 867 pariter
294 795 392 868 pravis
407 796 476 852 dare
491 813 669 855 consensum
683 798 816 856 videaris.
991 799 1119 870 Tempus
1135 795 1320 865 conveniens,
1336 811 1400 867 quae
1413 795 1519 850 cuneta
1533 792 1651 865 negatis
1669 797 1819 865 quarunt.

116 883 250 943 Sufficiat
264 883 319 941 soli
335 900 393 957 quo
408 884 473 941 aliis
487 886 625 958 prodesse
640 887 786 960 nequibis.
991 887 1123 960 Eloquiis
1137 886 1237 955 castis,
1254 886 1405 942 moderata
1419 899 1489 939 voce
1504 882 1622 950 fruaris,

114 973 189 1029 Nam
204 972 345 1033 miserum
362 977 406 1031 est
420 973 502 1031 valde
519 978 547 1031 te
562 979 677 1035 tantum
692 976 765 1035 velle
781 992 904 1050 praessa
994 976 1123 1034 Blandus
1138 975 1312 1043 mansuetis,
1327 973 1479 1030 districtus
1491 976 1520 1030 et
1534 974 1595 1028 este
1610 971 1758 1044 superbis.

115 1061 289 1135 Praelatiqus
303 1061 365 1119 loco
381 1063 422 1119 nil
437 1080 567 1121 exercere
582 1066 712 1138 regendi.
994 1067 1067 1122 Nam
1080 1065 1159 1123 velut
1170 1064 1293 1121 immitia
1308 1065 1360 1120 das
1376 1060 1516 1120 scandala
1529 1060 1624 1118 multa
1637 1060 1765 1134 pusillis,

114 1151 156 1208 Ne
170 1151 272 1224 copias
287 1166 355 1225 ergo
369 1153 461 1224 judex
474 1153 521 1210 hia
537 1154 675 1211 associari
993 1154 1039 1211 Sic
1054 1170 1069 1211 o
1084 1155 1197 1210 diversa
1213 1154 1238 1210 si
1252 1153 1296 1209 vis
1311 1151 1382 1209 levis
1397 1168 1461 1207 esse
1476 1151 1613 1223 superbo,

116 1241 175 1298 Sub
191 1240 259 1296 fidei
274 1241 358 1308 frete,
373 1242 418 1300 val
432 1243 535 1315 quavis
550 1244 726 1312 conditione,
994 1243 1127 1302 Ecclesia
1142 1259 1283 1316 maguum
1295 1243 1427 1299 conferre
1441 1241 1543 1297 studea
1558 1239 1785 1306 detrimentum

119 1331 197 1396 Quos
211 1334 244 1386 tu
260 1346 317 1387 non
331 1331 439 1402 poteria
454 1331 606 1391 deflectere
620 1333 735 1406 legibus
749 1333 851 1406 aequis.
996 1333 1126 1405 Denique
1140 1331 1314 1406 permittens
1329 1347 1451 1404 regnare
1465 1334 1554 1402 caput
1567 1327 1717 1394 vitiorum,

118 1419 161 1475 sit
175 1423 226 1474 tua
240 1435 324 1477 mens
339 1420 436 1492 potius
450 1420 493 1478 aie
507 1426 646 1481 constans
661 1423 689 1478 in
705 1423 835 1480 bonitate
994 1421 1105 1479 Virtuis
1119 1438 1242 1479 summae
1257 1422 1422 1478 destructor
1436 1418 1558 1492 emperia
1572 1434 1647 1488 esse,

120 1508 156 1565 Ut
168 1522 371 1580 perversorum
385 1509 529 1569 solidatur
542 1510 571 1567 in
587 1511 783 1584 improbitate.
996 1517 1091 1585 Atque
1107 1512 1247 1585 perhanc
1263 1526 1383 1567 causam
1405 1508 1529 1565 Domino
1544 1506 1612 1581 plus
1627 1506 1691 1579 ipse
1704 1503 1821 1562 resistis

120 1597 171 1654 llis
186 1596 346 1671 prelibatis
361 1599 397 1656 de
411 1599 541 1658 fascibus
552 1601 729 1675 accipiendis
996 1605 1090 1670 Quam
1105 1601 1156 1674 qui
1172 1601 1335 1675 permissus
1350 1597 1484 1656 fortassis
1499 1595 1617 1655 nescius
1631 1598 1720 1652 errat.

119 1687 155 1744 ut
169 1702 243 1759 quoa
258 1687 377 1745 omnino
392 1688 468 1760 fugit
482 1688 698 1747 ecclesiasticus
711 1691 793 1758 ardo,
997 1692 1079 1749 Unde
1094 1691 1177 1764 prius
1192 1690 1340 1748 modicum
1356 1687 1480 1745 tumidis
1496 1684 1795 1760 clamentiaprodest,

120 1775 203 1832 Nunc
217 1774 371 1833 veniamus
385 1792 418 1833 eo
434 1793 493 1847 quo
504 1778 568 1849 jam
579 1782 649 1835 sunt
662 1780 771 1836 tradita
785 1784 910 1852 sceptra,
997 1780 1059 1845 Qua
1074 1797 1128 1836 sua
1139 1778 1214 1836 calla
1227 1780 1274 1852 pio
1291 1780 1451 1835 doceantur
1465 1775 1591 1833 subdere
1605 1774 1733 1831 Christo.

120 1863 159 1920 Ut
173 1863 306 1920 doctrina
320 1863 420 1938 aliqua
434 1867 582 1938 prosimus
597 1868 774 1926 habentibus
788 1868 863 1942 ipss.
1000 1868 1054 1934 Qui
1069 1867 1139 1925 velit
1151 1868 1198 1924 his
1209 1868 1291 1940 juste
1305 1864 1564 1923 condescendendo
1574 1863 1681 1936 juvare

368 1971 575 2029 cgpq'puguqq
595 1973 703 2030 xxxfl,
1000 1961 1117 2031 Arguat,
1134 1957 1290 2013 admoneat
1304 1956 1413 2013 blande
1427 1955 1557 2027 primum
1571 1951 1698 2020 ratione,

147 2059 229 2127 Quali
242 2074 311 2114 caera
324 2063 351 2116 et
364 2076 393 2117 se
406 2069 433 2117 et
444 2065 604 2119 commissas
625 2065 715 2119 rector
741 2064 928 2136 unusquisque
999 2046 1099 2104 Melita
1112 2046 1200 2103 variis
1213 2046 1430 2118 Scripturarum
1446 2042 1646 2110 documentis;

405 2132 501 2190 debeat
515 2135 660 2191 custodire.
999 2141 1130 2209 Cumque
1141 2139 1187 2193 set
1201 2138 1246 2199 est
1259 2134 1365 2203 verbis,
1379 2133 1494 2208 gravior
1507 2130 1652 2190 sententia
1665 2129 1763 2198 detur,

122 2222 196 2292 Ergo
210 2219 330 2277 effectus
346 2221 383 2277 ad
398 2221 453 2278 hoe
468 2226 501 2279 ut
511 2224 603 2295 judex
618 2224 660 2280 sis
676 2224 811 2296 altarum,
1000 2228 1093 2293 Quam
1106 2224 1195 2282 simul
1211 2224 1337 2282 assiduae
1351 2223 1445 2296 precis
1460 2222 1581 2285 aflectus
1595 2218 1765 2296 comitetur,

121 2306 173 2365 Vel
188 2308 306 2381 quando
321 2309 384 2381 ipss
399 2310 443 2367 tui
457 2311 612 2385 vigilanter
625 2312 669 2369 vis
683 2312 838 2381 dominari,
1000 2316 1096 2373 Donec
1111 2315 1261 2386 clarescat,
1277 2313 1302 2371 si
1316 2316 1398 2370 tanta
1412 2314 1492 2384 juvet
1504 2308 1652 2371 medicina

123 2400 188 2469 lton
202 2399 313 2470 probus
325 2415 358 2455 ac
373 2400 498 2470 stabilis,
509 2403 596 2474 juxta
610 2417 707 2459 mores
721 2401 883 2476 gravitatis,
1000 2403 1038 2461 Ut
1052 2407 1258 2463 convertantur
1269 2407 1297 2461 et
1309 2402 1396 2460 mites
1411 2400 1586 2461 efficiantur.

124 2488 165 2543 lla
180 2488 260 2544 omni
275 2493 359 2561 gestu
375 2489 528 2562 speculum
539 2491 750 2548 moderaminis
765 2495 838 2563 esta,
1000 2493 1081 2559 Quod
1098 2492 1123 2550 si
1138 2491 1179 2548 nil
1196 2492 1303 2549 horum
1316 2491 1431 2549 vitiosis
1446 2489 1575 2563 proderit
1586 2490 1697 2561 actum,

124 2577 291 2634 Monstrana
305 2578 438 2652 exemplo
453 2596 635 2653 quecunque
655 2580 743 2636 doces
757 2580 835 2637 bona
847 2580 945 2649 verbo,
999 2588 1025 2638 Α
1039 2587 1068 2639 te
1082 2597 1217 2639 secernas
1229 2598 1304 2655 quos
1318 2581 1462 2638 adificare
1471 2579 1626 2652 nequibas,

122 2666 165 2723 Ne
178 2666 233 2722 tibi
248 2667 362 2724 dicatur
375 2669 454 2740 quod
465 2686 521 2726 vox
535 2669 633 2727 divina
648 2669 781 2742 profatur
795 2685 803 2725 z
1000 2672 1043 2731 Ne
1058 2671 1175 2746 gravius
1190 2672 1333 2729 damnum
1347 2670 1477 2744 patiatur
1490 2684 1561 2749 greg
1574 2664 1744 2733 meliorum.

123 2758 180 2812 Gur
194 2755 277 2815 oculo
292 2757 391 2815 fratris
406 2758 549 2815 festucam
564 2764 626 2816 tam
639 2759 713 2816 bene
726 2758 822 2816 cernis
1001 2761 1156 2819 Discordes
1171 2777 1282 2829 revoca,
1298 2761 1394 2818 fautor
1408 2757 1599 2819 merentibus
1614 2756 1705 2813 insta.

123 2844 157 2901 ut
181 2845 281 2904 minus
308 2848 456 2920 inspectas
484 2864 575 2921 quam
603 2852 666 2906 tute
690 2848 805 2905 tratrem
829 2863 946 2920 quoque
1000 2836 1141 2913 Naturam
1157 2849 1301 2922 refovens,
1316 2848 1421 2907 vitium
1435 2845 1585 2908 succidere
1599 2845 1710 2909 nitens.

780 2937 911 3012 [geatasf
1000 2939 1040 2999 Ne
1055 2939 1163 3013 duplex
1178 2938 1287 3009 animo,
1303 2954 1356 2995 nec
1372 2936 1554 3011 suspiciosus
1568 2934 1599 2991 in
1614 2933 1686 3001 ullo,

124 3025 221 3091 Quove
236 3026 322 3082 moda
337 3027 419 3084 fratri
429 3027 538 3101 poteris
553 3027 595 3085 sie
612 3025 759 3084 consiliari
777 3042 784 3082 ι
999 3029 1056 3088 Nec
1070 3028 1112 3087 sis
1126 3027 1286 3102 zelotypus,
1303 3045 1355 3085 nec
1369 3043 1484 3096 avarus,
1501 3041 1559 3082 non
1573 3022 1739 3080 animosus.

123 3117 233 3187 Frater,
249 3115 390 3173 festucam
407 3116 443 3174 ds
456 3116 521 3173 luce
534 3120 587 3174 tua
601 3116 665 3173 sine
677 3117 795 3185 ducam,
999 3117 1103 3175 confer
1117 3134 1202 3191 opem
1218 3117 1333 3174 miseria
1348 3130 1555 3191 quamcunque
1569 3112 1649 3175 valae
1663 3116 1694 3171 et
1712 3110 1826 3187 scenif-

123 3203 190 3278 lpse
205 3203 304 3261 minus
317 3221 440 3261 cernens
454 3205 525 3278 quid
540 3206 729 3263 contenebret
742 3205 796 3262 tibi
810 3203 929 3261 visum?
960 3189 982 3258 C
1000 3206 1107 3263 christi
1119 3206 1235 3265 servitio
1251 3221 1339 3279 super
1352 3204 1453 3263 omnia
1466 3202 1583 3263 deditus
1596 3205 1671 3277 usta.
1717 3184 1721 3193 ¹
1809 3184 1813 3191 ¹

122 3291 220 3362 Aufer,
237 3309 345 3366 queso,
361 3293 475 3351 trabem
490 3295 573 3368 prius
588 3311 623 3352 ax
637 3294 766 3369 proprio,
779 3294 944 3363 simulator,
999 3286 1108 3352 Cuncta
1122 3294 1241 3368 quidem
1254 3293 1339 3353 nobis
1353 3297 1425 3352 tunc
1438 3290 1643 3366 supplementa
1656 3287 1790 3364 parabis,

123 3383 159 3440 nt
173 3382 388 3440 tunc'festueas
397 3401 432 3440 ex
444 3383 543 3440 fratris
557 3384 670 3441 lumine
685 3385 785 3441 ducas.
1000 3385 1030 3442 si
1046 3401 1115 3455 non,
1130 3383 1252 3455 Christe,
1270 3382 1324 3438 tibi
1339 3381 1468 3457 primum
1482 3380 1619 3438 volumus
1633 3377 1790 3446 famulam

123 3473 184 3528 llac
198 3470 287 3529 simul
301 3472 419 3529 attende
433 3472 545 3529 dietum
558 3471 723 3546 specialiter
737 3473 773 3529 ad
789 3477 818 3529 te
1000 3475 1083 3532 Sicut
1096 3477 1125 3530 et
1139 3476 1257 3529 econtra
1270 3472 1432 3529 succedunt
1446 3485 1586 3544 prospera
1600 3466 1693 3535 nulla,

123 3561 207 3628 Quod
222 3561 363 3617 Dominus
378 3561 491 3617 cunctis
502 3562 565 3632 jam
580 3561 720 3634 praedicat
733 3579 782 3618 ore
802 3561 918 3620 Davidia
937 3578 945 3618 ι
1001 3563 1032 3620 Si
1047 3563 1163 3618 tibimet
1178 3560 1232 3619 soli
1246 3579 1304 3618 nan
1318 3576 1458 3618 conamur
1474 3559 1535 3615 fors
1549 3556 1645 3631 proni.

124 3648 184 3704 Gur
197 3653 229 3704 tu
239 3648 372 3720 justitias
386 3647 453 3706 aliis
467 3649 648 3721 perhibendo
664 3650 774 3715 revelaa
1000 3652 1016 3709 J
1020 3651 1114 3725 ugiter
1128 3651 1182 3708 boe
1196 3654 1298 3719 tracta,
1315 3667 1351 3706 ne
1366 3648 1436 3722 quid
1452 3646 1542 3705 facias
1556 3645 1621 3703 aine
1634 3660 1738 3715 causa,

124 3743 166 3793 Ac
182 3737 253 3809 quid
269 3736 300 3794 in
315 3753 364 3794 ore
377 3740 427 3793 tuo
440 3737 516 3809 legia
531 3738 709 3795 documenta
723 3738 850 3811 reponis,
1004 3742 1038 3797 llt
1052 3757 1089 3797 ne
1103 3739 1239 3797 lesuram
1255 3756 1307 3813 per
1320 3744 1349 3796 te
1363 3738 1430 3811 quis
1445 3736 1572 3810 perferat
1586 3733 1693 3803 ullam3

124 3825 179 3893 Qui
195 3826 399 3900 contempsisti
413 3825 587 3896 doctrinam,
600 3843 688 3899 quam
705 3826 852 3884 retulisti?
1005 3829 1061 3886 Sed
1078 3830 1172 3902 magis
1187 3828 1312 3887 aedifices
1328 3827 1358 3884 in
1373 3828 1487 3884 eunctis
1502 3824 1635 3883 maribus
1649 3838 1766 3899 omnes.

125 3916 200 3973 Nam
216 3916 240 3972 si
256 3918 402 3989 raptorem
417 3916 557 3972 cernebas
571 3919 659 3989 atque
673 3915 828 3988 latronem,
1002 3917 1108 3975 Nullus
1125 3918 1232 3991 quippe
1244 3917 1340 3991 palam
1356 3917 1442 3974 faeiat
1456 3915 1511 3973 soli
1527 3912 1584 3971 sibi
1599 3911 1776 3986 quidquam,

126 4004 270 4063 Currebas
283 4003 402 4077 pariter,
416 4008 445 4061 et
459 4021 527 4061 cum
541 4005 756 4063 moechantibus
770 4005 844 4064 alter
1002 4007 1112 4081 illeque
1126 4007 1271 4081 precipue
1285 4003 1336 4079 qui
1351 4022 1401 4063 rex
1415 4008 1466 4063 aut
1477 4006 1577 4061 doctor
1591 4002 1720 4060 babetur

127 4094 233 4150 Factus
246 4094 382 4151 adulterii
397 4099 426 4151 te
441 4099 605 4152 consortem
619 4095 753 4168 posuisti,
1004 4097 1069 4154 Sive
1084 4112 1189 4170 gerens
1200 4097 1254 4152 rita
1269 4093 1391 4171 reliquis
1405 4094 1456 4150 dat
1470 4093 1586 4151 aomina
1597 4088 1676 4162 vites,

126 4181 313 4256 Diversisqua
327 4182 401 4241 dolia
414 4199 593 4257 componens
608 4184 722 4243 semina
737 4184 847 4242 fraudis
1002 4185 1055 4242 Vel
1071 4184 1179 4242 faciens
1192 4202 1280 4259 prave
1294 4183 1396 4241 multis
1411 4187 1456 4240 est
1470 4180 1678 4255 causaruinae;

126 4271 280 4346 scandala,
296 4290 361 4348 qua
375 4272 494 4346 poteria,
508 4278 609 4333 eontra
624 4274 742 4332 fratrem
759 4274 949 4350 machinaris,
991 4273 1122 4336 ,Scilicet
1136 4274 1277 4348 exemplis
1290 4273 1447 4347 capiuntur
1459 4268 1597 4343 utrinqne
1610 4284 1766 4344 sequaces.

125 4366 192 4418 Hac
206 4361 298 4435 igitur
312 4362 414 4419 sedula
428 4366 526 4419 tecum
541 4362 653 4419 ratione
667 4361 817 4420 revolvens
1003 4362 1078 4419 Nam
1095 4361 1174 4438 velut
1188 4362 1323 4419 atteritur
1337 4362 1442 4419 effectu
1456 4377 1508 4418 seu
1523 4350 1681 4417 renovatur

125 4451 241 4527 corrige
255 4457 284 4509 te
298 4452 440 4526 primum,
456 4452 507 4525 qui
523 4454 617 4509 rector
631 4452 673 4509 sis
688 4451 823 4509 aliorum.
1005 4452 1116 4525 Corpus
1131 4451 1253 4520 carnali,
1270 4451 1312 4508 sic
1326 4467 1410 4508 mens
1425 4467 1460 4508 ex
1474 4446 1633 4523 spirituali.
1752 4450 1755 4455 '

125 4541 201 4601 Nam
216 4540 317 4599 domui
332 4541 457 4614 propria
470 4544 661 4601 contemnens
675 4541 731 4598 rite
746 4557 870 4613 praesse
965 4562 989 4628 D
1004 4540 1040 4596 ut
1054 4557 1112 4598 non
1123 4539 1219 4598 solum
1232 4539 1297 4596 idea
1311 4539 1400 4596 debes
1414 4538 1537 4596 existere
1551 4539 1669 4607 cautus,

125 4632 277 4698 Quomodo
293 4629 437 4689 sollicitus
452 4629 541 4688 fuerit
554 4630 687 4703 provisor
701 4628 800 4687 alius?
1003 4629 1152 4694 Quatenus
1167 4629 1272 4687 evadas
1286 4627 1390 4685 mortis
1404 4626 1576 4685 discrimina
1589 4624 1684 4693 solus,

124 4723 184 4778 Aut
197 4720 244 4778 eui
260 4720 438 4795 compatitur
452 4720 503 4794 qui
515 4735 569 4776 nae
583 4718 703 4775 sibimet
717 4717 891 4777 miseretur?
1005 4719 1061 4776 Sed
1076 4718 1165 4776 simul
1181 4722 1214 4776 ut
1228 4733 1315 4775 nemo
1330 4732 1382 4790 per
1395 4720 1424 4774 te
1437 4732 1506 4774 raua
1520 4713 1678 4791 efficiatur.

125 4810 167 4866 Ne
179 4825 371 4884 personarum
386 4811 429 4867 ais
442 4813 577 4882 acceptor
590 4808 750 4882 variarum,
1006 4808 1088 4866 Unde
1102 4809 1247 4866 monenda
1261 4824 1364 4881 precor
1377 4810 1411 4864 ut
1424 4805 1449 4865 si
1465 4792 1600 4874 fumasse,
1615 4803 1696 4878 quod
1722 4799 1800 4862 absit
1818 4814 1826 4855 ε

127 4899 226 4957 Gloria
239 4916 314 4972 quas
329 4899 434 4957 mundi
449 4917 501 4973 pro
516 4916 568 4974 spe
581 4900 720 4957 conducit
735 4899 826 4968 inani,
1005 4898 1150 4956 Peccandi
1164 4896 1261 4955 studia
1276 4897 1454 4955 constrictus
1467 4898 1599 4968 tempore
1612 4893 1702 4967 longo

126 4988 182 5046 Sed
199 4988 313 5045 bomini
324 4988 418 5060 jussis
434 4989 603 5062 quicunque
617 4990 760 5047 subactus
771 4988 905 5058 babetur,
1006 4988 1059 5045 l’ro
1074 4986 1197 5044 minima
1213 4990 1332 5060 reputes
1347 4989 1375 5043 te
1390 4985 1486 5043 solum
1501 4985 1617 5042 tradere
1631 4981 1733 5049 morti,

125 5078 197 5151 lljus
211 5094 296 5152 opem
312 5094 421 5151 quere,
435 5077 487 5134 tali
502 5077 654 5135 studiosus
666 5077 790 5149 adbare,
1006 5077 1114 5135 Saltem
1128 5074 1289 5133 multarum
1302 5091 1339 5132 ne
1354 5074 1396 5133 sis
1407 5072 1557 5132 homicida
1569 5070 1750 5144 animarum,

125 5168 266 5242 Numqui
281 5184 339 5224 non
355 5167 460 5224 metuit
475 5183 506 5225 se
519 5166 636 5224 trahere
651 5166 817 5240 perditioni,
1005 5168 1114 5225 'lecum
1130 5166 1314 5239 perpendens
1329 5164 1439 5238 aliquid
1454 5163 1550 5238 mags
1563 5162 1632 5220 inde
1645 5174 1796 5236 parem,

125 5255 177 5315 llle
190 5257 244 5315 tibi
259 5257 357 5315 forsan
372 5257 437 5314 vitat
452 5258 634 5331 suggesserit
648 5257 716 5313 otia.
1004 5258 1109 5329 Atque,
1125 5256 1281 5313 revertenti
1294 5256 1367 5313 dum
1382 5269 1451 5328 spes
1465 5252 1614 5329 premitus
1628 5251 1669 5309 sit
1683 5248 1778 5322 omni,

126 5347 282 5420 Promptus
295 5345 340 5404 vot
355 5345 450 5404 faetlia
464 5347 502 5403 ad
517 5345 595 5405 naus
607 5345 747 5403 scandala
762 5363 797 5403 ne
812 5346 864 5419 sis,
1003 5345 1068 5420 lpse
1082 5344 1246 5414 revertaris,
1263 5362 1322 5418 quo
1332 5348 1430 5411 tecum
1444 5346 1552 5409 cunata
1566 5341 1704 5401 reducas.

128 5436 170 5492 Ne
180 5437 305 5494 creferas
318 5437 430 5493 dictum
441 5437 517 5509 quod
533 5439 708 5495 consuescat
722 5436 792 5493 dare
807 5436 911 5494 risum.
1004 5435 1078 5495 Nam
1092 5434 1119 5493 si
1133 5433 1336 5507 soliassum
1351 5432 1537 5499 misambsris
1551 5431 1650 5492 omnis

125 5526 211 5595 Nam,
226 5542 279 5585 ceu
295 5526 448 5600 eujusdam
464 5531 589 5585 testatur
602 5543 657 5584 von
670 5525 828 5600 Sapientia,

125 5615 159 5679 ln
173 5615 237 5681 siau
250 5615 362 5677 stultus
375 5616 483 5679 nimios
496 5617 548 5678 dat
560 5632 630 5678 voca
643 5616 799 5681 tumultus.
