3892 6096
794 364 905 433 ACTA.
1648 368 1710 435 rat

93 494 171 559 elom
184 493 247 565 illa,
260 498 311 557 sed
326 498 502 573 etiamque
519 498 642 558 inferius
658 500 818 575 subjunge·
832 505 861 573 A
878 506 989 560 secreta
1002 501 1046 560 tui
1061 503 1158 561 cordis
1173 501 1266 562 mihil
1279 500 1386 578 Utique
1399 499 1481 562 dixit.
1492 500 1528 563 nt
1539 500 1590 563 illa
1605 519 1613 562 ι
1628 505 1664 563 ιιι
1677 519 1707 575 sq

883 592 925 649 ita
939 591 1049 666 dixisti,
1060 610 1151 665 quare
1166 597 1226 650 tam
1241 593 1479 651 crudelissimum
1491 592 1615 662 facinus,
1626 595 1707 667 quod

94 680 168 735 Item
183 679 340 752 praedictus
353 681 438 737 Pater
461 680 551 737 boum
562 681 735 738 custodibus
758 698 826 738 con·
883 682 913 738 in
928 682 976 738 die
989 687 1098 740 sancta
1107 682 1306 755 apparitionis
1320 682 1446 753 Domini,
1457 685 1486 739 et
1498 682 1632 754 ejusdam
1647 682 1708 739 diei

93 768 228 825 uremdia
243 772 305 824 tota
319 768 502 825 necessitatis
516 770 637 827 obtentu
654 788 737 827 arare
752 788 826 844 prae·
883 769 991 843 Vigilia
1006 787 1073 827 cum
1088 788 1176 827 uxore
1199 769 1278 827 illius
1293 770 1361 827 talis
1377 769 1504 829 hominia
1519 771 1708 838 commisisti,

100 860 130 914 at
142 856 174 913 in
189 862 274 915 noete
287 874 405 930 carpere
421 858 539 932 pabula.
554 862 686 931 Cumque
703 860 746 915 illi
760 875 824 916 res·
884 859 957 915 mibi
971 859 1134 931 patefacere
1149 858 1289 916 noluisti?
1310 860 1345 915 ut
1359 860 1470 916 addens
1486 875 1493 916 :
1509 861 1633 932 Insuper
1647 877 1708 918 non

96 951 162 1003 rent
172 963 179 1003 :
189 946 609 1020 Quomodo,inquiunt‚Pnter,
620 949 675 1005 boo
691 950 830 1022 perlicere
884 947 1050 1006 sufficiebat
1064 948 1118 1005 tibi
1133 953 1194 1005 tam
1216 947 1345 1005 terribile
1365 949 1488 1017 malum,
1504 947 1561 1005 nisi
1575 965 1655 1006 nune
1668 950 1706 1006 ad

93 1052 169 1106 mua,
188 1053 255 1092 cnm
280 1053 366 1092 ursos
387 1054 420 1092 nc
433 1036 529 1109 lupos,
554 1042 774 1112 nocturnosque
792 1038 828 1094 ti·
883 1037 1087 1095 confusionem
1106 1038 1148 1093 tui
1171 1038 1277 1094 iterum
1292 1036 1425 1111 disponis
1448 1036 1478 1093 in
1502 1040 1609 1109 mente,
1621 1042 1655 1094 ιιι
1669 1039 1707 1096 ad

95 1142 132 1181 us
141 1124 292 1183 latrones?
303 1126 479 1198 Respondit:
490 1128 592 1196 Sinite,
605 1127 712 1200 inquit,
724 1128 826 1186 sinitct
883 1133 944 1185 tam
957 1128 1067 1201 grande
1082 1128 1231 1201 piaculum
1248 1128 1402 1185 revertaris
1415 1131 1427 1183 ι
1448 1127 1529 1184 Tunc
1543 1126 1594 1185 ille
1609 1131 1709 1185 menta

93 1213 178 1281 enim,
192 1215 315 1286 ejusque
330 1215 439 1271 Paulus
456 1215 609 1288 apostolus
629 1217 665 1273 de
679 1215 738 1272 illis
759 1234 829 1288 pos·
883 1216 1034 1285 confusus,
1045 1217 1148 1274 videns
1171 1234 1202 1274 aa
1221 1217 1252 1273 in
1267 1217 1411 1290 captionis
1425 1216 1529 1289 laqueo
1545 1216 1706 1290 depreben-

93 1302 189 1359 tabero
203 1304 384 1375 eusteniam,
396 1321 504 1376 cosque
519 1321 692 1362 conservare
708 1305 827 1362 illaesos.
883 1322 961 1376 sum,
977 1306 1130 1363 confestim
1146 1306 1182 1362 ed
1199 1309 1308 1362 terram
1327 1307 1446 1376 corruit,
1462 1310 1492 1362 et
1506 1305 1708 1379 paenitentiam

93 1396 213 1451 pserunt
228 1392 328 1465 itaque
354 1399 437 1450 nocte
452 1393 503 1450 illa
518 1399 621 1451 contra
635 1411 748 1451 morem
764 1395 828 1453 sine
882 1393 929 1449 sui
945 1394 1078 1451 oriminis
1093 1395 1236 1467 quesivit,
1247 1400 1277 1451 et
1291 1395 1332 1451 ita
1345 1394 1528 1465 omniaesae,
1540 1398 1573 1452 ut
1585 1398 1708 1453 sanctus

93 1480 133 1538 lia
151 1482 249 1538 boves.
266 1483 349 1538 Tunc
364 1483 422 1538 duo
437 1483 566 1539 latrones
581 1488 825 1556 supervenerunt,
882 1487 966 1555 pater
978 1483 1170 1553 indicaverat,
1184 1483 1266 1540 dixit.

93 1585 158 1627 num
170 1585 205 1627 ex
219 1571 315 1627 bobus
328 1569 459 1628 funiculo
469 1571 632 1645 ligaverunt
645 1589 695 1644 per
704 1590 825 1639 cornua,
915 1573 961 1627 oo.
977 1572 1108 1638 Quodam
1121 1572 1222 1645 itaque
1233 1577 1364 1645 tempore
1378 1572 1499 1646 quidam
1509 1572 1553 1629 vir
1562 1572 1639 1630 inter
1651 1586 1705 1630 aas·

93 1672 127 1715 ua
141 1674 253 1731 rapere,
268 1675 427 1731 secumque
444 1676 539 1733 usque
555 1677 640 1717 mane
655 1660 826 1719 nitebantur
881 1660 995 1717 eularee
1010 1662 1095 1718 valde
1117 1662 1234 1730 nobilis,
1251 1661 1382 1719 Ubsldus
1406 1661 1536 1731 nomine,
1546 1662 1597 1735 qui
1611 1661 1642 1719 in
1656 1661 1703 1719 Fi·

93 1762 168 1804 cere.
184 1748 241 1805 Sed
263 1748 316 1804 bos
332 1749 496 1805 immobilis
509 1765 695 1821 permanens
709 1750 746 1806 de
760 1749 823 1806 loco
880 1749 1006 1823 glinensi
1020 1750 1078 1822 (86)
1092 1755 1198 1819 castro,
1215 1755 1244 1808 at
1258 1751 1289 1806 in
1304 1750 1369 1807 aliis
1385 1766 1475 1823 quam
1492 1750 1628 1824 pluribus
1642 1752 1705 1808 fue·

93 1836 183 1893 itione
198 1837 309 1893 moveri
324 1855 383 1894 non
399 1838 504 1910 potuit.
521 1839 577 1894 Sed
592 1855 680 1895 mane
694 1855 711 1894 a
726 1843 823 1895 custo·
883 1844 928 1895 rat
942 1839 1031 1895 nimis
1054 1838 1199 1911 gloriosus
1215 1855 1222 1894 :
1239 1839 1292 1895 Hic
1305 1843 1368 1897 crat
1390 1839 1480 1896 beata
1494 1840 1705 1897 reeordationis

97 1924 234 1983 inventus
249 1927 313 1992 bos,
329 1926 437 1999 ligatus
460 1926 663 1998 lacrymasque
679 1927 825 1984 movebo·
878 1928 986 1985 loanni
1000 1928 1101 1985 abbati
1112 1928 1193 1985 valde
1208 1927 1395 1997 notissimus,
1405 1932 1434 1985 et
1448 1928 1524 1985 inter
1538 1928 1706 1986 mundiales

93 2030 110 2071 n
128 2012 503 2087 fudisoerepertusest.Hoo
518 2032 585 2071 cum
596 2015 733 2088 praedicto
746 2017 824 2072 Patri
879 2017 989 2074 amicos
1004 2017 1267 2075 familiarissimus.
1277 2018 1332 2084 Qui
1346 2034 1414 2074 eum
1425 2019 1554 2091 quodam
1570 2023 1703 2092 tempore

93 2106 164 2160 itum
179 2103 295 2171 fuisset,
310 2104 446 2171 necessit,
458 2105 598 2176 bovisque
613 2110 701 2178 eaput
715 2103 823 2162 leniter
877 2104 908 2161 in
928 2105 1131 2178 egritudinem
1155 2106 1318 2175 incidisset,
1334 2106 1371 2162 ad
1395 2110 1527 2163 extrema
1548 2106 1705 2165 videbatur

93 2207 177 2257 ‚eona
192 2191 264 2247 dixit
279 2208 285 2246 ι
302 2192 325 2247 0
340 2193 403 2264 bos,
420 2194 473 2249 bos
491 2194 574 2261 vnde,
593 2198 734 2266 tuumque
757 2195 823 2251 offr-
877 2195 998 2265 deduci3
1019 2194 1243 2266 convocatisque
1267 2195 1330 2251 suis
1358 2194 1515 2261 militibus,
1537 2199 1567 2251 et
1589 2194 1704 2252 familia

93 2278 196 2354 imple,
211 2298 268 2337 non
281 2281 359 2338 enim
371 2288 399 2338 te
414 2283 517 2339 beatus
528 2281 636 2339 Paulus
646 2283 742 2339 adhue
758 2299 821 2356 per·
877 2287 983 2340 cuncta
997 2284 1033 2340 de
1047 2284 1133 2340 domo
1157 2283 1275 2355 propria
1297 2282 1453 2356 disponere
1478 2281 1601 2340 curavit.
1617 2283 1701 2340 Tune

93 2368 180 2428 oluit.
878 2388 950 2429 uxor
963 2373 1027 2445 ejus
1041 2389 1134 2428 unum
1151 2389 1185 2429 err
1199 2371 1263 2429 suis
1286 2369 1445 2440 nobilibus,
1461 2372 1623 2429 benzonem
1647 2389 1703 2430 no-

316 2459 431 2517 CAPUT
452 2459 498 2515 Vl.
876 2461 967 2527 mine,
983 2461 1089 2517 marito
1100 2463 1164 2533 jam
1179 2461 1209 2516 in
1221 2476 1315 2534 agone
1325 2461 1497 2530 constituto,
1509 2461 1546 2517 ad
1560 2477 1594 2517 se
1605 2476 1701 2517 aecer

93 2549 108 2603 'a
121 2564 232 2605 urenae
245 2551 398 2621 copnoseit,
413 2550 524 2620 aliaque
535 2548 639 2621 prabet
650 2550 803 2606 sanctitutis
875 2549 1031 2618 sivit,etad
1040 2550 1264 2607 Passinianense
1275 2550 1535 2619 coenobinm,unda
1544 2549 1703 2622 pradictus

319 2626 493 2692 alimenta·
875 2643 938 2694 erat
960 2645 1179 2711 compatronus,
1195 2637 1331 2696 nuntiare
1345 2639 1392 2695 sui
1408 2638 1520 2695 funeris
1541 2639 1700 2699 adventum

96 2724 221 2791 Quidam
237 2726 282 2783 vir
296 2743 330 2784 ex
342 2727 478 2783 Ponicnsi
501 2726 657 2793 territorio,
673 2726 820 2783 Gerardua
875 2728 1051 2800 quantocius
1061 2728 1259 2801 ireprncepit.
1270 2731 1309 2783 At
1320 2726 1369 2784 ille
1379 2731 1503 2784 moestus
1513 2728 1699 2797 utereturne

94 2815 245 2884 tuomine,
258 2817 430 2872 renuntians
443 2815 593 2882 naculum,
606 2814 777 2872 Passiniano
789 2831 820 2870 so
874 2817 1068 2887 cunctatione,
1086 2817 1258 2874 festinanter
1271 2832 1391 2890 pergere
1408 2818 1554 2891 praecepit:

93 2903 221 2961 edietum
232 2905 347 2960 Patrem
358 2905 491 2961 contulit.
506 2905 559 2970 Qui
570 2906 654 2976 quasi
666 2920 819 2977 respuens,
908 2908 953 2962 67.
969 2906 1035 2963 Janr
1051 2924 1084 2963 eo
1094 2906 1125 2963 in
1138 2905 1234 2963 medio
1244 2906 1348 2964 itinere
1362 2907 1627 2980 appropinquante,
1636 2907 1702 2980 qui·

93 2992 190 3059 abiret,
202 2993 360 3067 indignans
372 2994 473 3065 jussit.
485 2995 539 3050 Sed
556 2994 615 3064 ille,
628 2995 716 3050 utsui
731 2994 819 3050 mise·
873 2995 941 3050 dam
957 2995 1077 3052 curialis
1093 2998 1150 3067 (87)
1165 2996 1191 3050 ci
1211 3011 1378 3066 occurrens,
1393 2994 1545 3069 requisivit
1559 3012 1618 3069 quo
1634 3001 1697 3053 ten·

93 3082 818 3156 raupplieans,quntenuseiprosuerumomnium
873 3084 965 3140 deret.
980 3082 1058 3139 Dixit
1081 3088 1217 3140 eventum
1233 3084 1357 3140 raised
1380 3100 1549 3157 quanquam
1576 3088 1698 3143 maestus

93 3188 182 3241 vrum,
195 3189 258 3245 qua
277 3172 319 3228 illi
344 3190 379 3229 ex
399 3173 511 3245 integro
527 3171 678 3245 professus
701 3178 745 3228 cst
768 3188 819 3243 per
873 3170 1009 3227 similiter
1022 3170 1107 3227 illum
1119 3172 1395 3245 requirit.Tumille
1406 3190 1413 3229 :
1425 3174 1697 3231 Aeoenobioeaneti

106 3261 239 3318 confiteri
250 3262 318 3334 (85),
330 3262 360 3316 in
385 3262 553 3317 monasticon
578 3261 641 3316 vitm
657 3261 757 3333 regula
771 3260 815 3316 lo·
832 3244 853 3312 C
872 3258 1003 3315 Cassiani
1014 3260 1070 3331 (88)
1081 3260 1233 3329 venio,ubi
1244 3260 1386 3316 domnum
1402 3260 1537 3316 abbatm
1551 3261 1697 3319 loannem

93 3349 254 3407 innitentia
274 3351 425 3408 tribueret.
441 3351 499 3407 Nec
521 3349 669 3406 immerito
685 3348 733 3405 ille
747 3365 818 3405 sane
872 3347 1129 3404 valimbrosanum
1145 3347 1284 3404 visitandi
1300 3348 1395 3421 gratia
1407 3348 1580 3420 perueniat
1590 3348 1650 3418 illa,
1663 3353 1697 3406 ut

93 3454 132 3495 ns
145 3440 183 3496 ad
198 3439 291 3496 Deum
306 3439 554 3513 confugientibus,
568 3443 600 3495 ut
614 3442 677 3496 orat
691 3438 817 3495 mitissi-
872 3435 927 3493 hoc
937 3436 1059 3507 audivit,
1070 3437 1107 3492 ad
1118 3436 1273 3508 prefatum
1284 3436 1449 3493 coenobiunt
1463 3435 1543 3493 illico
1553 3436 1695 3510 parvenit.

93 3530 116 3583 rt
137 3527 195 3583 sibi
218 3529 315 3584 visum
331 3529 397 3596 fuit,
409 3527 545 3601 precibus
560 3527 606 3600 pie
626 3526 735 3600 petenti
759 3543 817 3582 non
871 3526 964 3590 Quem
975 3525 1074 3583 nescio
1084 3526 1120 3582 ds
1131 3524 1263 3599 psalmis,
1275 3526 1406 3597 autquid
1417 3525 1497 3583 aliud
1509 3542 1696 3585 murmuran-

94 3616 169 3685 ,sed
183 3617 262 3688 quod
284 3617 396 3690 rogavit
411 3616 565 3687 concessit,
581 3621 610 3672 et
625 3617 690 3688 ejus
711 3615 817 3671 animes
871 3618 930 3670 tem
946 3617 1014 3672 ente
1028 3614 1105 3671 fores
1125 3614 1296 3671 monasterii
1320 3614 1441 3673 invenit.
1456 3614 1511 3679 Qui
1535 3631 1603 3672 eum
1626 3631 1694 3673 eum

93 3722 98 3761 ι
112 3720 214 3762 curam
228 3706 341 3763 babuit.
353 3706 407 3772 Qui
423 3722 481 3761 non
497 3708 648 3761 assecutor
661 3703 816 3777 veti,quod
871 3702 1087 3759 officiosissime
1097 3701 1268 3771 salutasset,
1282 3707 1311 3759 et
1323 3702 1395 3760 salis
1405 3702 1442 3760 ab
1457 3719 1491 3760 ao
1505 3703 1639 3761 hilariter
1652 3722 1695 3763 re·

93 3794 140 3863 ait,
150 3799 264 3851 rentum
279 3811 367 3851 suum
383 3812 417 3850 ox
438 3799 520 3867 parte
542 3793 680 3866 prodidit,
696 3798 733 3863 ct,
749 3809 815 3849 eru·
870 3792 1016 3848 salutatus
1032 3791 1184 3863 requisivit
1198 3791 1324 3863 qualiter
1346 3790 1389 3846 illi
1404 3793 1491 3849 esset.
1508 3791 1692 3866 Respondit:

93 3887 127 3940 tte
137 3884 325 3951 conscientia,
336 3885 449 3954 majora
458 3884 535 3939 infra
543 3883 674 3956 seipsum
685 3882 814 3938 retinuit.
871 3879 976 3937 Tristis
990 3884 1019 3937 et
1033 3896 1160 3938 moerens
1175 3880 1264 3936 nimis
1280 3897 1326 3936 me
1342 3896 1407 3936 esse
1421 3880 1560 3937 confitmr
1573 3897 1627 3954 pro
1641 3896 1693 3939 no·

99 3976 171 4029 tnnc
185 3972 284 4045 itaque
306 3973 459 4044 interjecto
484 3977 625 4046 tompore,
642 3972 679 4027 nd
694 3987 815 4044 suscep·
870 3968 922 4024 bili
937 3969 1009 4040 viro,
1025 3973 1054 4026 ot
1069 3974 1165 4026 vestro
1182 3968 1260 4026 fideli
1275 3968 1379 4038 amico,
1393 3969 1442 4042 qui
1458 3984 1537 4027 nuno
1550 3969 1695 4027 videture

93 4079 100 4117 ι
124 4061 286 4134 hospitum,
310 4066 337 4118 ot
362 4061 558 4118 ministerium
582 4061 813 4134 peregrinorum,
870 4059 976 4116 saeculo
991 4059 1078 4116 exire.
1093 4060 1135 4115 Ad
1156 4075 1243 4131 quem
1267 4058 1363 4130 inquit
1379 4074 1385 4113 :
1403 4058 1474 4125 Quis
1500 4057 1550 4115 ille
1576 4058 1645 4115 estf
1659 4060 1696 4116 lut

93 4154 171 4208 ntem
187 4168 246 4207 sun
261 4153 377 4220 animm,
393 4168 462 4208 oum
477 4151 604 4208 exterius
617 4150 733 4207 locavit.
869 4147 942 4205 ille:
964 4148 1090 4206 illustris
1113 4148 1245 4205 Ubnldus
1267 4151 1363 4204 vester
1384 4145 1469 4203 valde
1490 4146 1692 4205 fidelissimus.

93 4240 123 4296 nt
137 4256 204 4297 cum
221 4241 349 4312 quadam
367 4240 413 4297 dio
433 4241 510 4297 idem
525 4239 682 4308 Gerendus,
693 4238 815 4311 quibus„
869 4238 971 4293 Stntim
986 4237 1161 4295 venerabilis
1179 4238 1307 4294 loannes
1321 4235 1413 4293 versis
1432 4236 1468 4292 nd
1490 4235 1632 4293 orientem
1646 4236 1692 4292 lu-

93 4329 356 4402 tupervanientibus
380 4330 556 4402 hospitibus,
572 4329 650 4385 victu
676 4328 816 4385 alimenta
870 4326 1011 4393 minibus,
1027 4342 1186 4400 parumper
1204 4324 1342 4382 subsistit
1357 4329 1386 4380 et
1401 4324 1531 4381 oratione
1549 4324 1694 4398 completa

94 4423 188 4488 naret,
218 4419 308 4475 abbas
335 4418 463 4475 Joanncs
498 4424 560 4475 tum
596 4418 813 4491 superveniens,
869 4416 1031 4472 Benzonom
1047 4415 1184 4488 respexit,
1199 4431 1266 4471 oum
1281 4413 1323 4469 ire
1339 4413 1485 4486 pracepit,
1497 4413 1583 4485 eique
1597 4412 1691 4469 dixit:

93 4524 116 4565 rs
131 4524 167 4565 ox
181 4508 299 4564 nomino
312 4525 429 4576 vocans,
451 4509 491 4564 nit
506 4525 512 4562 ε
530 4508 666 4578 Gcrnrdo,
677 4507 812 4575 tlornrdc,
870 4505 1049 4572 Quantocius
1064 4505 1099 4562 ad
1114 4504 1232 4577 propria
1241 4506 1392 4571 revertere,
1406 4501 1476 4574 quia
1486 4500 1623 4557 infirmus
1632 4499 1691 4567 ille,

96 4596 169 4653 mibi
185 4597 227 4654 sic
243 4596 341 4653 fallere
357 4596 497 4654 voluisti?
510 4600 572 4662 Qua
586 4597 622 4652 de
637 4613 679 4663 re,
695 4595 850 4682 dominon
868 4612 1029 4669 superque
1045 4599 1168 4651 maestus
1183 4609 1258 4650 eras.
1269 4590 1447 4647 incolumem
1462 4588 1690 4654 invenies.Quod

93 4686 169 4761 quit?
186 4688 219 4742 ιιι
232 4685 302 4743 ille:
319 4686 392 4742 Cum
406 4686 565 4753 vacaveris,
585 4701 704 4742 occurre
718 4702 811 4756 quan·
866 4688 899 4740 ut
911 4684 993 4751 dixit,
1008 4685 1051 4739 ita
1065 4688 1163 4739 notum
1178 4687 1231 4738 est.

103 4779 135 4833 et
145 4775 233 4832 dicito
244 4775 316 4831 mibi
329 4775 406 4847 quod
418 4776 567 4847 professus
579 4778 662 4831 cant
675 4774 724 4830 ille
738 4790 813 4847 pree·
904 4774 949 4827 o8.
961 4773 1030 4846 Gap.
1042 4773 1077 4828 de
1087 4772 1196 4828 domno
1211 4767 1348 4841 Gregorio
1357 4766 1418 4838 Vll,
1430 4765 1596 4840 apostolica
1611 4766 1691 4825 sedis

93 4883 109 4922 n
132 4865 227 4922 Patris
251 4864 376 4920 fideliter
390 4864 564 4937 adimplens,
584 4880 651 4919 aum
675 4866 813 4936 opportu-
868 4861 1015 4935 pontifice,
1029 4857 1433 4933 qui,cumnrcbidiaconatus
1447 4855 1589 4912 ineadem
1605 4871 1691 4927 spos-

93 4970 194 5028 empus
203 4954 323 5020 invenit,
335 4953 407 5009 adiit
416 4955 451 5009 nd
463 4953 589 5010 Patrem.
601 4953 740 5025 inquiens
751 4951 794 5007 illi
806 4969 812 5008 :
868 4951 954 5008 tolicn
965 4950 1033 5007 aede
1042 4948 1170 5006 officium
1180 4946 1334 5021 gereretob
1345 4944 1425 5003 illius
1433 4944 1604 5019 patientiam
1613 4960 1691 5002 oom-

93 5043 132 5100 rid
156 5060 214 5100 non
240 5040 339 5099 dixisti
355 5042 425 5114 quia
443 5059 477 5098 ex
499 5043 610 5115 integro
638 5041 815 5114 patefaceres
868 5040 1049 5112 probandam
1066 5054 1134 5095 cum
1159 5037 1231 5094 dure
1245 5037 1395 5109 increpare
1418 5034 1548 5091 curabat.
1562 5033 1629 5091 Mox
1652 5033 1689 5090 ad

93 5166 245 5225 Confessio
262 5166 323 5221 haec
348 5182 405 5221 non
427 5170 490 5222 erat
514 5165 746 5233 sacramentalis,
762 5166 812 5222 sed
905 5165 960 5236 (87)
976 5163 1042 5219 llnc
1055 5179 1110 5219 vox
1129 5160 1287 5235 aliquando
1313 5159 1460 5241 signifieat
1482 5157 1622 5225 aulicum,
1638 5157 1689 5229 qui

93 5240 162 5308 tica,
174 5256 238 5311 que
248 5238 279 5293 in
290 5255 346 5293 usu
360 5243 422 5293 erat
432 5238 509 5311 apud
520 5244 631 5294 veteres
642 5236 811 5307 monachos,
868 5238 979 5291 curiam
994 5235 1173 5306 frequentnt;
1199 5232 1357 5305 aliquando
1372 5246 1521 5286 curionem
1537 5246 1588 5285 seu
1603 5244 1689 5300 paro·

93 5312 162 5380 bati,
175 5311 263 5367 etiam
280 5325 337 5365 non
351 5310 505 5379 sacerdoti,
517 5327 570 5366 sua
585 5308 692 5365 delicta
706 5308 811 5380 pando·
867 5307 956 5362 chum
966 5324 984 5432 ὲ
991 5311 1091 5432 grum
1103 5321 1136 5360 ox
1151 5305 1266 5360 duobus
1276 5304 1324 5359 bic
1335 5303 1520 5370 indicet,non
1530 5305 1576 5357 est
1590 5316 1688 5373 prom-

887 5383 949 5435 tum
986 5378 995 5432 i
1027 5393 1106 5432 nare.

95 5454 189 5511 Locus
204 5451 264 5519 ille,
278 5451 365 5524 vulgo
379 5453 497 5522 thline,
512 5453 588 5507 situs
602 5454 646 5506 est
661 5450 737 5505 inter
751 5448 813 5522 plu·
867 5396 884 5450 p
902 5451 959 5522 (88)
976 5449 1086 5505 ludicnt
1099 5446 1310 5503 monasterium
1333 5443 1440 5500 Montis
1461 5439 1597 5525 §colarii
1609 5443 1688 5525 quod

93 5526 147 5595 les,
164 5541 238 5597 quos
255 5525 290 5581 ab
306 5531 431 5607 utroque
446 5525 535 5580 latere
551 5523 647 5590 babel,
664 5522 812 5593 distatque
866 5522 895 5576 S.
913 5521 1052 5576 Cassiano
1066 5519 1232 5575 dedicatum
1257 5516 1322 5586 fuit,
1339 5518 1423 5587 cujus
1443 5519 1534 5572 situm
1549 5512 1689 5570 describit

93 5598 258 5654 eUmbrosa
272 5597 427 5652 duodecim
447 5597 507 5652 fere
522 5610 664 5667 passuum
681 5592 812 5650 millibus
867 5592 1039 5665 b'rnnebins,
1055 5590 1106 5649 lib.
1123 5607 1184 5656 v111,
1201 5603 1266 5663 pag.
1282 5588 1344 5643 237.

104 5669 267 5727 meridiem.
