3892 6096
622 188 628 207 ’
657 172 734 235 nin.
756 172 808 235 uu
828 174 960 240 CURSU
982 177 1220 247 saisiscant.

83 322 137 381 qao
160 303 232 363 mur
254 304 420 379 complacui,
443 305 536 379 ipsum
554 304 653 363 audie
666 305 770 377 (liciti.
785 324 854 380 nvnc,
869 309 908 380 5).
925 310 950 377 Α
967 324 1019 366 nec
1034 310 1119 367 nobis
1134 311 1232 373 debita
1247 318 1359 385 nostra,
1373 317 1401 372 ld
1422 322 1467 375 est
1489 322 1619 391 peccata,
1637 319 1724 379 aDoc

83 396 154 464 ons
167 394 281 453 scilicet
293 394 476 467 verba,quia
488 394 653 467 specialiter
663 395 845 453 divinitatem
861 397 914 453 [io-
967 398 1088 457 dimitti.

83 482 158 543 mini
177 482 273 542 nostri
296 486 454 552 testantur,
467 500 526 557 qua
549 484 623 541 nihil
645 484 835 541 excellentius
858 489 912 551 est,
1003 489 1075 544 Item
1091 490 1115 546 si
1132 490 1198 563 quis
1213 494 1487 566 rectorum,quibus
1506 513 1576 553 cura
1596 497 1735 556 ecclesias

83 588 248 648 coagmnta
259 572 316 629 ruit
326 571 598 647 utsicutsuperius
609 572 791 630 sanetaeildai
802 573 914 630 confes·
968 579 1126 635 commissa
1141 583 1196 647 est,
1206 585 1239 635 ut
1253 581 1423 653 provideant
1438 582 1519 641 licita
1534 587 1738 660 matrimonia3

83 662 128 721 sio
143 679 161 721 a
175 663 263 720 besto
275 662 360 719 Petro
371 661 504 734 apostolo
520 663 633 735 prolata
648 667 741 719 estex
757 662 912 720 dominica
968 665 991 721 si
1003 667 1198 739 quisillorum
1208 669 1317 740 quibus
1329 688 1434 728 uxores
1445 673 1747 749 acciperecongruit,t

83 749 324 826 interrogationis
339 766 438 820 causa,
449 751 492 808 ita
505 751 595 808 etiarn
610 751 765 807 verborum
781 750 912 820 iliorum,
968 758 1046 811 ctare
1067 756 1192 813 voluerit
1215 757 1317 829 optimi
1334 759 1464 832 conjugii
1489 777 1619 827 causam,
1635 764 1757 839 interrog

83 856 147 915 quas
161 842 201 899 de
214 839 352 914 supernis
365 839 549 897 diuinitatem
566 840 682 897 Domini
707 840 799 896 nostri
822 844 913 897 testo·
968 859 1019 915 per
1034 842 1149 917 aliquos
1171 845 1283 902 litteras
1299 846 1435 913 solentes,
1452 848 1477 903 si
1499 848 1564 922 ipse
1580 853 1682 918 nescit,
1694 853 1762 910 Dan

83 926 913 1002 bantur,nnllaelliclontiasliaessatnisiipseDominus
968 933 1768 1011 numquipostverbaquadamdeconjngiiinstitutior

83 1020 194 1077 ducem
219 1016 292 1075 illue
319 1017 484 1090 discipulos
507 1035 565 1091 quo
590 1018 691 1075 audita
716 1022 787 1075 sunt
809 1019 912 1075 eadam
967 1018 1080 1091 prolata
1103 1020 1133 1076 in
1149 1022 1304 1095 Evangelio
1320 1024 1363 1079 sic
1378 1024 1524 1082 conclusit
1544 1028 1721 1083 sententiam
1748 1030 1774 1085 dr

83 1108 181 1165 verbm
210 1106 315 1164 Marito
343 1106 422 1164 anim
452 1122 497 1175 eu,
517 1123 582 1179 qua
611 1107 749 1163 inferiora
775 1112 854 1176 sunt,
879 1123 914 1163 ex
967 1125 1037 1165 cens
1053 1126 1061 1165 ι
1078 1109 1152 1179 Quod
1164 1110 1232 1167 Dera
1245 1112 1390 1183 conjunxit
1405 1113 1484 1169 tomo
1499 1130 1555 1170 uon
1570 1117 1780 1189 scpnrctfflottlr

82 1195 275 1255 inferioribus
288 1195 402 1265 causis3
416 1212 480 1268 que
500 1200 598 1252 autem
618 1195 770 1269 superiora
784 1200 864 1262 sunt,
879 1210 914 1253 ex
967 1215 1025 1266 xrs,
1041 1200 1073 1267 o;
1092 1197 1218 1270 litorea,
1235 1201 1263 1272 9)
1278 1218 1284 1256 :
1301 1218 1366 1273 qua
1388 1201 1519 1259 videlicet
1544 1206 1689 1262 sententia
1711 1206 1786 1264 vide·

83 1284 287 1361 superioribus
306 1299 424 1358 quoque
449 1285 548 1342 causis
562 1284 741 1342 alliciuntur.
755 1286 820 1341 liae
845 1300 913 1359 ergo
968 1292 1016 1343 tur
1032 1288 1158 1359 pandere
1172 1305 1292 1345 causam
1313 1291 1460 1361 quomodo
1475 1291 1518 1350 vel
1543 1299 1618 1349 recte
1641 1294 1792 1352 retinenda

83 1373 207 1432 subtilis
217 1372 544 1442 adnotatioverborum‚
556 1372 646 1430 simul
661 1377 849 1447 eigestonam
862 1379 914 1431 Do·
967 1375 1011 1431 val
1027 1383 1104 1433 recte
1119 1376 1295 1434 dimittenda
1309 1379 1347 1434 sit
1363 1395 1444 1434 uxor.
1462 1380 1492 1436 Si
1512 1380 1590 1437 enim
1610 1383 1790 1455 conjugium,

83 1464 160 1521 mini
173 1460 258 1531 nulli,
270 1478 370 1535 quasso
379 1461 513 1518 videatur
527 1462 635 1536 inepta.
648 1463 664 1519 J
669 1469 768 1519 ustum
784 1479 913 1535 namque
967 1465 1045 1534 quod
1060 1464 1137 1521 Deus
1153 1466 1315 1537 conjunxit,
1328 1482 1386 1522 uon
1402 1470 1447 1523 est
1465 1468 1502 1522 ab
1520 1468 1639 1525 homine
1654 1487 1793 1544 separan-

83 1558 129 1611 est
142 1552 366 1625 ntiuxtavircs
386 1556 503 1608 nostras
524 1567 684 1624 pensemus
699 1557 728 1609 et
741 1567 915 1609 veneremur
967 1553 1049 1620 dum,
1065 1558 1145 1625 patet
1167 1554 1296 1626 prolecto
1319 1555 1389 1627 qula
1412 1556 1490 1628 quod
1515 1557 1578 1628 ipse
1605 1574 1792 1631 nequaquam

83 1640 184 1700 omnia
191 1640 354 1698 salvatoris
368 1640 461 1697 nostri
477 1643 644 1713 gestaoua
656 1642 816 1712 noscimus,
827 1658 913 1698 veno·
928 1684 953 1750 B
967 1641 1121 1714 conjungit
1131 1643 1260 1715 separari
1272 1642 1367 1699 liceat.
1376 1643 1495 1700 Nullum
1504 1645 1611 1719 quippe
1621 1648 1792 1720 conjugium

83 1746 272 1804 remumque
282 1734 380 1787 autem
392 1728 505 1803 aliquid
517 1729 721 1805 intelligimus,
730 1748 797 1788 oum
809 1730 914 1788 timore
973 1730 1038 1787 ideo
1048 1731 1149 1803 jungit
1159 1738 1191 1788 ut
1200 1730 1281 1787 illius
1291 1737 1357 1788 vota
1368 1738 1455 1805 atque
1466 1741 1609 1806 praeopta
1622 1743 1798 1808 postponan-

83 1824 113 1878 st
134 1835 238 1877 amora
261 1818 457 1895 proteramus.
472 1817 547 1875 Nom
565 1818 637 1892 quid
663 1818 713 1875 alii
735 1820 857 1876 credant
870 1827 916 1883 vel
971 1820 1796 1896 tur,sicutverbigratiaillepostponitquioontinentiam

83 1908 212 1966 mutiunt
227 1907 264 1966 de
277 1905 456 1981 evangelicis
470 1907 558 1963 dictis
584 1908 703 1981 ignoro;
720 1925 773 1982 ego
797 1908 917 1981 quidem
972 1912 1029 1965 Deo
1039 1925 1144 1965 vovens
1162 1915 1262 1981 postca
1275 1909 1462 1968 matrimonio
1472 1917 1501 1968 at
1514 1912 1638 1987 negotiis
1649 1914 1797 1970 seculari·

83 1996 172 2055 credo
185 1997 257 2071 qnia
270 1994 354 2053 nulla
368 1995 447 2053 dicta
461 1995 505 2053 val
521 2000 605 2070 gesta
625 1998 657 2054 in
681 1998 724 2055 eis
747 1998 857 2071 scripta
872 2014 919 2054 ca·
972 1998 1029 2054 bus
1043 2014 1074 2053 se
1089 1997 1249 2069 conjungit.
1267 1997 1326 2055 Hoc
1341 2000 1440 2072 itaque
1462 2001 1643 2074 eonjugium,
1656 2003 1796 2075 quonlam

83 2092 172 2145 reant
186 2085 335 2162 mysteriis
351 2086 478 2143 maxime
498 2086 646 2156 utilitatis,
662 2089 734 2146 adeo
750 2093 782 2145 nt
796 2095 918 2146 cuncto·
974 2091 1049 2143 Deus
1064 2102 1121 2142 non
1136 2086 1297 2158 conjunxit,
1314 2087 1402 2145 bomo
1418 2097 1542 2161 separet.
1555 2091 1729 2163 Coniugium
1745 2109 1797 2148 au·

87 2190 158 2233 ram
171 2173 401 2251 cogitationibus
416 2175 445 2231 in
459 2176 501 2233 eis
516 2178 739 2249 respondeatur.
972 2180 1043 2243 tom,
1055 2175 1133 2248 quod
1148 2174 1225 2231 Deus
1247 2176 1359 2243 statuit,
1372 2177 1572 2246 arbitrandae
1587 2185 1632 2235 ast
1647 2184 1679 2235 ut
1693 2197 1746 2251 pro
1763 2181 1796 2236 li-

125 2264 162 2322 ur
175 2264 209 2321 ut
221 2262 283 2321 bae
303 2264 346 2321 ita
366 2280 432 2322 esse
453 2264 623 2338 probemus,
640 2266 773 2324 dicamus
790 2267 918 2341 aliquem
973 2265 1080 2321 tiorum
1096 2264 1296 2336 procreatione
1306 2269 1335 2319 et
1349 2281 1401 2337 pro
1411 2267 1565 2339 utriusque
1576 2268 1629 2323 viri
1644 2269 1754 2326 scilicet
1770 2277 1799 2327 ot

83 2354 225 2438 ¹cogitare
243 2352 314 2427 qnid
330 2353 424 2410 iacere
447 2353 553 2410 debeat
566 2354 601 2411 de
617 2354 787 2428 parentibus
802 2356 846 2413 vel
863 2357 919 2413 ira·
975 2352 1108 2409 mrrlieris
1126 2352 1272 2423 adiutorio
1295 2368 1368 2408 uxor
1390 2354 1515 2411 ducatur
1530 2355 1566 2411 ab
1583 2355 1632 2412 illo
1656 2357 1799 2415 duntaxat

90 2442 261 2513 tribus,scu
271 2441 456 2516 quibuslibet
466 2443 722 2517 amicisperversis
733 2463 740 2502 ε
753 2451 851 2501 utrum
864 2446 919 2502 sci·
975 2442 1025 2515 qui
1041 2458 1093 2498 acc
1108 2457 1139 2497 se
1154 2442 1252 2514 ipsum
1262 2442 1350 2509 vovit,
1363 2457 1415 2498 nea
1431 2444 1632 2516 aparentibus
1646 2445 1798 2509 suiacum

90 2530 160 2591 iicet
172 2548 242 2589 cnm
258 2532 302 2589 eie
316 2538 435 2589 moneat
449 2548 486 2589 an
510 2530 577 2588 illos
597 2533 721 2604 deserat,
733 2551 808 2608 quos
817 2535 861 2591 ita
875 2535 920 2591 in·
975 2535 1052 2589 essct
1068 2529 1217 2603 parvulus,
1226 2531 1261 2585 ad
1275 2530 1513 2602 spiritualisvlta
1523 2533 1737 2590 observantiam
1750 2536 1799 2593 da·

92 2620 275 2695 corrigibiles
290 2637 355 2679 essa
371 2621 462 2679 sentit
477 2625 509 2677 ut
530 2620 700 2679 nullatenus
714 2639 764 2680 eos
778 2623 921 2680 adificare
975 2624 1024 2676 tus
1038 2624 1092 2676 cst.
1109 2617 1250 2676 Similiter
1270 2617 1494 2693 intelligendum
1514 2637 1577 2678 esse
1591 2621 1707 2679 videtur
1721 2624 1799 2696 quod

90 2708 207 2787 possiti
221 2709 360 2785 Quisquis
376 2709 531 2783 igiturille
545 2711 653 2783 estqui
667 2711 738 2768 talia
752 2712 878 2785 cogitat;
896 2728 923 2783 si
977 2708 1063 2783 paulo
1079 2712 1146 2781 post
1160 2707 1303 2763 Dominus
1318 2708 1482 2782 subjungit,
1498 2710 1599 2767 dicens
1615 2728 1621 2767 :
1638 2714 1801 2786 Quicunque

90 2800 204 2858 litteras
219 2799 287 2869 scit,
302 2800 332 2855 in
354 2799 466 2856 eisdem
491 2798 597 2856 litteris
621 2800 777 2857 consilinm
793 2817 923 2874 quarere
976 2797 1112 2853 dimiserit
1120 2812 1332 2867 uxoremcucm,
1342 2799 1400 2853 uiri
1407 2797 1440 2854 ob
1448 2799 1704 2869 fornicationem,ct
1713 2802 1800 2858 aliam

90 2888 208 2947 debete
223 2887 357 2945 Domino.
369 2886 419 2944 Ille
434 2905 500 2944 vero
521 2888 683 2962 inquisitus
698 2906 750 2962 pro
767 2906 856 2947 causa
871 2890 924 2963 tali
977 2887 1098 2954 tacent,
1119 2889 1272 2943 amabatur
1293 2886 1401 2958 (Mattio.
1425 2904 1484 2955 xrx,
1499 2889 1544 2960 9);
1570 2889 1678 2962 quibus
1703 2890 1800 2949 verbis

90 2976 250 3052 respondet
264 2976 294 3033 in
308 2976 475 3051 Evangelio,
492 2977 593 3034 dicens
608 2994 615 3034 :
632 2980 665 3034 Si
685 2995 786 3035 manus
801 2982 860 3049 tuo,
877 2981 922 3036 aet
978 2974 1126 3048 colligitur
1144 2974 1213 3048 quia
1227 2975 1251 3030 si
1268 2973 1376 3049 aliquis
1390 2976 1542 3033 dimittens
1565 2993 1599 3034 sn
1624 2994 1802 3053 quacunque

94 3080 140 3139 pes
150 3068 216 3121 tuus
230 3064 399 3123 mondolisct
412 3068 449 3134 tc,
463 3066 571 3122 abscide
585 3083 650 3122 eum
662 3071 688 3123 ct
700 3070 804 3140 projice
815 3068 863 3125 ais
876 3072 918 3130 ta,·
934 3051 955 3118 (i
975 3080 1064 3121 eausa
1088 3079 1220 3130 uxorem,
1245 3063 1301 3119 nisi
1327 3064 1364 3120 ob
1388 3065 1608 3122 fornicationem
1625 3068 1799 3141 moechatur,

98 3154 197 3213 mum
210 3154 261 3212 ciii
272 3163 312 3213 cst
325 3154 360 3211 od
375 3155 460 3212 vitam
471 3155 581 3225 iuqredi
591 3155 707 3213 debilem
724 3156 766 3213 uel
777 3157 919 3224 claudum,
974 3155 1095 3226 apparet
1107 3153 1207 3224 utique
1219 3152 1288 3223 quia
1302 3151 1352 3224 qui
1364 3152 1549 3208 solummodo
1564 3170 1615 3225 pro
1633 3155 1800 3212 fornicatio·

106 3260 180 3303 um
192 3243 262 3300 duas
274 3260 384 3312 mnus,
400 3244 442 3300 uel
465 3244 531 3300 duos
549 3245 630 3317 pedes
644 3244 789 3302 tolosatem
802 3248 877 3303 muti
889 3247 919 3301 in
975 3241 1022 3297 nis
1043 3257 1133 3296 causa
1156 3256 1275 3295 uxorem
1291 3239 1447 3307 dimiserit,
1464 3239 1541 3295 sieut
1559 3241 1694 3297 videlicet
1707 3243 1733 3298 is
1749 3243 1801 3314 qui

112 3348 195 3401 mm
207 3336 342 3390 mum
355 3332 461 3404 (dotti.
476 3334 604 3404 xv1n‚8).
617 3333 688 3390 liceo
703 3335 851 3406 quomodo
866 3339 921 3390 Do·
975 3344 1065 3386 uxore
1079 3332 1196 3400 accepta
1211 3327 1401 3399 postmodum
1422 3326 1452 3382 in
1475 3327 1621 3399 adulterii,
1637 3329 1800 3400 homicidii,

118 3424 204 3478 rinus
228 3436 279 3492 par
304 3420 389 3477 verba
406 3420 573 3495 evangelica
601 3424 757 3493 respondet
784 3423 922 3479 omnibus
975 3415 1265 3475 latrociniiatinalla
1275 3415 1437 3472 dissimilia
1447 3416 1684 3488 socieracadit,et
1694 3417 1800 3475 deindo

124 3524 193 3585 iper
206 3524 237 3565 re
255 3508 319 3581 jam
332 3526 421 3582 supra
434 3511 512 3566 dicta
538 3512 804 3584 interrogantibus:
817 3512 922 3569 Manus
977 3524 1028 3581 pro
1044 3505 1286 3564 fornicationibus
1308 3505 1399 3561 tantis
1413 3521 1573 3579 congruam
1600 3506 1800 3579 poenitentiam

133 3596 237 3655 imvel
252 3614 305 3670 pes
328 3603 427 3656 noster
445 3599 647 3656 scandalizans
670 3616 723 3657 nos
748 3604 794 3657 eat
815 3600 923 3674 aliquis
978 3594 1802 3671 ogerocupiens,uxoreomnibusquemundialibusnego·

137 3686 214 3745 ricus
227 3687 279 3761 qui
294 3687 433 3760 pravitate
448 3706 502 3745 sua
518 3706 571 3745 nos
587 3705 603 3744 a
617 3691 663 3744 via
681 3689 733 3746 Dei
747 3690 828 3761 cupit
843 3706 922 3746 arer-
978 3681 1205 3754 tiis‘relictis,ad
1220 3684 1430 3741 monasterium
1441 3685 1589 3758 consurgit,
1602 3686 1652 3759 qui
1667 3702 1736 3759 ergo
1750 3703 1801 3758 pro

143 3792 174 3843 e,
184 3792 271 3851 quem
294 3776 428 3834 videlicet
447 3778 597 3835 abscidere
611 3782 640 3834 et
657 3779 808 3851 projicere,
823 3779 852 3835 id
868 3785 923 3851 est,
978 3774 1149 3846 hujusmodi
1165 3772 1483 3829 fornicationouxorem
1498 3773 1653 3843 dimiserit,
1666 3791 1723 3831 non
1736 3792 1804 3831 mos·

150 3882 237 3923 rorare
251 3884 268 3923 a
283 3866 369 3922 nobis
384 3866 578 3939 precipimur,
592 3882 628 3922 na
641 3866 714 3924 icrte
728 3872 846 3941 prepter
859 3869 924 3941 ejus
978 3863 1091 3919 anatur.
1108 3862 1243 3934 alioquin
1265 3862 1291 3918 si
1310 3862 1401 3918 semel
1418 3867 1554 3935 suscepta
1577 3862 1607 3918 in
1631 3864 1803 3937 eonjugium

154 3952 327 4025 isitium,vel
352 3955 469 4027 aliquod
493 3955 653 4028 temporale
677 3957 844 4013 subsidium
868 3957 924 4014 sibl
980 3949 1235 4022 mulierquaelibet
1256 3956 1357 4022 postea
1376 3950 1545 4008 nullatenus
1560 3952 1669 4009 dimitti
1691 3951 1802 4023 liceret,

162 4048 280 4101 erentes
298 4044 328 4100 in
344 4045 564 4101 damnationem
590 4049 760 4118 perpetuam
777 4046 866 4103 simul
879 4063 925 4103 ve
980 4039 1805 4116 quomodoillaDominisententlsintelligendaesset,par

168 4132 343 4190 nae.ilonne
356 4133 528 4205 huJusmodi
539 4150 714 4206 responsum
728 4134 759 4191 ln
770 4135 925 4209 Evangelio
980 4146 1068 4203 quam
1077 4127 1165 4185 etiam
1174 4129 1241 4184 vita
1248 4130 1674 4203 aternaprramlaralinquenti
1683 4146 1803 4188 uxorem

173 4216 271 4275 tinam
282 4220 492 4292 aptissimum?
981 4217 1166 4291 repromittit,
1178 4218 1278 4274 dicens
1291 4234 1297 4271 :
1310 4217 1404 4275 Omnis
1418 4221 1467 4291 qui
1480 4220 1617 4292 relinquit
1631 4219 1751 4291 domum,
1761 4218 1804 4274 uei

180 4304 256 4364 milla
268 4325 385 4382 qnoque
400 4325 540 4383 responsa
556 4308 616 4365 illic
630 4310 819 4368 inveniuntur
832 4313 868 4368 de
882 4329 926 4369 re-
979 4309 1092 4380 (ratrcs,
1103 4315 1153 4363 aut
1163 4321 1279 4376 sorores,
1290 4316 1339 4364 aut
1348 4316 1465 4379 parcen,
1477 4312 1527 4363 cut
1540 4312 1667 4376 matrem,
1678 4316 1728 4364 out
1738 4322 1806 4364 uco-

187 4394 252 4455 dlis.
267 4398 339 4455 Nem
355 4399 380 4454 si
402 4404 431 4455 et
454 4397 508 4455 hoo
524 4398 684 4471 querimus
700 4400 769 4473 quid
794 4400 886 4456 lacere
901 4400 927 4458 ei
941 4420 965 4487 D
981 4412 1050 4461 ren,
1064 4397 1114 4451 out
1127 4395 1209 4466 titios,
1225 4399 1273 4451 cut
1288 4412 1369 4465 oqros
1387 4400 1499 4468 propter
1511 4412 1609 4453 nomeu
1626 4412 1726 4466 mcum,
1741 4411 1805 4450 cea·

193 4502 278 4555 imos,
293 4488 342 4562 qni
363 4487 442 4544 mdo
456 4488 541 4545 nobis
557 4489 649 4545 multa
673 4489 804 4546 iaciendo
829 4494 927 4548 noster
982 4487 1088 4559 tupium
1102 4485 1227 4556 mospius,
1239 4493 1265 4540 et
1277 4486 1363 4540 cisne
1377 4492 1511 4541 murnum
1525 4483 1804 4556 possidetittfflatti.

200 4577 323 4635 mnodo
337 4578 451 4634 debitor
465 4582 519 4647 est,
531 4582 564 4634 ut
588 4595 639 4651 pro
654 4577 700 4635 his
716 4579 866 4652 puniatur,
877 4579 928 4636 sed
984 4591 1041 4644 xm,
1052 4574 1108 4646 29).
1118 4573 1158 4629 bix
1168 4572 1222 4629 hac
1238 4573 1326 4645 igitur
1336 4573 1480 4629 sententia
1490 4571 1636 4644 colligitur
1646 4570 1804 4644 quiahulo,

205 4668 317 4724 oomni
337 4668 424 4724 modo
444 4666 583 4740 postulat,
596 4668 769 4739 promittens
784 4685 815 4724 se
830 4684 927 4725 emen·
983 4663 1033 4736 qul
1045 4679 1096 4735 pro
1106 4660 1157 4718 Del
1168 4660 1352 4717 solummodo
1362 4676 1459 4717 amore
1470 4665 1499 4716 et
1509 4677 1566 4716 non
1578 4659 1805 4734 propterodium

212 4770 254 4813 ree
268 4755 391 4813 ulterius
407 4761 507 4812 eontra
525 4772 578 4812 nos
591 4755 660 4812 talia
674 4758 860 4830 perpetrare?
874 4758 928 4814 fle·
984 4751 1101 4824 aliquod
1118 4749 1316 4806 irrationabile
1327 4765 1445 4806 uxorem
1456 4749 1618 4822 reliquerit,
1629 4748 1696 4805 licet
1706 4751 1808 4804 eontra

219 4846 381 4902 ttiominus
390 4846 418 4901 in
429 4844 584 4918 Evangelio
595 4862 646 4918 per
655 4845 823 4917 parabolam
832 4845 928 4903 illam:
986 4842 1030 4897 ias
1041 4857 1104 4897 eam
1118 4837 1290 4911 susceperit,
1302 4839 1368 4894 vitre
1384 4839 1521 4911 perennis
1531 4855 1642 4895 merces
1653 4836 1806 4911 repromit-

224 4939 257 4992 ’st
270 4952 384 5008 nonum
407 4935 537 4992 celorum
563 4935 669 4991 bomini
689 4936 762 5008 reqi,
778 4938 827 5007 qui
845 4936 932 4993 voluis
985 4931 1068 4986 titur.
1081 4927 1243 4985 Fornicatio
1258 4944 1374 5000 quoque
1389 4927 1586 5001 congruedici
1601 4931 1697 5001 potest
1711 4925 1807 4983 omnis

231 5038 355 5097 spoaere
376 5041 437 5080 cum
460 5025 545 5080 serris
567 5025 635 5093 suis,
659 5023 930 5096 ete.(iioltb.xv1n,
985 5019 1078 5076 illiciti
1095 5017 1223 5090 conjugii
1247 5033 1422 5090 causaque,
1444 5017 1474 5073 in
1498 5017 1659 5073 canonibus
1683 5013 1808 5087 aliisque

237 5130 284 5183 rua
303 5114 442 5169 nimirum
466 5109 604 5185 parabola
625 5112 733 5184 pariter
757 5113 932 5170 intimantur
986 5108 1069 5164 libris
1084 5107 1193 5179 scripta
1212 5106 1386 5162 continetur.
1404 5106 1525 5163 Talibus
1539 5107 1638 5179 ¹itaque
1651 5103 1748 5160 verbis
1762 5117 1808 5160 re·
1907 5132 1910 5137 ·

243 5219 324 5260 reum
340 5203 471 5258 divinum
487 5201 556 5275 quid
580 5217 668 5273 super
682 5200 802 5259 inimico
817 5203 931 5259 veniam
987 5195 1124 5270 sponderi
1136 5198 1233 5268 potest
1254 5201 1283 5251 et
1304 5195 1346 5251 illi
1363 5197 1414 5267 qui
1429 5212 1482 5269 pro
1493 5195 1662 5266 justissima
1681 5190 1809 5266 conjugii

248 5293 343 5349 beera
357 5292 526 5359 debeamus,
542 5295 571 5347 et
589 5306 684 5362 pena,
700 5290 726 5346 si
740 5291 795 5347 hoc
811 5292 934 5349 minime
988 5303 1077 5344 cansa
1088 5284 1192 5358 quarlt
1202 5300 1321 5341 uxorem
1333 5286 1438 5342 ducere
1448 5289 1477 5341 at
1487 5285 1537 5356 qui
1549 5282 1631 5355 cupit
1643 5298 1708 5339 eam
1724 5280 1812 5339 licen·

256 5398 275 5438 ι.
295 5381 406 5438 Dicitur
424 5380 502 5437 enim
527 5380 597 5453 quia
620 5378 645 5435 si
669 5395 723 5435 nos
751 5380 933 5437 debitoribus
988 5383 1032 5433 ter
1056 5374 1230 5447 relinquere.
1246 5373 1277 5431 Si
1300 5380 1399 5432 numm
1423 5378 1504 5431 tanta
1527 5389 1599 5430 cura
1623 5372 1736 5447 agenda
1755 5375 1809 5439 est,

262 5470 353 5530 rotam
378 5469 545 5546 petentibus
569 5468 716 5527 dimittere
739 5468 933 5544 noluerimus,
988 5464 1134 5540 quomodo
1158 5478 1231 5523 uxor
1253 5463 1297 5524 vel
1320 5464 1449 5540 legitima
1469 5462 1595 5523 ducatur
1617 5461 1662 5522 val
1689 5460 1812 5529 licenter
