3892 6096
118 245 175 312 tot
621 236 792 300 orfltortl
815 235 991 300 Menoetii
1013 239 1046 301 S.
1069 236 1317 304 antecelleret
1559 268 1568 284 ·
1764 241 1825 308 {oe

117 394 222 436 unum.
235 376 368 447 Cumque
377 371 419 428 ita
433 368 526 444 possit
540 368 654 440 rimari,
665 386 758 426 unum
772 387 787 427 e
799 370 915 427 duobus
926 387 943 426 a
956 371 984 438 Α
998 387 1091 428 unum
1119 371 1305 442 conveniunt,
1320 371 1397 429 sicut
1410 374 1439 427 et
1453 370 1483 428 in
1499 375 1603 446 stagno
1617 372 1684 431 iona
1697 376 1727 431 et
1740 373 1825 435 riviu

119 468 201 527 nullo
210 483 274 525 esse
282 466 406 535 ideoque
414 459 798 535 ingenitum,alterumvero
809 461 844 517 ab
854 460 943 517 altero
998 454 1150 536 qo'nlluunt
1163 461 1276 518 nullam
1291 461 1367 517 inter
1381 477 1412 519 se
1423 461 1616 518 differentiam
1632 462 1786 522 babentes.

119 575 185 617 esse
197 558 321 628 ideoque
332 552 475 626 genitum,
488 550 589 623 sicque
603 568 655 623 per
668 550 722 607 boc
734 567 872 607 numeros
882 567 943 608 cre·
1033 552 1086 607 Sed
1113 569 1148 608 aa
1172 550 1355 624 impossibile
1374 551 1418 608 vel
1434 551 1605 608 incredibile
1620 552 1674 609 tibi
1688 554 1825 614 videatur

121 646 184 716 ari;
199 646 257 702 lide
270 658 387 717 quoque
401 641 478 698 valet
492 641 611 714 percipi,
624 641 693 713 quia
707 641 785 697 Deus
800 640 885 696 Pater
899 641 943 696 in·
999 640 1078 712 quod
1089 640 1120 696 in
1130 645 1187 696 Deo
1199 641 1282 697 Patre
1292 644 1321 697 et
1332 639 1404 697 Filio
1415 640 1480 713 ejus
1489 645 1571 697 tanta
1582 641 1681 700 unius
1691 647 1720 700 et
1729 644 1827 702 chari·

120 735 246 809 genitus,
257 733 336 790 Deus
351 749 418 791 vero
430 732 521 788 Filius
536 731 664 805 genitus,
676 735 704 787 et
718 730 787 803 quia
795 731 945 802 peripsum
998 732 1044 787 tas
1055 728 1346 801 sit,attendaqniade
1357 729 1824 792 unitateetcbaritatemultornm

119 824 224 894 omniu,
240 825 274 880 ut
293 820 437 895 scriptum
452 824 508 888 eet,
522 825 596 893 tuctu
608 825 684 889 suut,
701 823 727 876 ct
740 821 800 876 siue
814 822 873 893 ipso
886 823 944 892 [uc-
999 817 1132 875 lidelinm
1149 819 1292 892 scriptum
1307 823 1370 876 est:
1385 818 1571 877 Multitudinis
1583 820 1752 879 eructuem
1765 831 1829 882 crat

119 920 180 972 tum
193 918 234 971 eat
247 912 321 970 uitii
335 912 424 984 (loun.
442 911 473 983 1).
998 922 1045 963 cor
1058 923 1147 962 uuum
1159 915 1185 962 et
1199 908 1295 962 uuimu
1309 923 1367 962 uua
1380 908 1450 975 (Act.
1467 907 1516 979 ivl.
1531 907 1558 963 Si
1573 907 1665 982 igitur
1677 909 1709 967 in
1723 910 1824 968 multi·

404 1015 521 1074 Cppppp
540 1015 659 1071 xxxvl,
999 995 1101 1052 tudine
1111 994 1392 1068 hominum‚quibus
1403 996 1502 1054 unitas
1512 997 1701 1056 accidentalis
1711 1003 1826 1076 esi,po·

119 1112 197 1171 Sim,
220 1125 352 1168 mmm,
374 1107 472 1165 ,em-u,
494 1122 512 1162 a
534 1107 626 1172 mm,
649 1113 674 1161 εἰ
697 1105 814 1161 secundo
838 1111 887 1170 με,
904 1090 946 1160 ,pa
998 1084 1127 1141 tuitfieri
1137 1084 1306 1154 unitas,cur
1317 1101 1376 1141 non
1386 1085 1484 1158 potius
1494 1087 1640 1145 credenda
1650 1093 1825 1164 astsemper

155 1185 279 1258 Spiritus
289 1189 400 1238 sauctus
415 1197 432 1235 u
445 1181 530 1235 Putre
543 1186 570 1234 et
579 1176 649 1233 Filio
663 1191 719 1232 nou
734 1179 890 1247 peuerctur,
900 1175 946 1231 sed
1000 1190 1064 1231 esse
1074 1174 1104 1229 in
1116 1178 1171 1231 Deo
1182 1175 1267 1231 Patre
1277 1175 1400 1247 ejusque
1412 1174 1494 1245 Filio,
1503 1177 1612 1250 quibua
1623 1179 1827 1239 coessentialis

154 1254 286 1330 procedit.
1001 1263 1069 1332 [cod.
1081 1264 1160 1320 Cruc.
1170 1263 1361 1335 coeterualis]
1372 1268 1401 1321 et
1412 1265 1673 1324 consubstantialis
1683 1269 1750 1326 est?
1760 1270 1825 1329 Non

155 1364 276 1430 Deinde,
287 1365 320 1418 ut
336 1360 497 1433 appareant
509 1373 638 1430 persona
649 1360 718 1426 tres,
733 1356 811 1428 qnod
824 1359 869 1412 est
882 1370 945 1428 per·
1000 1352 1080 1409 enim
1096 1357 1153 1409 Deo
1169 1354 1245 1410 sicut
1260 1353 1373 1410 bomini
1386 1355 1509 1413 virtutes
1533 1355 1598 1413 ulla
1622 1372 1657 1413 ex
1681 1357 1825 1417 accidenti

122 1457 198 1513 fecta
207 1451 347 1522 Trinitas,
359 1449 492 1505 dieamus
503 1463 520 1502 a
530 1445 625 1519 primo
635 1445 766 1513 tertium,
777 1461 836 1500 non
851 1447 945 1500 terna·
1001 1442 1273 1511 donoveuinnt,sed
1285 1442 1724 1506 inillaunasubstantieomnes
1733 1448 1825 1507 simul

123 1546 213 1613 rium,
228 1542 259 1597 in
280 1555 405 1614 persona
418 1536 543 1610 Spiritus
559 1535 662 1592 sancti.
679 1534 732 1600 Qui
747 1534 822 1606 ideo,
838 1533 947 1601 aiente
1000 1531 1122 1607 virtutes
1133 1532 1275 1606 speciales
1285 1533 1826 1611 essentialiterconsistuntomnesque

109 1636 205 1690 'tanto
219 1628 335 1687 numeri
360 1625 497 1700 mysterio
517 1624 704 1681 instituimur
719 1624 790 1695 [cod.
806 1623 884 1679 Cruc.
900 1623 945 1678 in·
1000 1622 1041 1679 ibi
1055 1639 1149 1679 unum
1162 1627 1242 1680 aunt.
1255 1621 1341 1680 Nulla
1353 1623 1393 1678 ibi
1404 1624 1521 1695 justitia
1536 1625 1599 1682 sine
1614 1626 1732 1699 pietate,
1743 1627 1827 1686 nulla

122 1721 288 1790 struimur],
302 1734 361 1774 non
372 1716 501 1789 genitus,
513 1714 564 1770 sed
577 1713 738 1786 procedens
748 1712 865 1782 dicitur,
877 1712 947 1785 quia
960 1748 985 1814 B
1001 1713 1096 1784 pietas
1108 1712 1171 1770 sine
1181 1712 1308 1785 justitie.
1325 1716 1456 1786 Cumque
1466 1713 1515 1771 his
1525 1714 1640 1772 duobus
1654 1714 1827 1789 virtutibus,

121 1812 148 1870 si
163 1810 280 1885 genitus
294 1807 450 1871 diceretur,
464 1820 522 1859 non
538 1801 634 1859 solum
650 1802 755 1873 Patris,
771 1802 821 1858 sed
837 1806 866 1858 ct
880 1802 944 1858 Filii
1000 1803 1029 1859 id
1043 1806 1088 1859 ast
1095 1803 1218 1875 justitie
1233 1808 1262 1859 et
1275 1802 1386 1876 pietati,
1397 1819 1500 1860 omnes
1512 1805 1691 1863 concordent
1704 1807 1825 1880 paritor,

122 1901 240 1974 genitus
254 1895 350 1953 dictus
364 1894 520 1950 videretur.
537 1892 619 1959 Quod
634 1907 724 1964 quarn
739 1891 901 1948 absurdum
917 1895 946 1947 et
1000 1892 1103 1948 merito
1128 1893 1271 1948 virtutum
1294 1891 1427 1949 omnium
1454 1893 1699 1967 concordiaque
1719 1896 1750 1952 in
1764 1897 1825 1954 Deo

122 1989 317 2060 incongruum
326 1985 366 2042 sit
375 1982 477 2039 divinae
488 1979 685 2056 generationis
696 1980 883 2052 qualitates
893 1980 947 2037 hu·
1000 1980 1083 2037 Patre
1094 1980 1227 2053 Filioque
1239 1981 1303 2053 ejus
1313 1985 1367 2053 εει,
1380 1981 1479 2039 unitas
1490 1982 1599 2039 dicitur
1608 1982 1743 2057 ipsaque,
1754 1984 1827 2057 quia

122 2093 216 2135 mane
228 2072 425 2150 generationis
438 2071 549 2128 ratione
560 2069 636 2127 valet
646 2069 773 2144 pensari.
786 2069 856 2135 Quis
866 2069 945 2125 enim
1001 2069 1036 2125 ab
1053 2073 1177 2142 utroque
1191 2070 1322 2143 procedit
1338 2070 1464 2144 Spiritus
1477 2076 1608 2130 sanctus.

123 2168 212 2225 homo
227 2165 352 2222 duorum
368 2162 532 2235 genitorum
558 2159 637 2217 iilius
663 2162 862 2232 competenter
888 2158 945 2214 dici
1036 2158 1203 2217 Notandum
1214 2176 1331 2233 quoque
1345 2160 1415 2233 quia
1426 2161 1524 2219 unitas
1536 2162 1630 2221 Petris
1642 2168 1672 2221 et
1683 2163 1747 2221 Filii
1760 2164 1827 2238 ipsa

123 2254 245 2331 posset?
260 2259 311 2311 aut
326 2251 394 2326 quis
409 2267 440 2308 sa
455 2251 581 2307 duorum
597 2253 713 2324 patrum
729 2248 824 2304 filium
839 2265 857 2305 a
873 2264 946 2322 quc·
1001 2265 1193 2321 personarum
1208 2247 1395 2306 distinctione
1410 2250 1586 2308 declaratur.
1603 2252 1634 2309 Si
1658 2253 1737 2311 enim
1765 2258 1826 2313 tres

124 2362 213 2420 quam
229 2344 340 2400 dictum
356 2343 393 2399 ad
407 2341 548 2412 inJ‘uriam
563 2356 622 2395 non
637 2339 809 2410 reputaret?
1001 2337 1129 2394 unitates
1135 2355 1188 2412 pro
1197 2339 1566 2414 sanctoeTrioitatisspecie
1575 2345 1830 2415 ponamus,duas·

159 2437 352 2507 Quapropter,
367 2431 438 2504 quia
450 2429 594 2503 quidquid
609 2427 737 2501 Spiritus
759 2431 879 2485 aanctns
902 2432 948 2485 est
1002 2444 1059 2500 que
1082 2445 1116 2484 ex
1140 2429 1182 2484 eis
1206 2445 1258 2500 pro
1279 2428 1373 2488 Patris
1393 2434 1422 2486 et
1436 2428 1501 2487 Filii
1516 2431 1666 2502 dualitate,
1683 2433 1754 2506 quia
1767 2435 1827 2492 duo

123 2523 178 2582 hoc
192 2524 229 2579 de
243 2526 330 2579 Patra
344 2524 373 2577 ει
388 2519 460 2577 Filio
475 2535 539 2575 asse
560 2518 659 2584 habet,
676 2517 752 2574 sicut
766 2521 795 2573 et
809 2516 914 2573 tertius
930 2533 947 2572 a
1003 2516 1413 2591 sunt,colligamus,ipsaquae
1421 2521 1511 2576 restat
1519 2521 1615 2590 tertia,
1622 2520 1829 2593 nondualitas,

124 2613 219 2688 primo
243 2614 273 2669 et
290 2609 418 2668 secundo
434 2611 488 2680 εει,
504 2606 602 2664 verius
616 2610 645 2663 et
659 2606 756 2680 aptius
771 2606 807 2662 ab
824 2611 947 2679 utroque
1001 2607 1052 2664 sed
1069 2607 1167 2662 unitas
1182 2605 1355 2679 appellatur.
1366 2607 1440 2674 Ouia
1453 2625 1521 2665 vero
1536 2611 1638 2666 eadem
1653 2609 1751 2669 unitae
1765 2628 1827 2670 non

123 2702 283 2777 procedens
307 2716 396 2772 quam
420 2697 537 2770 genitus
553 2696 661 2752 dicitur
674 2696 801 2768 Spiritus
815 2699 946 2753 sanetus.
1002 2697 1038 2753 ad
1053 2713 1085 2752 sa
1100 2697 1150 2752 sed
1166 2697 1202 2752 ad
1219 2696 1390 2754 dualitatem
1410 2697 1563 2756 relerenda
1576 2702 1631 2768 est,
1647 2716 1767 2759 necesse
1781 2705 1830 2759 εει

125 2791 254 2865 Spiritus
264 2787 358 2846 sancti
369 2803 496 2860 namque
507 2787 670 2860 proprietas
682 2790 728 2842 est
739 2786 834 2841 Patris
845 2788 873 2842 et
883 2784 948 2842 Filii
1002 2784 1081 2842 anim
1092 2790 1125 2841 ut
1134 2784 1260 2858 alicujus
1271 2790 1300 2842 et
1312 2786 1342 2842 in
1354 2786 1452 2860 aliquo
1464 2786 1503 2845 sit
1514 2788 1632 2846 unitas:
1649 2793 1677 2846 et
1688 2807 1747 2848 non
1763 2807 1830 2848 ma·

124 2881 266 2954 Spiritum
282 2895 356 2950 esse,
372 2882 401 2934 et
416 2878 452 2934 ab
469 2881 592 2948 utroque
608 2874 759 2948 aqualiter
773 2875 946 2947 procedere;
1002 2889 1093 2947 gnum
1104 2879 1149 2931 ost
1159 2873 1183 2930 si
1194 2892 1271 2932 unus
1284 2891 1375 2932 unum
1387 2875 1435 2948 sit,
1447 2877 1498 2933 sed
1513 2876 1623 2934 mirum
1637 2881 1666 2935 et
1680 2878 1829 2938 ineffabile

124 2963 946 3039 sicutettertiusaequalitcraprimcetsecundoprocadit.
1002 2963 1080 3034 quod
1094 2964 1152 3020 duo
1165 2964 1283 3036 penitus
1293 2981 1386 3021 unum
1397 2964 1467 3032 sint,
1478 2964 1552 3022 mihi
1562 2967 1675 3023 ridetur
1690 2967 1761 3025 satis
1776 2969 1830 3026 de·

160 3059 216 3119 Sed
231 3059 302 3115 dum
314 3056 408 3113 Patris
419 3061 448 3112 at
462 3056 526 3111 Filii
536 3054 663 3128 Spiritus
678 3052 794 3121 dicitur,
807 3068 858 3124 per
872 3052 948 3108 hanc
1002 3049 1107 3106 clarari
1122 3068 1173 3123 per
1187 3052 1303 3109 tertiam
1319 3069 1485 3125 personam,
1501 3070 1564 3126 qua
1580 3055 1707 3128 Spiritus
1730 3056 1827 3114 sancti

125 3163 281 3222 porsonam
296 3144 370 3202 nihil
386 3144 466 3201 eliud
491 3144 547 3199 nisi
573 3143 670 3198 unitas
696 3147 726 3197 ει
749 3141 886 3209 ebaritas,
902 3139 947 3197 vel
963 3123 985 3191 C
1003 3144 1057 3212 est,
1069 3141 1120 3213 qui
1130 3159 1148 3197 a
1160 3145 1244 3198 Patra
1254 3147 1283 3198 et
1293 3141 1364 3199 Filio
1378 3143 1519 3215 procedit,
1530 3144 1608 3201 sicut
1621 3145 1745 3203 ettertia
1758 3146 1828 3204 uni·

125 3237 270 3310 quidquid
285 3234 456 3307 hujusmodi
471 3232 589 3289 relativa
612 3231 669 3287 dici
694 3235 790 3304 potest
803 3229 946 3286 innuitur.
1002 3233 1059 3299 tas,
1071 3247 1088 3286 a
1100 3231 1215 3288 duabus
1226 3231 1389 3288 unitatibus
1400 3232 1492 3289 Patris
1503 3236 1532 3290 et
1543 3232 1607 3290 Filii
1619 3234 1727 3306 unitas,
1740 3236 1829 3309 quasi

125 3325 209 3382 Unde
222 3329 251 3383 et
265 3325 406 3380 Dominus
427 3324 457 3379 in
473 3320 626 3395 Evangelio
651 3321 713 3377 ait:
737 3321 794 3392 Epo
818 3324 846 3376 et
868 3322 950 3376 Pater
1003 3320 1112 3378 eedem
1127 3322 1191 3377 dua
1207 3322 1334 3379 unitates
1349 3321 1414 3378 Filii
1428 3326 1457 3378 et
1470 3322 1564 3380 Patris
1580 3324 1701 3384 dicant:
1729 3331 1789 3400 tipo
1802 3335 1830 3385 et

125 3433 213 3473 uuum
226 3431 321 3471 sumus
335 3415 424 3487 (ioan.
439 3412 479 3486 x),
495 3412 581 3484 qnasi
597 3411 706 3467 diceret
722 3427 728 3464 :
755 3426 807 3483 ego
823 3414 851 3465 et
866 3410 950 3464 Pater
1004 3414 1087 3466 Pater
1099 3427 1185 3467 uuum
1203 3428 1296 3468 sumus
1319 3412 1407 3485 (locu.
1423 3411 1474 3484 x);
1499 3412 1573 3469 illud
1599 3414 1710 3471 scilicet
1733 3433 1830 3475 unum

127 3505 158 3562 in
172 3504 294 3572 unitata,
308 3504 338 3559 id
358 3509 403 3559 est
418 3503 447 3558 in
463 3502 573 3574 Spiritu
588 3504 688 3557 sancto
703 3516 818 3556 sumus.
836 3499 888 3565 Qui
905 3498 949 3553 ni·
1005 3500 1082 3570 quod
1093 3516 1219 3574 persona
1229 3501 1325 3568 tertia,
1337 3501 1367 3556 id
1378 3504 1422 3557 est
1432 3501 1541 3571 unitas,
1551 3503 1586 3559 de
1598 3503 1683 3561 nobis
1693 3508 1829 3563 testatur.

128 3595 238 3649 mirum
248 3609 364 3657 sensus,
373 3591 429 3647 nisi
441 3589 571 3657 fallor,in
583 3589 661 3645 exitu
669 3589 834 3644 orationum
846 3588 951 3643 multa-
1005 3588 1136 3646 Dualitas
1147 3606 1274 3662 namque
1285 3590 1360 3646 duos
1370 3607 1446 3660 esse,
1454 3591 1504 3648 sed
1514 3593 1633 3650 eosdem
1644 3593 1719 3651 duos
1730 3595 1829 3654 onitu

127 3697 195 3738 rum
211 3681 365 3754 reperitur,
381 3679 430 3736 nbi
446 3674 553 3734 dicitur
570 3695 577 3733 :
603 3678 656 3746 Qui
668 3681 758 3732 tecum
771 3677 838 3732 uiuit
863 3684 889 3732 et
906 3691 949 3732 re·
1007 3694 1097 3733 unum
1122 3695 1186 3735 esse
1201 3679 1359 3752 significat.
1376 3680 1485 3738 Omnes
1499 3698 1618 3754 quoque
1633 3682 1684 3756 qui
1698 3684 1736 3741 ad
1750 3684 1828 3743 bano

125 3778 194 3842 punt
207 3772 277 3828 Deus
301 3773 331 3827 iu
356 3770 461 3826 unitate
481 3767 599 3839 Spiritus
613 3768 711 3823 suncti.
729 3765 810 3829 Quod
828 3765 869 3820 ita
883 3764 950 3822 licet
1004 3767 1146 3823 unitatem
1156 3768 1303 3840 spirituali
1311 3769 1464 3827 dilectione
1473 3770 1655 3844 confugiunt,
1665 3789 1758 3831 unum
1768 3774 1832 3832 elli·

125 3860 232 3935 colligi.
1003 3855 1130 3912 ciuntur.
1154 3857 1228 3931 Ergo
1255 3859 1332 3930 quod
1357 3859 1472 3916 dilectio
1492 3865 1595 3917 sancta
1609 3861 1832 3923 accidentaliter

160 3949 190 4004 Si
206 3951 285 4005 enim
302 3963 389 4004 omne
404 3946 481 4019 quod
496 3950 575 4002 Deus
589 3946 633 4001 est
648 3942 814 4000 substantia
828 3941 885 3998 dici
901 3958 949 4014 po·
1002 3945 1058 4000 erit
1068 3946 1097 4000 in
1109 3944 1212 4002 multis
1227 3946 1406 4020 bominibus,
1419 3952 1524 4021 aptans
1539 3966 1589 4007 eos
1603 3949 1634 4008 in
1649 3967 1754 4020 unum,
1770 3953 1827 4012 hoo

123 4039 191 4105 test,
203 4036 288 4093 Pater
299 4039 396 4092 autem
409 4040 438 4092 et
450 4034 541 4091 Filius
552 4051 644 4090 unum
658 4037 748 4104 sunt;
765 4032 863 4105 ipsum
878 4046 946 4104 ergo
1002 4034 1128 4108 Spiritus
1137 4036 1230 4092 sancti
1240 4036 1605 4109 personasubstantialiter
1614 4041 1828 4103 etaternaliter

120 4141 213 4183 unum
231 4125 399 4183 substantie
413 4129 458 4182 est
472 4124 606 4197 ideoque,
618 4124 733 4180 duabus
748 4121 881 4195 personis
892 4121 945 4176 Pa·
1001 4125 1037 4180 ad
1052 4124 1148 4180 Patris
1162 4129 1192 4181 et
1207 4124 1271 4181 Filii
1286 4143 1425 4199 personas
1440 4131 1564 4186 constat.

118 4215 173 4271 tris
183 4219 213 4272 et
223 4214 287 4271 Filii
299 4214 546 4279 commemoratis,
559 4213 649 4270 tertia
660 4229 791 4286 persona
805 4211 947 4269 memoria
1035 4214 1179 4286 Exprimit
1187 4231 1256 4288 ergo
1266 4216 1421 4290 utriusque
1430 4218 1669 4276 communionem
1680 4225 1710 4278 et
1720 4221 1826 4282 divina

117 4303 148 4361 in
164 4303 277 4361 unitate
292 4304 524 4360 commendatur.
999 4304 1170 4360 substantia
1186 4305 1341 4373 unitatem,
1358 4323 1421 4379 qne
1443 4308 1544 4380 utique
1568 4311 1650 4366 tenta
1671 4315 1718 4368 est
1740 4316 1774 4369 nt
1795 4312 1826 4371 in

152 4394 219 4451 Sive
234 4410 302 4467 ergo
317 4410 422 4461 unum,
435 4393 497 4451 eive
512 4392 610 4450 unitas
625 4391 668 4449 uel
684 4391 813 4448 ebaritas
828 4391 945 4449 dicatur
982 4394 984 4400 '
999 4392 1079 4449 nullo
1094 4394 1275 4451 extrinsecus
1289 4395 1429 4481 indigeat,
1445 4397 1496 4452 sed
1511 4397 1612 4454 omnia
1629 4397 1659 4454 in
1684 4415 1716 4457 εε
1731 4400 1825 4459 conti·

116 4484 152 4542 de
168 4488 236 4551 Dec,
247 4500 306 4540 non
322 4483 418 4540 solum
435 4484 470 4539 ad
486 4482 659 4539 Trinitatem
673 4483 704 4538 in
720 4482 832 4538 unitate
847 4479 942 4537 consi·
957 4502 981 4568 D
998 4486 1075 4539 neat.
1091 4482 1217 4556 Ideoque
1233 4500 1301 4540 cum
1317 4484 1410 4541 Patris
1434 4489 1463 4541 et
1486 4484 1550 4542 Filii
1574 4503 1701 4560 persona
1715 4489 1827 4548 dicitur

116 4575 312 4647 stentem,sed
323 4574 411 4631 etiem
424 4574 460 4629 ad
471 4589 627 4647 personam
635 4572 763 4645 Spiritus
773 4571 868 4628 sancti
879 4587 942 4644 spe·
997 4572 1159 4646 meritoque
1171 4573 1326 4645 utriusque
1337 4574 1447 4645 unitas,
1456 4574 1485 4630 id
1497 4579 1542 4632 est
1552 4576 1680 4649 Spiritus
1692 4584 1826 4652 sanctus,

115 4662 227 4721 cialiter
237 4664 422 4721 referendum
432 4668 495 4722 est:
512 4662 582 4736 qnia
593 4678 660 4719 cum
672 4678 729 4718 non
741 4660 839 4717 minus
850 4676 938 4732 quam
997 4661 1085 4717 simul
1097 4663 1479 4735 semperconsubstantialis
1490 4682 1623 4735 manens,
1633 4667 1724 4726 simul
1735 4669 1826 4728 etiam

115 4751 192 4808 inter
206 4753 280 4809 duos
296 4753 394 4810 unitas
409 4757 438 4809 et
451 4752 567 4809 dilectio
581 4768 646 4809 esse
661 4750 866 4829 possit‚¹bique
881 4750 938 4806 duo
996 4767 1112 4824 semper
1126 4751 1318 4824 personaliter
1331 4759 1591 4810 commemoratur.
1607 4755 1713 4814 Deitati
1739 4774 1825 4816 nam·

115 4839 145 4895 in
157 4841 292 4914 personis
303 4842 428 4911 duabus,
440 4841 533 4898 Patris
544 4847 573 4897 et
583 4841 728 4907 Filii,sint
739 4839 939 4912 intelligendi;
995 4857 1051 4912 que
1067 4840 1107 4895 nil
1124 4840 1218 4914 magis
1233 4859 1322 4915 quam
1338 4844 1438 4900 unitas
1453 4845 1588 4900 convenit
1602 4845 1733 4902 ascribi.¹

114 4946 193 4986 unus
209 4930 328 5002 quidem
339 4929 474 5003 diligens,
487 4931 515 4987 id
532 4936 576 4987 cst
590 4930 667 4987 Deus
678 4930 772 5001 Pater,
786 4928 860 4985 altcr
873 4944 940 4985 vero
1270 4951 1387 5008 GApUT
1410 4950 1544 5008 yhngfl·

113 5017 247 5087 dumus»
263 5018 291 5074 id
315 5023 360 5076 ‘³⁵2
374 5024 451 5076 Deus
466 5019 568 5090 Fffilffis
585 5023 666 5091 latet
692 5020 819 5092 Pf⁰f⁹⁰l⁰
845 5019 940 5091 ipsam
996 5040 1128 5112 Exempla
1144 5039 1241 5112 quitus
1256 5039 1367 5096 docetur
1379 5042 1512 5113 quomodo
1526 5044 1640 5099 trinitus
1659 5060 1691 5099 tu
1703 5047 1825 5123 ,unicis

113 5106 377 5181 dilectionemque
387 5126 479 5164 unum
491 5113 571 5175 sunt,
580 5125 703 5180 qumque
713 5126 747 5165 ex
758 5113 881 5181 utroque
893 5123 942 5180 pa·
1120 5118 1147 5167 et
1165 5114 1260 5167 unitus
1274 5114 1304 5166 iu
1319 5115 1442 5168 trinitate
1457 5116 1492 5168 sit
1506 5115 1695 5186 intelligendu.

115 5198 189 5255 riter
203 5199 345 5272 procedit,
358 5199 556 5272 accipiendam
568 5213 633 5254 esse
647 5215 699 5270 pru
710 5199 837 5270 Spiritus
848 5196 941 5254 sancti
1033 5199 1069 5256 Ut
1084 5205 1180 5256 antem
1196 5199 1257 5255 hac
1273 5201 1371 5257 unitas
1388 5207 1417 5257 et
1431 5202 1547 5260 trinitas
1562 5221 1653 5276 quam
1669 5206 1705 5262 da
1719 5205 1823 5264 invisi·

113 5303 250 5360 persona,
266 5288 296 5343 in
312 5293 413 5345 sancta
428 5287 580 5355 Trinitate,
598 5287 692 5344 tertia.
704 5288 843 5352 Quamvis
859 5290 941 5345 enim
997 5287 1824 5369 bilidivinitatissubstentladicoepertiorcredibiliorque

110 5374 170 5433 alia
185 5393 311 5449 persona
325 5379 364 5434 sit
377 5377 536 5450 diligentis,
548 5378 605 5434 alia
619 5377 728 5450 dilecti,
739 5377 797 5433 alia
809 5377 943 5439 dilectio.
998 5378 1059 5449 fiat,
1071 5377 1142 5434 libet
1155 5377 1254 5451 aliqua
1268 5385 1303 5436 de
1317 5380 1483 5438 visibilibus
1499 5383 1586 5439 rebus
1602 5399 1709 5456 ponere
1724 5399 1826 5442 exem·

112 5465 174 5534 nie,
190 5465 221 5521 in
235 5467 338 5523 eadem
354 5471 453 5524 tamen
468 5466 622 5524 dilectione
638 5484 701 5540 qna
717 5466 803 5523 tertia
818 5484 944 5540 persona
999 5467 1047 5540 pla
1057 5469 1204 5541 quomodo
1216 5469 1313 5527 unitas
1324 5470 1352 5526 in
1364 5471 1531 5528 substantia
1541 5476 1570 5528 st
1580 5472 1698 5531 trinitas
1713 5471 1743 5530 in
1759 5489 1826 5548 par·

110 5559 166 5629 est,
183 5559 213 5614 ει
226 5557 277 5633 qui
292 5556 387 5635 diligit
409 5563 439 5616 et
453 5556 504 5634 qui
520 5556 656 5635 diligitur
669 5573 763 5616 unum
783 5558 945 5619 scotatio
999 5559 1079 5617 sonis
1089 5559 1263 5620 existatSed
1278 5560 1373 5638 primo
1388 5562 1479 5641 hujus
1494 5560 1626 5649 mysterii
1651 5560 1826 5646 similitudi·
