3892 6096
194 295 270 363 llll

509 431 625 490 CAPUT
643 434 700 490 XL.

247 521 306 591 flii,
324 520 464 593 inopinate
477 526 582 594 recepto
596 525 706 650 offilo,
721 541 860 598 misceant
874 542 969 582 nonem

544 610 606 650 osce
644 613 653 651 ι
669 639 675 650 .

231 681 355 752 Accepto
371 681 487 749 comite,
502 683 589 755 jussu
610 689 767 741 nautarum
783 687 909 742 domnus
926 685 1020 757 ponti·

197 767 243 823 fex
258 784 360 824 navem
386 772 555 829 conscendit
576 790 643 829 cnm
660 773 733 831 suis.
748 775 847 832 Nautes
872 775 960 831 remis
976 775 1020 831 ia·

199 861 326 930 snrgunt
339 859 453 916 viribus
468 861 547 932 totis,

276 967 455 1038 Prosequitur
468 983 584 1039 aurosne
599 986 616 1026 n
628 973 714 1042 pappi
728 976 946 1035 certuscertus·
972 980 975 985 ·

510 1027 633 1111 (mea.
650 1042 763 1109 AEneid,
777 1041 828 1097 lib.
845 1044 898 1114 111.)

199 1142 339 1215 linquunt
352 1145 494 1201 Laodiciae
504 1152 616 1218 portus,
627 1148 787 1221 pelagoque
797 1149 903 1215 volant,
913 1148 1023 1204 crebris

200 1229 302 1304 legunt
318 1233 391 1288 freta
415 1235 527 1291 concita
549 1235 643 1305 terris,
659 1235 723 1292 vela
746 1237 879 1308 pandunt
903 1240 930 1292 et
955 1252 1024 1291 cava

683 300 943 364 belunenen
966 301 1261 365 densescunsls
1283 299 1406 362 EPISG.

1829 298 1894 361 ltu

1031 420 1129 504 Abas
1147 433 1240 508 regni,
1256 451 1308 507 pro
1333 432 1534 491 simultatibus
1556 447 1634 505 quas
1657 431 1769 488 contra
1795 434 1893 502 patrem

1074 523 1217 581 habuerat
1232 523 1409 580 reconciliati
1423 527 1504 592 snat,
1521 525 1650 594 uterque
1671 535 1777 575 eomes
1790 519 1894 576 Baldni·

1075 629 1142 684 nus,
1159 616 1241 685 pater
1267 612 1378 668 scilicet
1397 616 1426 668 et
1451 611 1538 667 tilius.
1555 610 1610 666 (ini
1638 608 1757 682 placito
1781 608 1894 665 Interfuit

1075 702 1202 758 domans
1217 700 1347 774 pontifex
1364 701 1523 758 tietbcrtns
1547 699 1698 756 intonsus
1713 697 1818 764 adhuc,
1830 699 1892 753 sicut

1075 791 1340 863 aperegriaatione
1362 790 1486 859 rediens,
1503 791 1538 846 ad
1555 805 1648 845 suam
1674 788 1822 844 civitatem
1834 805 1893 842 aon·

1076 881 1147 936 dnm
1163 884 1291 946 venerat,
1308 880 1359 952 qni
1383 879 1568 936 familiariter
1588 878 1697 951 ipsum
1723 877 1854 933 comitem
1866 879 1895 932 ab

1076 970 1193 1026 aaardIo
1209 969 1256 1026 sui
1270 969 1458 1041 pontificatus
1472 969 1627 1024 dilexerat.

1373 1075 1487 1133 CAPUT
1506 1074 1603 1131 XLIII.

1114 1166 1164 1223 Ubi
1178 1165 1293 1222 domans
1310 1166 1461 1222 lietbertus
1475 1167 1568 1235 primo
1582 1166 1702 1219 Nonum
1716 1162 1868 1233 Gasoetiura,

1294 1236 1392 1293 deindo
1407 1236 1588 1292 cameracum
1601 1236 1696 1291 uenit.

198 1321 279 1375 trabe
289 1328 403 1377 vastum
414 1329 536 1379 currunt
544 1341 652 1396 sequor.
660 1329 818 1396 Postquam
829 1325 920 1380 altum
930 1325 1025 1381 tenuit
1115 1326 1181 1381 Erat
1191 1325 1221 1381 in
1232 1326 1330 1381 animo
1341 1326 1405 1397 ejus
1416 1326 1507 1381 fixum
1517 1341 1578 1381 non
1590 1325 1684 1397 priua
1693 1322 1807 1380 intrare
1815 1327 1894 1379 Came

199 1409 292 1472 navis,
305 1427 357 1466 aec
370 1412 433 1482 jam
450 1411 578 1484 amplius
594 1413 658 1469 ullae
674 1420 816 1488 apparent
832 1420 924 1485 terre,
936 1432 1024 1470 caeru-
1078 1431 1179 1471 recum
1191 1431 1279 1486 quam
1289 1415 1422 1470 reviserit
1432 1412 1745 1481 Novum-Castellum,
1757 1413 1802 1468 sui
1813 1414 1895 1484 prind-

199 1496 264 1553 leus
280 1515 370 1570 snpra
381 1506 468 1572 caput
484 1502 578 1559 astitit
592 1503 695 1570 imber,
709 1508 822 1560 noctem
838 1503 1025 1576 hiememque
1080 1507 1165 1575 patus
1180 1501 1266 1558 fidele
1288 1503 1495 1575 municipium,
1510 1503 1590 1574 quod
1620 1503 1662 1559 ab
1689 1503 1786 1558 macti
1800 1503 1894 1557 andree

199 1585 304 1654 ferens,
319 1593 348 1642 et
364 1588 508 1646 inhorruit
523 1591 602 1647 unda
616 1591 756 1647 tenebris.
771 1591 916 1648 Gontiana
932 1592 1024 1648 invol·
1080 1591 1253 1648 memoriam
1275 1591 1446 1664 diligentius
1470 1590 1638 1647 excolebat.
1656 1590 1723 1655 Quo
1751 1592 1895 1663 perrsaieas

198 1678 274 1730 vuat
289 1676 367 1732 venti
393 1695 484 1748 mare,
500 1679 641 1752 nigraque
664 1685 790 1753 surgunt
805 1698 932 1754 aequora,
950 1680 1025 1754 peri·
1080 1680 1188 1736 domno
1196 1680 1589 1747 comitetuanlcbero,cum
1599 1680 1724 1736 austeus
1734 1679 1894 1736 familiarem

202 1762 339 1822 clitaates
357 1767 507 1837 Jeclaatur
531 1769 645 1840 gurgite
659 1774 741 1826 vasto
758 1787 764 1825 :
782 1769 926 1826 Involvere
948 1769 1026 1824 diem
1081 1769 1235 1825 comitibus
1260 1767 1475 1825 officiosissime
1500 1767 1676 1840 suscipitur
1705 1769 1746 1824 ab
1775 1770 1894 1834 omnibns,

199 1852 307 1922 nlmbi,
320 1859 348 1910 et
364 1872 420 1912 nox
436 1856 674 1913 humidecoelum
691 1857 826 1927 abstulit;
843 1858 1027 1932 Ingeminant
1080 1862 1295 1930 susceptusque
1309 1858 1340 1913 ia
1355 1856 1465 1928 templo
1480 1856 1583 1914 Sancti
1600 1858 1738 1914 Andreae
1755 1857 1895 1913 duciturai

202 1941 337 2015 abruptis
353 1944 497 2000 imbribus
511 1945 604 2018 ignes,
616 1946 804 2002 excutiuntur
818 1964 916 2018 cursu,
933 1952 961 2003 et
974 1963 1026 2003 ce·
1080 1946 1424 2003 oraticnem.Prostratus
1436 1945 1497 2002 solo
1510 1962 1571 2003 aon
1587 1947 1739 2019 quaesivit
1748 1947 1780 2001 in
1792 1948 1895 2002 cratinae

203 2029 245 2086 cia
264 2036 363 2087 errant
382 2032 412 2088 ta
428 2034 514 2090 uadis
531 2051 537 2089 :
555 2035 611 2107 ipsi
637 2036 806 2107 peritissimi
831 2040 937 2104 aautae,
953 2053 1024 2109 quo·
1080 2034 1234 2108 lacrymas,
1251 2052 1325 2107 quas
1349 2051 1464 2107 semper
1489 2035 1758 2092 familiarissimas
1778 2036 1896 2101 habetne

201 2119 359 2177 dammodo
388 2123 571 2180 marinorum
600 2125 743 2181 fluctuum
768 2125 930 2197 domestici,
947 2127 1025 2182 diem
1080 2123 1148 2181 deia
1164 2140 1288 2197 surgens
1303 2122 1383 2180 dedit
1404 2122 1668 2192 benedictionem
1687 2141 1769 2196 quos
1784 2125 1898 2196 potatu

199 2212 375 2281 noctemque
391 2217 499 2284 negant
514 2211 544 2267 ia
561 2214 659 2269 nude:
675 2218 735 2271 tres
749 2215 820 2270 adeo
836 2214 962 2271 incertos
978 2231 1024 2271 so·
1079 2216 1211 2284 tempore
1227 2211 1424 2277 exosculatus,
1440 2211 1587 2287 processit
1613 2211 1735 2285 palam,
1753 2213 1898 2284 cuneusque

198 2294 241 2352 les
251 2301 350 2353 errant
361 2299 603 2372 pelsg0,totidem
615 2302 678 2358 siae
689 2302 784 2359 sidere
795 2307 1024 2376 noctes:quarto
1080 2301 1168 2357 refert
1183 2305 1309 2373 quantos
1327 2299 1379 2356 vie
1405 2299 1561 2371 pertulerit
1576 2317 1686 2357 casus.
1699 2302 1787 2357 Tune
1802 2303 1900 2357 domnae

199 2387 278 2442 terra
293 2385 338 2442 die
353 2388 480 2459 pslmnm
506 2407 537 2446 se
552 2390 683 2447 attollere
706 2391 769 2448 visa
792 2396 847 2463 est,
861 2400 889 2448 et
913 2391 1026 2463 aperire
1079 2387 1239 2447 Fulcherns
1261 2406 1293 2445 co
1307 2393 1448 2462 presente
1473 2389 1615 2460 procedit
1640 2390 1680 2446 ad
1709 2389 1902 2460 alienamini

198 2474 298 2545 procul
316 2481 430 2533 montes
445 2481 474 2533 et
488 2478 602 2535 volvere
617 2479 748 2549 fumum;
764 2479 829 2536 vela
844 2481 963 2547 cadunt,
980 2480 1025 2536 ia·
1079 2495 1145 2550 quse
1159 2483 1304 2552 quantave
1326 2494 1378 2550 per
1399 2493 1484 2533 suam
1499 2477 1758 2536 benedictionem
1772 2479 1901 2553 gloriosam

199 2569 327 2637 snrgunt
341 2567 517 2637 quantocius
533 2573 638 2639 nauta,
651 2574 680 2625 et
694 2570 792 2626 adnixi
808 2573 945 2642 torqueat
958 2586 1027 2642 spu·
1079 2567 1138 2624 sibi
1153 2566 1270 2624 fecisset
1280 2566 1424 2623 Dominus
1435 2566 1530 2622 sancti
1540 2567 1673 2624 Andreae
1690 2570 1811 2625 meritis
1820 2574 1844 2625 et
1856 2583 1900 2639 pre

201 2667 265 2709 mas
278 2657 308 2710 et
323 2655 430 2710 carnia
444 2661 574 2713 verrunt.
1080 2656 1173 2723 cibus,
1194 2660 1261 2729 post
1284 2655 1388 2727 capitis
1412 2654 1575 2726 deditione,
1593 2655 1781 2714 videntibus
1803 2657 1899 2726 cuneis

510 2763 625 2821 cpppp
644 2765 713 2821 xpp,
1079 2761 1144 2802 sese
1154 2749 1254 2801 sancto
1265 2743 1388 2801 tradidit
1399 2744 1532 2812 andree,
1540 2745 1679 2802 otierens
1691 2751 1899 2820 supersenctau

203 2849 253 2906 ilbi
266 2866 315 2920 per
328 2853 410 2906 corio
423 2850 483 2908 loca
492 2853 592 2909 duatus
605 2855 755 2924 episcopus,
767 2858 793 2909 et
802 2856 864 2926 jam
873 2869 920 2925 spe
931 2852 1025 2909 vidon-
1079 2835 1143 2906 ⁰i⁰⁸
1157 2831 1248 2889 alim
1271 2833 1346 2889 ‘¹⁰⁸⁸
1362 2832 1463 2889 ⁰⁰05ss
1484 2833 1550 2888 Rufi
1577 2834 1763 2906 imfissssimis
1783 2843 1863 2908 ”illl
1877 2834 1899 2888 il

235 2920 443 2991 discoctorum
469 2925 580 2979 Demiur'
601 2926 763 2994 frustratus,
778 2925 889 2980 tandem
911 2926 1025 2981 consitio
1079 2923 1181 2978 eodem
1196 2921 1259 2977 loco
1275 2922 1310 2976 ad
1327 2920 1469 2977 honorem
1491 2920 1543 2977 Dei
1572 2926 1607 2978 et
1633 2925 1819 2982 memoriam
1832 2921 1898 2979 sanct

235 2992 409 3048 ἱαθᾶίθθωῑδ
422 2994 546 3066 episcopi
559 2999 671 3050 milui
686 2997 839 3051 revertitur·
1078 3011 1199 3067 Andrcu
1214 3026 1266 3083 pro
1288 3026 1320 3066 se
1334 3026 1438 3082 perpes
1453 3009 1585 3066 servitus
1602 3018 1702 3079 esset,
1719 3012 1817 3070 filium
1837 3027 1898 3069 sam

240 3098 313 3153 Dum
329 3099 495 3172 pontificem
511 3117 578 3157 cum
594 3102 656 3158 suis
671 3103 810 3159 omnibus
830 3106 975 3160 servatum
991 3119 1026 3159 ex
1079 3117 1133 3157 suc
1149 3101 1185 3155 de
1199 3098 1317 3155 aomina
1333 3099 1518 3155 nominatum
1543 3098 1721 3158 Falconem
1737 3102 1852 3159 tradidit
1861 3100 1897 3155 ibi·

202 3186 290 3244 undis
304 3187 404 3245 littore
419 3189 504 3263 Cypri
519 3190 676 3264 accipiunt,
693 3208 780 3264 quem
795 3192 932 3265 princepe
946 3191 1026 3250 illius
1041 3173 1062 3241 G
1082 3189 1164 3257 dem;
1181 3204 1239 3261 qno
1254 3187 1399 3244 monacho
1413 3187 1501 3256 f⁸⁰i⁰r
1518 3185 1718 3248 VI⁰¹¹²⁸¹Ib¹¹⁸
1734 3192 1848 3248 simum
1858 3206 1899 3245 ω·

203 3275 315 3346 insula,
328 3294 416 3350 quem
432 3279 586 3350 lietapant,
602 3280 657 3336 boc
679 3286 724 3337 eat
749 3283 912 3339 secundnm
929 3280 1025 3338 domi·
1077 3295 1135 3352 gna
1150 3276 1271 3334 donaria
1285 3275 1420 3342 contulit,
1436 3293 1501 3348 qne
1517 3276 1764 3352 privilegiorum
1775 3284 1836 3354 jure
1847 3295 1897 3351 poc·

203 3368 527 3438 numvocaat,timeas
544 3369 1026 3442 aeiamannspageaorumiaci·
1078 3367 1166 3424 tiliois
1179 3366 1352 3423 anctoritate
1365 3365 1502 3422 firmavit.
1519 3365 1679 3425 Omnibus
1708 3370 1768 3426 rite
1790 3371 1897 3443 peractis

201 3455 290 3523 deret,
310 3472 326 3511 a
341 3455 435 3528 pridie
451 3457 602 3515 Nonarum
616 3458 687 3514 iulii
704 3475 797 3531 usqae
813 3460 849 3515 ed
864 3459 958 3532 pridie
973 3459 1027 3516 Ka·
1078 3457 1158 3512 vemt
1170 3456 1299 3512 damnus
1313 3455 1442 3528 pontifex
1455 3458 1672 3527 cameracum,
1686 3463 1720 3515 et
1735 3456 1896 3532 gaudiisqu-

201 3544 359 3601 landarum
384 3546 521 3619 AngustI,
538 3547 672 3615 detiauit,
688 3547 780 3604 donec
795 3547 845 3604 illa
860 3549 917 3616 die,
934 3547 1027 3605 multo
1080 3546 1135 3601 bus
1150 3545 1281 3618 oportuit
1294 3561 1311 3599 a
1325 3544 1388 3601 suis
1403 3542 1558 3615 excipitur.

204 3649 274 3689 auro
290 3633 368 3689 exitu
383 3634 430 3690 vix
444 3635 609 3709 Impetrato,
626 3637 697 3692 dnm
717 3653 835 3694 rursum
851 3638 964 3694 marino
980 3637 1028 3693 iti·
1376 3649 1492 3707 CAPUT
1512 3648 1618 3707 XLIV.

204 3738 319 3822 aereae
334 3723 464 3780 crederet
478 3725 634 3800 proficisci,
649 3726 752 3782 frande
767 3729 923 3783 aautmum
940 3725 1028 3782 decli·
1120 3741 1170 3798 pai
1184 3742 1325 3813 nugonem
1338 3738 1512 3812 capellanum
1526 3741 1624 3796 murga
1639 3743 1728 3800 mapa
1741 3745 1870 3815 [mm

202 3816 339 3867 nantium
369 3812 494 3870 insidias
514 3830 695 3888 paganorum
724 3815 890 3872 Laodiciam
919 3814 1028 3872 relatus
1365 3811 1630 3867 excommunicavit.

204 3904 263 3969 est;
281 3902 311 3956 in
328 3917 385 3974 quo
402 3901 464 3958 laco
479 3903 549 3959 dum
567 3920 670 3960 rursus
683 3920 780 3960 moras
795 3904 966 3973 innecteret,
976 3920 1030 3960 nec
1118 3900 1231 3957 laterea
1257 3903 1352 3972 Engo,
1376 3897 1499 3955 walteri
1521 3898 1682 3972 capellani
1708 3920 1809 3977 nepas,
1830 3916 1895 3974 qaeu

202 4006 269 4061 spes
285 3988 345 4046 ulle
368 3990 534 4063 perficiendi
551 3995 617 4048 vota
641 3997 816 4066 superesset,
830 3993 1028 4050 remeantibus
1083 3990 1312 4063 prenotavimus
1342 3986 1528 4045 castellatura
1543 3988 1731 4062 uenatum,
1760 3990 1896 4065 proficiebat

203 4094 271 4134 cum
288 4079 478 4136 Landunensi
490 4081 626 4153 episcopo
637 4083 696 4152 toa.
711 4082 932 4155 lagelraanot...
944 4086 1028 4154 (quo·
1086 4081 1179 4135 etate.
1190 4080 1319 4150 Tempus
1329 4076 1460 4134 instabat
1468 4075 1646 4148 proximum
1659 4096 1725 4152 qno
1735 4080 1896 4138 Ausellasre

204 4167 283 4222 aiam
298 4172 327 4223 et
336 4167 398 4239 lpse
408 4166 467 4224 illis
478 4169 581 4225 diebus
593 4169 666 4225 ierat
677 4169 918 4242 Hierosolymam)
930 4187 1032 4243 quam·
1086 4167 1197 4241 gimino
1210 4168 1275 4239 ejus
1294 4183 1402 4232 carere,
1413 4170 1443 4221 et
1455 4164 1519 4237 ipse
1531 4164 1655 4223 bonum
1682 4185 1777 4227 suum
1800 4170 1897 4241 recipere

207 4254 343 4329 pluribus
359 4260 388 4311 et
402 4255 514 4312 itineris
532 4256 733 4313 difficultatem
747 4259 952 4328 referentibus,
964 4265 1029 4316 tan·
1086 4256 1220 4314 debebat.
1229 4257 1317 4312 Porro
1328 4254 1445 4311 ansello
1457 4252 1615 4310 videbatur
1627 4258 1708 4328 qnia
1717 4261 1757 4317 ad
1771 4259 1898 4334 Quadam

206 4346 273 4401 dem
296 4343 418 4400 coasilio
443 4344 632 4403 Laodicensis
655 4345 783 4421 episcopi
807 4348 948 4404 redeundi
976 4349 1030 4406 iter
1087 4343 1435 4415 castellaturamjuvenis
1453 4341 1503 4399 illc
1518 4345 1665 4403 nondum
1693 4355 1775 4406 essct
1792 4350 1899 4413 monas,

205 4438 327 4490 moestas
343 4433 478 4505 arripuit.
1087 4433 1210 4506 ideoque
1225 4434 1369 4507 protelare
1383 4431 1498 4489 volebat
1509 4447 1572 4489 sna
1584 4437 1740 4495 custodia
1749 4433 1899 4498 officinam

509 4540 628 4597 CAPUT
647 4541 731 4598 xmp,
1045 4541 1070 4608 D
1086 4522 1142 4580 sibi
1153 4523 1336 4596 permitteret
1344 4522 1515 4595 episcopum
1526 4522 1582 4578 sed
1593 4529 1743 4594 quamvis
1752 4524 1900 4601 pentifarie

207 4633 258 4690 Uti
272 4633 422 4703 imperator
441 4634 466 4687 ot
490 4646 540 4686 rea
555 4632 722 4686 Francorum
736 4633 931 4704 componendae
953 4635 1032 4705 pacis
1087 4612 1307 4685 ῑΠῙΡθΡΓθῦῑῑῦὓθ
1321 4609 1454 4684 H⁰80¹¹I⁸
1471 4609 1605 4680 idiiflnm
1621 4617 1757 4674 milret
1777 4633 1839 4674 cum
1858 4620 1900 4669 Ia

470 4703 570 4773 qratia
590 4703 764 4758 oorroeainat.
1087 4701 1169 4768 sallo,
1194 4701 1312 4758 nolebat
1333 4704 1431 4758 tamen
1456 4699 1557 4771 ipsum
1582 4700 1727 4762 fraudari
1750 4723 1770 4763 a
1790 4700 1901 4778 prefiniti

245 4793 276 4848 la
293 4791 391 4865 regnis
415 4790 651 4847 Letharieasium
672 4808 784 4848 necnon
800 4792 978 4850 Francorum
993 4793 1032 4850 si·
1089 4791 1228 4863 temporis
1243 4789 1347 4863 spatio,
1364 4791 1471 4860 putans
1486 4788 1635 4859 juvenem
1659 4809 1717 4865 per
1739 4793 1899 4866 discipbm

207 4879 435 4938 multatioaibus
470 4879 577 4936 exerite
606 4880 846 4953 quampluribus,
877 4882 1035 4954 imperator
1088 4897 1173 4937 suam
1189 4881 1225 4937 ed
1240 4877 1371 4936 veritatis
1385 4876 1462 4933 nam
1477 4891 1566 4948 posse
1582 4878 1900 4952 revowimisaeimis

201 4960 352 5029 'uolricus
369 4973 397 5024 et
412 4984 462 5024 rex
486 4969 665 5025 Francorum
681 4970 823 5026 Hearicus
838 4974 871 5026 nt
886 4987 935 5027 eas
950 4972 1033 5028 sada·
1089 4987 1149 5027 sua
1159 4967 1324 5043 ignorantie
1334 4984 1351 5024 a
1361 4969 1438 5023 recto
1448 4965 1648 5024 deviaret.Sia
1659 4967 1899 5030 sicAasellnsanl

206 5065 274 5119 rent
301 5060 337 5116 ad
363 5056 545 5130 colloquium
566 5060 836 5131 convenerunt,sed
865 5058 1036 5133 imperfecta
1089 5054 1631 5130 latenasimpetrarevalnitprecevel
1647 5062 1897 5134 preconcinunt

206 5167 278 5224 pace
294 5150 503 5207 discesserunt.
520 5147 578 5204 Nec
593 5147 686 5204 multo
706 5152 773 5220 post
785 5149 928 5206 ilenrieus
942 5150 1035 5222 impe·
1090 5145 1307 5204 castellaturam
1319 5161 1404 5203 susm
1414 5143 1557 5216 reciperet
1567 5142 1600 5200 ia
1613 5146 1668 5205 die
1679 5146 1897 5223 suoddeptoib

209 5245 290 5296 rator
300 5240 444 5312 presente
459 5252 534 5308 papa
543 5236 668 5306 Victore,
679 5236 729 5310 qai
740 5253 791 5309 pro
803 5237 900 5295 causis
911 5242 1035 5311 papatus
1090 5251 1147 5310 que
1158 5236 1241 5310 Hugo
1254 5234 1375 5292 honoris
1386 5233 1431 5290 sui
1441 5232 1663 5306 gubernaculo,
1675 5238 1775 5312 palam
1788 5237 1894 5295 contla

212 5343 263 5399 per
278 5328 427 5383 Romanos
442 5324 519 5381 mele
535 5330 686 5395 tractatus,
703 5325 780 5397 apud
796 5325 894 5398 ipsum
910 5342 1036 5400 conque·
1090 5327 1157 5385 fecit
1168 5326 1306 5382 omnibus
1316 5324 1392 5398 quod
1403 5321 1562 5380 claudebat
1570 5323 1603 5379 in
1620 5327 1743 5400 animc;
1755 5323 1891 5386 ramnulfi

209 5421 312 5471 stnrus
326 5419 456 5484 venerat,
473 5415 550 5472 diem
574 5414 681 5472 clausit
700 5418 873 5472 extremum.
889 5415 959 5473 Post
972 5419 1036 5498 ejus
1091 5415 1250 5489 quominus
1261 5429 1450 5488 cognosceres
1460 5427 1618 5481 eum,cum
1633 5418 1822 5487 prohiberent
1830 5409 1888 5472 aad

214 5507 338 5560 mortem
353 5521 420 5561 cum
437 5503 496 5561 filio
518 5505 582 5577 ejus
605 5504 729 5562 Hearico
753 5509 781 5561 et
805 5506 905 5579 regiae
928 5507 1036 5564 domno
1090 5503 1611 5579 etasatmagistertmodovercsue
1622 5508 1784 5578 potestatis
1793 5516 1885 5575 coneus

212 5609 289 5670 papa
303 5593 423 5663 arbitro,
436 5596 486 5654 sed
502 5593 691 5668 etjndicibus
701 5595 846 5670 episcopia
861 5600 890 5654 et
901 5596 1038 5672 principi
1090 5595 1181 5656 totins
1193 5593 1356 5670 magisterii
1374 5596 1403 5652 et
1417 5590 1580 5667 disciplina
1601 5601 1801 5674 contemptor,
1814 5597 1884 5663 fauit
