3892 6096
47 253 110 313 aas
675 246 1138 312 nrsnnrnovneoronun.
1695 268 1755 329 322

88 379 231 456 Nonplus
244 394 347 454 sapere
361 393 450 452 quom
461 380 574 452 oportet
587 392 812 452 sapere,0mnes
827 379 878 453 qui
892 381 921 448 Α
970 379 1009 436 Os
1033 378 1108 451 iusti
1124 378 1315 438 meditabitur
1325 382 1511 457 sapientiam,
1522 393 1553 448 et
1573 388 1675 468 lingua
1689 397 1754 470 eJ'us

50 472 111 531 sibi
127 470 262 527 videntur
276 467 426 541 sapientes
439 470 525 540 egent
540 468 697 525 attendere.
930 467 1069 540 loquetur
1079 466 1239 538 judicium.

88 559 318 634 Negligenteset
335 556 426 630 tepidi
440 556 532 613 variis
560 556 655 613 modis
684 560 754 614 sunt
777 557 877 613 admo·
965 555 1138 613 observabit
1163 561 1298 630 peccator
1322 560 1449 634 lustum,
1473 570 1501 622 et
1516 568 1652 629 stridebit
1666 590 1755 648 super

49 647 156 708 nendi,
930 661 998 702 eum
1016 643 1152 702 dentibus
1168 647 1242 703 suis.

87 732 878 811 Negligentieetotiositasbominemtrahuntadinter·
966 732 1071 790 Omnis
1098 750 1280 808 quaeeunque
1302 737 1395 795 voluit
1408 741 1550 802 Dominus
1563 748 1671 808 leeitin
1682 753 1754 810 coelo

51 827 139 884 itum,
933 825 962 878 et
971 821 1001 877 in
1011 825 1099 891 terra,
1115 822 1145 879 in
1159 825 1232 880 mari
1246 829 1276 882 et
1288 826 1319 882 in
1335 829 1472 889 omnibus
1486 836 1610 908 abyssis.

87 912 292 988 Negligentius
302 913 444 970 custodiri
459 911 533 969 solet
547 913 624 985 quod
640 912 769 969 eraditur
791 910 878 968 laeile
969 910 1061 968 Omne
1076 928 1199 985 regnum
1210 912 1241 969 in
1251 931 1293 986 ¹se
1311 915 1374 989 ipso
1390 918 1517 979 divisum
1531 925 1690 987 desolatur.

52 1021 140 1080 posse
154 1002 295 1077 reparari.
967 1001 1073 1057 Omnia
1087 1001 1239 1074 possibilia
1254 1010 1324 1061 sunt
1338 1008 1476 1065 credenti.

88 1094 154 1153 Non
167 1097 214 1150 est
228 1092 259 1148 in
274 1089 405 1148 hominis
417 1094 560 1164 potestate
573 1090 633 1147 vita
646 1090 736 1146 illius.
967 1089 1052 1145 Omni
1076 1089 1218 1165 plantatio
1246 1109 1335 1165 quam
1362 1113 1420 1154 non
1440 1099 1581 1172 plantavit
1596 1109 1681 1164 Pater
1694 1125 1754 1166 em·

88 1182 151 1239 Nisi
182 1181 233 1253 qui
248 1179 278 1236 in
298 1179 355 1236 fide
369 1183 460 1252 etspe
475 1179 615 1237 fundatus
630 1178 718 1235 luerit
731 1177 768 1235 ad
783 1176 878 1234 oberi-
930 1177 1024 1249 lestis,
1034 1179 1240 1238 eradicabitur.

52 1271 121 1330 latis
135 1287 210 1328 veras
226 1269 342 1326 culmen
357 1285 416 1325 non
432 1268 574 1325 essendit.
945 1311 949 1318 .
967 1266 1070 1323 Omnis
1085 1268 1136 1341 qui
1152 1269 1220 1325 lacit
1230 1275 1382 1343 peecatum
1398 1292 1500 1336 servus
1511 1286 1556 1338 est
1568 1287 1690 1357 peceati.

87 1359 176 1417 Nulla
189 1363 234 1416 eet
248 1360 286 1417 ad
298 1358 438 1414 virtutem
452 1357 521 1415 talis
534 1357 696 1414 exhortatio
703 1355 800 1430 qualis
815 1371 880 1429 peo-
967 1356 1070 1412 Omnis
1084 1356 1134 1428 qui
1147 1357 1221 1430 petit
1236 1360 1352 1433 accipit,
1362 1368 1392 1419 et
1405 1366 1456 1437 qui
1472 1371 1575 1441 quaerit
1598 1371 1707 1432 invenit
1723 1382 1753 1435 et

53 1456 187 1509 mmm
201 1448 373 1506 recordatio.
932 1443 1074 1518 pulsantti
1088 1445 1243 1518 aperietur.

85 1539 148 1596 Non
164 1540 339 1612 quaeruntur
353 1537 383 1593 in
398 1535 572 1594 Christianis
584 1534 679 1607 initio,
695 1535 747 1592 sed
759 1533 837 1591 finis.
968 1532 1070 1589 Omnis
1083 1534 1133 1606 qui
1150 1551 1181 1591 ss
1195 1535 1303 1593 exaltat
1318 1536 1522 1602 humiliabitur
1533 1551 1563 1606 st
1576 1551 1627 1622 qui
1652 1568 1683 1609 se
1697 1553 1753 1611 bu·

85 1625 429 1685 Nullivelmalevelbene
446 1624 589 1699 contingit
601 1627 722 1698 propter
738 1640 769 1680 se
781 1620 878 1681 solum
932 1620 1028 1678 miliat
1038 1622 1223 1680 exaltabitur.

53 1719 102 1776 sed
127 1722 162 1775 ut
187 1715 277 1774 simul
293 1715 341 1772 alii
356 1715 542 1788 corrigantur
554 1718 606 1770 aut
620 1711 809 1771 consolentur
826 1727 917 1819 perB
968 1709 1070 1768 Omnis
1085 1713 1248 1787 arborque
1264 1731 1321 1770 non
1337 1717 1405 1774 lacit
1415 1720 1542 1781 lructum
1553 1714 1755 1800 bo‘num,exci·

54 1807 149 1865 qum
933 1799 1020 1856 detur
1034 1800 1102 1856 etin
1113 1801 1210 1874 ignem
1226 1802 1367 1861 mittetur.

86 1895 212 1953 Nullum
226 1898 342 1953 constat
356 1892 480 1963 malum,
496 1909 552 1965 quo
567 1893 645 1950 Deus
658 1908 716 1950 non
732 1894 832 1949 utatur
842 1889 877 1946 ad
969 1888 1178 1947 Omnibabenti
1190 1893 1309 1952 dabitur
1319 1913 1325 1952 :
1337 1899 1413 1956 abeo
1425 1905 1522 1959 autem
1533 1906 1584 1977 qui
1598 1908 1756 1968 nonhabet

55 1984 176 2058 aliquod
191 1985 313 2042 bonum.
933 1981 961 2034 ct
976 1980 1053 2050 quod
1069 1978 1157 2037 babet
1172 1983 1320 2043 auferetur
1329 1990 1365 2046 ab
1380 2006 1423 2048 eo.

87 2075 182 2132 Nemo
196 2073 227 2130 in
239 2072 369 2130 Ecclesia
378 2071 507 2145 emplius
521 2074 607 2130 nocet
619 2087 708 2144 quam
732 2070 794 2142 qui,
816 2086 880 2142 per·
969 2065 1061 2124 Omne
1075 2074 1228 2142 peceatum
1239 2079 1268 2130 et
1282 2076 1465 2152 blasphemia
1483 2084 1647 2143 remittetur
1660 2088 1755 2147 bomi-

53 2182 139 2223 rerse
153 2180 256 2237 agens,
273 2162 402 2236 regimen
418 2165 505 2218 tenet.
934 2154 1043 2225 nibus3
1059 2158 1186 2231 Spiritus
1198 2167 1296 2220 autem
1311 2164 1496 2241 blasphemie
1509 2188 1567 2228 non
1588 2176 1754 2235 remittetur

89 2253 139 2311 Nil
167 2254 308 2326 cuiquam
336 2251 467 2325 proderit
494 2250 634 2308 aestimari
664 2253 795 2319 sanetus,
812 2264 880 2304 eum
969 2244 1065 2317 Orate,
1081 2262 1116 2302 an
1132 2248 1201 2321 iuga
1214 2256 1311 2310 vestre
1325 2255 1375 2311 ssat
1390 2256 1486 2316 bieme
1499 2259 1543 2317 vel
1560 2264 1693 2323 sabbato.

53 2342 180 2400 nonsit.
969 2333 1055 2390 Omni
1085 2339 1215 2409 tempore
1243 2341 1364 2401 benedic
1383 2345 1485 2421 Deum,
1501 2353 1530 2406 et
1544 2356 1609 2423 pete
1624 2354 1707 2412 abeo
1722 2361 1755 2412 ut

89 2431 306 2489 Nitorrestium
315 2430 518 2504 pretiosarum
528 2432 645 2502 separat
660 2443 779 2501 aregno
794 2426 882 2482 coelo·
933 2423 996 2480 vias
1010 2428 1077 2482 tuas
1091 2427 1207 2500 dirigat.

55 2538 133 2579 rum.
970 2512 1057 2569 Omni
1073 2516 1188 2589 negotio
1199 2522 1318 2593 tempus
1333 2527 1416 2581 estet
1426 2530 1641 2599 opportunitas.

90 2609 188 2666 Nimis
202 2607 329 2664 dolenda
343 2606 664 2680 presumptio‚quodea
679 2604 757 2661 mala
772 2620 881 2677 praesu·
971 2601 1058 2659 Omni
1086 2606 1220 2664 custodia
1233 2625 1316 2667 serva
1330 2627 1380 2669 cor
1389 2617 1557 2689 tuum,quie
1570 2635 1605 2675 ex
1619 2621 1683 2694 ipso
1699 2622 1757 2680 rita

56 2702 144 2755 munt
166 2695 329 2754 Christiani
357 2712 421 2767 qua
450 2699 639 2751 exsecrantur
662 2694 788 2766 pagani:
812 2708 881 2750 nem
935 2692 1076 2764 procedit·

56 2786 217 2844 Christiani
234 2785 283 2842 Dei
298 2784 343 2842 sui
359 2788 585 2857 sanctorumque
599 2783 755 2839 destruunt
779 2798 881 2839 mona·
973 2780 1145 2840 Oecasiones
1161 2787 1266 2857 querit
1281 2788 1330 2861 qui
1347 2790 1407 2847 vult
1420 2796 1554 2852 recedere
1567 2797 1604 2853 ab
1615 2800 1720 2857 amieo.

57 2876 168 2945 stetim
184 2874 291 2949 pagani
306 2879 403 2931 autem
418 2877 660 2930 suavenerantur
674 2871 761 2929 idola.
972 2870 1078 2928 Omnia
1100 2872 1145 2930 lac
1174 2891 1241 2932 eum
1270 2879 1403 2949 consilio,
1430 2887 1459 2940 et
1486 2890 1551 2958 post
1572 2886 1682 2946 laetum
1698 2905 1756 2947 non

93 2966 186 3023 Nemo
199 2963 320 3036 nobilis,
332 2964 389 3020 nisi
403 2979 491 3036 quam
507 2962 642 3020 nobilitat
654 2962 758 3018 virtus.
935 2960 1100 3033 poenitebis.
1757 2958 1760 2963 ’

93 3054 159 3112 Nisi
172 3052 384 3128 quistimorem
392 3068 580 3125 amoremque
589 3052 639 3108 Dei
648 3056 715 3108 ante
730 3067 761 3108 se
771 3049 883 3123 jugiter
973 3048 1075 3106 Omnis
1090 3051 1266 3123 sapientiae
1285 3059 1407 3118 Domino
1421 3061 1479 3120 Deo
1494 3067 1539 3121 est
1557 3069 1588 3123 et
1614 3083 1683 3125 oum
1709 3067 1758 3126 illc

57 3148 161 3218 ponat,
176 3142 262 3200 citius
277 3141 308 3199 in
324 3140 441 3214 aliquod
457 3146 609 3214 peecatum
623 3140 741 3197 labitur.
895 3122 917 3190 C
936 3138 1127 3212 luitsemper.

95 3232 144 3289 Nil
158 3233 234 3290 seire
246 3231 292 3288 vel
307 3248 420 3302 curere,
437 3230 492 3287 hoo
507 3234 551 3287 est
565 3235 715 3287 mortuum
729 3229 834 3286 vivere.
975 3226 1080 3284 Odium
1109 3230 1231 3288 suscitat
1246 3232 1334 3302 rixas,
1349 3239 1379 3291 et
1398 3236 1534 3297 universa
1548 3241 1654 3299 delicta
1667 3244 1762 3318 operit

94 3320 146 3378 Nil
161 3326 247 3394 petas
259 3321 565 3394 quodnegaturuses.
939 3316 1078 3373 ebaritas.

93 3410 194 3467 Nemo
208 3408 396 3481 periculosius
411 3413 511 3481 peceat
526 3424 615 3481 quam
640 3408 690 3481 qui
699 3411 819 3481 peecata
833 3406 886 3463 de·
975 3404 1077 3463 Omnis
1100 3422 1166 3464 caro
1192 3407 1312 3481 imnum,
1335 3415 1364 3468 et
1376 3413 1473 3472 omnis
1487 3415 1581 3490 gloria
1594 3419 1661 3490 eJ'us
1673 3421 1759 3494 quasi

59 3499 169 3559 tondit.
940 3494 995 3552 llos
1010 3494 1083 3568 agri.

95 3589 193 3647 Nemo
208 3603 241 3645 se
254 3586 326 3645 satis
341 3588 437 3645 meliri
454 3586 590 3661 prevalet
600 3586 657 3644 nisi
672 3586 797 3643 alterum
817 3600 886 3641 eon·
976 3582 1082 3641 Omnia
1095 3591 1320 3659 operaturunus
1334 3593 1422 3663 atque
1435 3591 1513 3651 idom
1532 3594 1668 3668 Spiritus,
1684 3596 1761 3655 divi·

61 3678 185 3736 niderst
941 3672 1014 3729 dene
1029 3672 1155 3746 singulis
1169 3678 1338 3748 proutvult.

97 3767 164 3824 Non
178 3767 262 3823 vives
278 3765 363 3824 aliter
376 3765 406 3822 in
423 3764 591 3837 solitudine,
608 3763 691 3821 aliter
706 3763 736 3821 in
752 3764 825 3821 loro.
977 3761 1069 3819 Omne
1084 3764 1281 3839 quodeunque
1297 3767 1392 3825 laoitis
1407 3769 1437 3826 in
1452 3772 1539 3829 uerbo
1554 3777 1605 3829 aut
1619 3773 1649 3830 in
1664 3791 1761 3848 opere,

97 3855 192 3930 Negat
202 3855 259 3914 sibi
275 3856 339 3929 ipse
353 3856 404 3927 qni
419 3856 496 3928 quod
511 3852 630 3911 difficile
642 3857 671 3910 et
684 3853 767 3926 petit.
943 3853 1042 3908 omnis
1055 3852 1086 3907 in
1101 3854 1219 3911 nomine
1232 3855 1348 3913 Domini
1361 3858 1443 3930 lesu,
1454 3860 1565 3933 gratim
1576 3867 1696 3936 agentes
1706 3869 1764 3921 Deo

99 3944 146 4001 lt'il
160 3960 305 4018 magnum
319 3945 408 4002 estin
423 3945 511 4001 rebus
526 3943 674 4016 humanis,
692 3942 748 3998 nisi
772 3941 889 3999 enimus
943 3939 1021 3995 Patri
1033 3957 1084 4013 per
1096 3941 1195 4014 ipsum

63 4050 176 4108 magna
189 4033 364 4108 despiciens.
979 4028 1284 4090 Omnesunenimesin
1296 4035 1427 4112 oratione
1435 4040 1765 4114 estote,eompatientes‚

103 4122 184 4179 Nulli
197 4121 335 4195 imponas
350 4121 427 4193 quod
444 4121 507 4194 ipse
521 4120 582 4193 pati
598 4136 656 4176 non
671 4123 764 4193 potes.
944 4118 1135 4176 fraternitatis
1172 4127 1329 4194 amatores,
1373 4126 1589 4198 misericordes,
1629 4128 1766 4196 modesti,

100 4209 354 4285 Nemopositusiu
375 4209 480 4267 saeeulo
500 4205 889 4275 securusabrsnuntiatillo‚
944 4205 1082 4265 humiles.

100 4298 166 4355 Non
181 4298 280 4367 homo,
294 4315 351 4356 non
367 4315 473 4356 aurum
489 4302 626 4372 poterunt
645 4298 715 4354 dare
743 4312 891 4369 quemque
981 4295 1073 4353 Omne
1086 4298 1228 4370 gaudium
1243 4301 1418 4372 existimate,
1440 4321 1507 4362 com
1536 4307 1567 4362 in
1590 4308 1767 4366 tentationes

748 4384 891 4457 [beatum
944 4385 1041 4443 varias
1055 4384 1228 4445 incideritis.

102 4478 163 4534 Sed
176 4477 283 4534 virtute
298 4477 347 4534 [tei
362 4476 497 4534 consistit
509 4476 569 4533 vita
583 4475 670 4533 beati.
906 4494 930 4560 D
981 4474 1084 4531 Omnis
1099 4477 1149 4548 qui
1165 4477 1226 4534 odit
1238 4478 1357 4535 fratrem
1372 4497 1471 4549 suum,
1488 4481 1636 4540 homicida
1649 4488 1704 4542 est.

66 4566 116 4623 ltit
129 4572 253 4641 peccent
267 4566 353 4640 oculi,
370 4566 395 4625 si
416 4582 500 4623 mens
513 4564 583 4622 velit
605 4565 653 4621 bis
680 4563 837 4620 dominari.
974 4562 1105 4621 ‘Obedire
1119 4570 1233 4637 oportet
1247 4571 1305 4624 Deo
1317 4569 1411 4641 magis
1423 4584 1512 4640 quam
1527 4569 1707 4628 bominibus.
1741 4590 1745 4597 ·

68 4655 132 4712 b'on
145 4656 254 4730 poterit
267 4656 324 4713 diei
333 4672 424 4730 quam
439 4654 531 4712 multa
545 4653 584 4711 sit
598 4671 646 4710 ars
660 4652 785 4723 inimici,
983 4651 1182 4710 Omnedatum
1193 4655 1337 4727 optimum
1349 4660 1378 4713 et
1388 4658 1592 4715 omnedonum
1603 4661 1767 4733 perlectum

69 4742 116 4801 ttit
131 4746 235 4804 credas
250 4748 358 4817 aetum,
375 4761 443 4801 eum
458 4743 619 4817 quidquam
632 4741 890 4813 reststagendum.
946 4740 1102 4797 desursum
1115 4747 1170 4811 est,
1186 4744 1366 4801 descendens
1379 4764 1396 4801 a
1410 4748 1494 4802 Patre
1509 4746 1667 4807 luminum.

73 4832 118 4889 Nil
132 4835 253 4908 prodest
263 4834 402 4892 didicisse
417 4834 540 4901 bonum,
551 4832 608 4888 nisi
624 4830 726 4888 leceris
736 4828 818 4886 illud.
982 4827 1091 4887 Oculus
1108 4848 1165 4887 non
1178 4832 1252 4888 vidit
1265 4836 1295 4889 et
1309 4834 1391 4891 auris
1406 4851 1463 4891 non
1473 4836 1585 4894 audivit
1597 4855 1604 4894 ε
1616 4840 1705 4896 necin
1720 4854 1771 4895 cor

72 4921 113 4980 tte
126 4924 243 4981 tardare
258 4922 340 4992 velis,
356 4923 382 4980 si
396 4938 485 4996 qoem
501 4925 666 4979 convertere
681 4918 777 4993 possis
946 4917 1076 4975 hominis
1086 4920 1229 4988 ascendit,
1245 4937 1309 4994 qua
1323 4925 1498 4998 preparavit
1518 4925 1596 4984 Deus
1625 4926 1772 5002 diligenti·

74 5009 161 5071 demo
176 5016 344 5081 coronatur,
359 5012 417 5069 nisi
432 5011 569 5069 certando
579 5013 735 5067 mereatur.
949 5007 1005 5064 bus
1021 5025 1062 5065 se.

75 5098 135 5158 lion
148 5106 195 5160 est
209 5101 304 5159 molta
317 5101 415 5167 sciens
428 5100 608 5167 laudandus,
623 5099 674 5155 sed
690 5098 763 5155 bene
782 5097 892 5155 vivens.
984 5096 1090 5154 Omnia
1118 5099 1228 5155 munda
1253 5101 1383 5169 mundis,
1407 5103 1605 5177 coinquinatis
1630 5108 1729 5163 eutem
1743 5108 1772 5161 et

77 5186 159 5248 Nisus
172 5189 333 5248 stultorum
348 5206 402 5264 par
414 5206 530 5262 semper
545 5192 624 5245 amat
634 5187 792 5245 sociorum.
949 5185 1118 5244 infidelibus
1133 5188 1206 5243 nibil
1219 5189 1374 5247 mundum.

76 5276 107 5334 lli
121 5279 210 5338 luerit
224 5294 335 5354 pugna,
350 5279 447 5336 reniet
460 5277 583 5336 victoria
597 5273 689 5334 nulla.
985 5274 1091 5332 Omnia
1106 5275 1203 5347 licent,
1220 5278 1270 5334 sad
1287 5295 1344 5335 non
1360 5279 1460 5337 omnia
1474 5282 1641 5355 expediunt.

375 5366 491 5425 CAPUT
504 5366 576 5424 xlv.
986 5363 1105 5436 Oportet
1118 5363 1287 5440 episcopum
1302 5366 1589 5441 irreprehensibilem
1618 5388 1695 5441 esse,
1725 5388 1772 5430 eo·

109 5458 190 5517 Oculi
203 5458 322 5520 Domini
337 5457 534 5533 superjustos
544 5453 781 5526 etsuresejusin
796 5467 897 5527 preces
986 5451 1095 5523 brium,
1111 5456 1294 5528 prudentem.

8 5604 10 5613 ,
75 5564 183 5610 aarum,
987 5541 1090 5601 Omnis
1104 5543 1267 5605 infidelium
1281 5547 1341 5611 vita
1355 5551 1577 5625 peceatumest.
