3892 6096
113 334 175 403 813
638 332 670 393 S.
693 331 859 395 ioannis
882 330 1105 395 dusmensi
1128 331 1298 394 usseris
1764 329 1820 394 891

150 467 196 523 25.
213 465 308 532 litium
324 469 439 523 consmt
452 465 488 525 ad
504 465 559 521 hoc
573 465 603 523 S.
616 463 713 524 uaris
727 464 938 531 monasterium
951 465 981 533 A
996 463 1097 538 igitur,
1107 468 1140 521 ut
1155 463 1290 521 diabolus
1306 463 1429 532 dixerat,
1440 461 1594 534 tristiores,
1614 478 1651 520 ac
1663 462 1725 520 huo
1739 478 1821 522 vane·

115 555 275 630 quemdam
299 555 510 612 aromatorinm
524 555 600 625 (135)
616 554 816 612 Florentinum
840 554 942 611 codem
996 556 1114 624 restet
1128 552 1154 611 si
1169 569 1271 610 omnes
1293 557 1357 609 tum
1380 551 1517 609 monachi
1532 556 1596 609 tum
1621 553 1820 612 Conveniens

116 646 177 705 iere
191 649 324 717 tempore
338 642 459 701 funibus
469 643 718 718 circumligatum,
731 644 822 702 esuis
832 644 940 700 deduc·
997 641 1084 699 solati
1100 641 1218 710 tuerint,
1235 642 1357 698 domum
1373 642 1484 698 rediere
1499 657 1595 698 suam.

115 739 180 793 tum
191 733 358 807 suisse3qui
370 733 525 806 quidemst
535 735 646 791 inurbe
656 737 942 805 exextraetquoquo
1031 732 1076 789 28.
1089 736 1173 788 dnus
1187 732 1321 803 quodam
1332 747 1367 787 ex
1376 730 1512 787 Millisrio
1527 734 1628 787 monte
1637 730 1728 803 (136),
1737 746 1822 804 qum

115 823 293 895 traheretur,
309 823 417 880 mirum
434 824 471 879 de
494 839 525 881 se
539 822 742 896 spectaculum
767 821 942 879 mortalibus
997 819 1141 877 ridiculus
1163 821 1309 877 invaserat
1324 822 1475 888 daemon,a
1488 820 1551 877 suis
1565 820 1603 875 ad
1627 818 1685 877 hoo
1699 819 1824 894 Virginis

116 912 256 972 omnibus
267 913 417 985 preberet.
425 912 498 969 Nam
511 912 588 970 ateli
598 912 942 984 torquebaturdsmonc,
997 909 1094 967 Meris
1110 909 1274 966 caenobium
1289 911 1378 966 ducta
1394 908 1624 981 est,juoundum
1635 909 1674 965 ds
1684 914 1756 966 sect
1768 910 1821 967 mi·

116 1007 150 1059 ut
160 1001 240 1059 varia
251 1002 287 1058 de
297 1005 367 1059 seet
381 1006 500 1073 stupore
515 1000 601 1074 plena
616 1000 818 1057 demonstrare
827 1015 943 1072 eogere·
998 997 1088 1053 rabile
1103 996 1303 1070 spectaculum
1320 996 1462 1069 prebens,
1473 999 1507 1051 nt
1517 994 1609 1052 etiam
1624 993 1774 1068 religiosis
1784 994 1823 1051 vi·

117 1094 181 1160 tur,
197 1090 347 1147 interdum
358 1091 471 1162 J'occsa,
487 1105 712 1161 nonnumquam
727 1089 836 1162 gravia,
850 1104 944 1161 quen·
998 1085 1049 1155 ris,
1060 1085 1202 1159 gravitate
1217 1086 1338 1153 erpelle,
1352 1084 1444 1143 risum
1461 1100 1677 1156 nonnunquam
1693 1088 1823 1142 concule-

118 1179 714 1253 doquovsroterribiliaverbaproterens.
742 1177 945 1234 Celerumuhi
999 1180 1053 1231 ret.
1069 1174 1187 1232 Damon
1203 1174 1280 1232 enim
1296 1180 1325 1231 et
1345 1174 1489 1247 hymnum
1511 1173 1688 1247 angelicum
1702 1172 1825 1247 otllvrie

38 1317 41 1321 .
119 1264 947 1341 locahaecsilvasquemonasteriiadivitbujusmodicla·
999 1263 1107 1321 eleison
1124 1262 1827 1337 quandoqueotiemetpaalmoscauens,itant

117 1359 251 1417 mitando
265 1358 353 1431 caepit
365 1362 394 1415 et
403 1373 453 1415 ore
468 1357 598 1415 hominis
607 1357 697 1413 verba
710 1356 859 1413 effundere
869 1372 876 1411 :
888 1355 945 1413 Nec
1000 1352 1158 1410 sacerdotis
1174 1353 1299 1426 alicujus
1314 1353 1445 1409 animam
1460 1357 1591 1425 putares,
1605 1351 1688 1410 haud
1703 1351 1826 1426 deripe

118 1447 186 1505 illac
201 1443 364 1518 irevelitis,
379 1462 480 1503 neme
501 1446 626 1503 trahatis
642 1444 803 1503 orozNihil
818 1444 898 1502 enim
912 1460 947 1501 ex
1001 1441 1162 1514 teratquiu
1179 1458 1237 1514 prs
1252 1441 1371 1500 insolita
1393 1459 1423 1498 re
1447 1442 1540 1499 ιίειιιιι
1563 1440 1766 1514 praesentibus
1779 1443 1826 1499 da·

118 1537 167 1595 bis
180 1552 245 1609 qus
259 1535 381 1609 optatis,
395 1535 456 1607 det,
467 1535 528 1593 imo
543 1541 572 1592 et
585 1535 691 1608 majori
705 1533 828 1592 tristitie
839 1533 948 1590 redihi·
1001 1534 1060 1601 ret;
1075 1530 1225 1589 interdum
1238 1547 1306 1588 vero
1330 1530 1490 1589 sacerdotis
1509 1533 1599 1604 jussu
1613 1530 1664 1588 his
1679 1528 1826 1589 silentium

119 1625 158 1683 tis
172 1626 209 1683 sd
225 1624 342 1693 urbem,
356 1641 390 1683 ac
405 1640 484 1683 nunc
499 1625 714 1682 monesterium
727 1640 830 1681 versus
844 1638 947 1695 perga·
1001 1617 1123 1690 faciens,
1134 1622 1168 1675 ut
1178 1619 1209 1675 in
1224 1636 1285 1676 rem
1296 1635 1381 1677 suam
1397 1620 1453 1677 iret
1462 1620 1678 1692 conjurabatur
1693 1635 1701 1677 r
1716 1618 1771 1678 Cui
1782 1617 1826 1677 illo

119 1715 169 1779 tis.
185 1714 237 1775 liis
251 1713 339 1770 dictis
354 1712 504 1771 conticuit.
520 1713 587 1771 ilaec
602 1713 632 1769 in
648 1712 753 1771 itinere
766 1711 876 1770 dixisse
890 1712 948 1769 da·
1002 1708 1185 1766 cachinnans
1204 1708 1302 1782 inquit
1316 1725 1323 1765 :
1339 1709 1502 1766 macedam
1517 1708 1573 1766 alio
1591 1727 1599 1767 a
1614 1709 1643 1767 si
1662 1724 1713 1767 rus
1726 1706 1825 1782 paulu·

120 1818 240 1861 monem
255 1819 272 1859 a
286 1800 440 1858 nonnullis
464 1801 515 1872 qui
535 1801 748 1869 aderant,eum
766 1803 885 1858 rentum
904 1804 950 1858 eet
1002 1795 1264 1871 lumentipbonam
1271 1795 1825 1871 eeupsalmumoanereJusseritis,nuih'

119 1891 155 1951 sd
170 1889 348 1958 ooenohium,
360 1904 521 1961 cognovere
534 1888 679 1947 monachi.
691 1890 764 1946 Cum
777 1888 869 1963 igitur
877 1905 946 1947 eum
1002 1888 1133 1944 vestrum
1148 1887 1178 1942 in
1193 1886 1347 1961 psallendo
1362 1892 1391 1944 at
1412 1886 1465 1944 rite
1484 1886 1615 1944 canendo
1629 1885 1768 1945 ocdersm
1782 1888 1826 1944 :si

118 1979 191 2039 socii
204 1980 287 2052 [non]
302 1977 360 2039 nivi
383 1994 492 2052 magns
506 1978 534 2036 vi
548 1977 696 2037 trahentes
711 1978 853 2035 deducere
877 1994 946 2052 pos·
999 1974 1146 2031 histlnitis
1157 1974 1271 2032 nullum
1282 1975 1821 2048 assuerdoteoxspsotansrssponmm

118 2070 194 2138 sent,
205 2067 236 2124 in
251 2065 424 2140 hujusmodi
435 2066 594 2124 certamine
608 2070 724 2124 tanturn
737 2082 946 2140 consumpsere
1000 2063 1125 2123 dulciter
1134 2081 1214 2121 more
1222 2063 1307 2123 solito
1315 2064 1447 2123 divinum
1459 2063 1572 2138 aliquid
1580 2064 1717 2123 canendo
1724 2064 1822 2123 (ΕΜ

118 2154 268 2230 temporis,
286 2158 319 2212 ut
338 2156 402 2228 jem
416 2155 504 2213 tertia
520 2154 615 2215 noctis
636 2154 720 2228 lapsa
734 2154 807 2210 hore
821 2155 947 2212 adierint
1001 2153 1156 2225 Caeterum,
1169 2152 1322 2211 monachis
1343 2170 1456 2211 moram
1478 2153 1598 2228 longam
1612 2152 1646 2210 in
1659 2152 1822 2226 huiusmodi

117 2244 341 2317 monesterium.
1001 2241 1088 2315 nugis
1103 2247 1133 2299 et
1144 2242 1276 2300 ridiculis
1289 2241 1522 2301 convolantibus
1534 2242 1677 2315 perterre,
1687 2240 1823 2301 sacsrddi

152 2332 435 2401 thouiescentibus
456 2333 556 2405 itaqua
570 2330 600 2388 in
616 2331 761 2406 superiori
787 2336 869 2406 parte
883 2349 947 2390 mo·
1001 2331 1142 2388 adecano
1157 2330 1335 2404 imperatum
1351 2331 1416 2401 luit,
1433 2337 1466 2388 ut
1481 2331 1528 2388 his
1542 2330 1703 2389 cantilenis
1714 2330 1823 2405 juberet

119 2421 297 2494 nachis,qui
312 2420 342 2477 in
357 2420 488 2477 interiori
509 2420 701 2493 hospitalitati
720 2425 864 2494 preerant
877 2425 947 2479 Con·
1001 2416 1824 2493 finpmimponi.Quidmultisopueestitandemduiciler

119 2509 208 2578 versi,
220 2512 254 2565 ut
267 2525 318 2565 eos
332 2507 492 2566 honorilice
507 2524 589 2565 mors
610 2509 696 2565 solito
710 2509 862 2580 haberent,
873 2526 944 2583 ope·
1002 2509 1145 2576 cauendo,
1157 2510 1269 2582 absque
1279 2509 1339 2566 ulla
1350 2509 1474 2566 anicula
1486 2508 1615 2582 laesione,
1622 2514 1659 2567 ut
1668 2509 1775 2581 fertur,
1782 2508 1821 2567 ls-

121 2613 185 2655 ram
195 2586 317 2665 dedere;
327 2612 430 2653 verum
439 2612 506 2652 cum
516 2597 630 2654 damon
643 2597 840 2655 miserabilem
848 2598 945 2656 virum
1001 2596 1097 2653 titiam
1110 2598 1269 2669 quamdam
1283 2598 1453 2666 ostendens,
1462 2598 1545 2655 abiit.
1552 2598 1599 2655 Sio
1608 2597 1664 2656 illa
1674 2596 1822 2657 incolumis

122 2684 229 2745 suntor
242 2701 345 2743 vexare
368 2701 426 2741 non
441 2684 605 2752 desisteret,
621 2701 748 2758 eumque
771 2686 947 2747 suffocatum
1002 2686 1032 2742 S.
1043 2686 1150 2742 loanni
1165 2686 1277 2759 gratias
1291 2702 1381 2759 agens
1397 2687 1520 2744 domum
1534 2688 1685 2746 concessit
1698 2704 1795 2747 suam.

121 2773 210 2848 paulo
224 2777 292 2847 post
305 2773 619 2841 affirmaret-conversi
631 2774 682 2847 qui
698 2775 829 2842 aderant,
840 2775 948 2848 pietate
1035 2775 1080 2831 29.
1090 2775 1135 2831 Ad
1147 2792 1200 2833 nos
1215 2792 1309 2848 usque
1321 2776 1401 2833 lama
1413 2775 1560 2849 perlatum
1570 2780 1671 2845 estex
1679 2776 1820 2835 Flaminis

122 2862 205 2933 moti,
216 2862 361 2920 decanum
375 2862 454 2921 illico
468 2862 609 2920 accersire
623 2867 809 2919 curaverunt.
820 2863 947 2923 Veniens
1000 2863 1075 2935 (137)
1085 2863 1235 2934 provincia
1251 2864 1412 2936 quemdam
1431 2863 1561 2938 ingentis
1584 2866 1725 2938 corporis
1736 2880 1819 2923 sac*

121 2951 212 3024 igitur
221 2952 251 3009 S.
262 2950 385 3011 ioannis
396 2966 512 3008 erucem
524 2967 592 3009 mox
597 2951 690 3024 jussit
699 2952 795 3009 atierri
806 2970 813 3022 ;
827 2953 890 3026 ipse
904 2953 947 3010 in·
1000 2952 1099 3011 dotem
1111 2954 1147 3010 ad
1158 2953 1213 3010 boc
1223 2954 1253 3010 3.
1264 2953 1362 3011 Maris
1374 2951 1586 3011 monasterium
1595 2955 1734 3025 renisam
1743 2969 1818 3028 quan

121 3039 208 3109 terim
220 3038 304 3097 llexis
315 3038 439 3113 genibus
448 3040 572 3097 orationi
583 3040 704 3097 instare.
716 3041 857 3097 Getarum
868 3046 947 3099 ante-
1000 3041 1114 3098 demon
1133 3041 1174 3098 ito
1187 3042 1357 3099 crudelibus
1371 3043 1493 3100 torturis
1508 3042 1651 3112 alliceret,
1663 3048 1700 3101 ut
1713 3060 1766 3103 uec
1778 3041 1817 3101 ubl

121 3143 211 3200 qvam
224 3125 295 3185 illuc
308 3143 376 3185 cum
395 3143 492 3199 cruce,
505 3127 614 3201 quihus
638 3128 815 3202 imperatum
839 3130 944 3204 luerat,
1000 3128 1817 3207 sisu,velnocturnoseudiurnotemporeqmeacsropos

120 3203 982 3286 ooncmsiseent,rdsmoniohomoillemisersbiliterestG
1000 3218 1113 3287 set,nisi
1123 3219 1265 3293 fatigatus
1275 3226 1305 3277 et
1313 3220 1435 3279 assiduo
1445 3220 1620 3294 ingentique
1631 3225 1814 3296 motucorpo·
1837 3298 1839 3303 Ι

118 3304 289 3363 sullevatus.
304 3305 438 3378 Cumque
459 3321 563 3363 omnes
576 3305 747 3378 hujusmodi
774 3309 945 3382 repentinus
999 3307 1041 3365 rie
1053 3309 1276 3379 defessue;tum
1287 3309 1384 3366 ubivis
1393 3310 1538 3380 locorum,
1549 3309 1580 3367 in
1590 3326 1674 3384 aqua
1682 3310 1815 3381 etiamst

118 3408 205 3453 ossus
219 3392 332 3451 debiles
346 3393 526 3453 reddidisset
537 3398 566 3451 st
575 3399 707 3466 moestos,
718 3397 849 3455 decanus
862 3403 947 3472 pater
999 3396 1078 3468 quod
1093 3396 1173 3455 dictu
1184 3397 1355 3456 incredibile
1371 3401 1425 3466 cst,
1437 3399 1521 3457 humi
1536 3414 1602 3457 sese
1617 3403 1814 3473 prosteruunt,

117 3480 450 3551 talisverbautsornn:
461 3481 591 3541 molliret
600 3483 869 3555 dolorem,exorsus
878 3491 944 3544 est:
998 3485 1099 3542 cibum
1114 3485 1263 3546 interdum
1279 3503 1337 3543 non
1359 3487 1418 3545 nisi
1440 3487 1577 3546 saltando
1590 3494 1724 3562 cuperet.
1735 3490 1815 3549 hohi

118 3568 168 3625 Dei
178 3568 293 3642 judicia
307 3586 375 3627 cum
391 3570 476 3628 nobis
491 3571 641 3645 incognita
655 3572 791 3644 existant,
802 3574 859 3632 sibi
875 3591 944 3648 pro·
999 3573 1232 3648 discriminibus,
1245 3592 1391 3648 sempera
1404 3581 1487 3649 tergo
1499 3576 1641 3637 manibus
1654 3577 1768 3653 ligatis,
1778 3576 1814 3635 val

117 3656 204 3729 lectu,
215 3661 248 3715 ut
263 3657 406 3732 propheta
419 3660 469 3728 ait,
485 3658 516 3715 in
532 3659 670 3717 omnihus
694 3663 724 3717 et
746 3662 782 3718 de
805 3663 945 3721 omnibus
999 3661 1137 3719 columne
1147 3663 1247 3737 aliqua
1257 3665 1327 3723 lune
1339 3665 1546 3738 circumsepta,
1554 3665 1601 3723 vel
1615 3666 1690 3726 viris
1703 3666 1814 3727 fortid-

117 3746 230 3820 gratias
243 3762 329 3822 egero
343 3751 490 3818 tenemur,
507 3747 749 3822 obligamurque:
762 3750 836 3807 nihil
853 3752 943 3821 enim,
999 3750 1056 3807 mie
1071 3752 1236 3821 tenebatur,
1250 3757 1356 3826 utque
1372 3754 1428 3811 iter
1442 3754 1561 3821 laceret,
1572 3755 1711 3829 undique
1724 3758 1762 3815 ad
1772 3754 1814 3813 her

118 3839 151 3891 ut
164 3834 432 3910 Evangeliasanota
442 3836 581 3907 referunt,
596 3836 653 3894 nial
663 3840 738 3895 nutu
748 3838 944 3899 divinoetiam
983 3842 1058 3895 'tam
1074 3839 1182 3897 mirum
1198 3841 1343 3898 invisendi
1357 3842 1453 3916 gratia
1466 3842 1674 3915 spectaculum
1691 3842 1815 3905 mortalit

118 3924 486 3997 parvulsevepireaertum
497 3927 621 3993 setoso
633 3928 742 3985 circaet
755 3927 944 3985 moestitiass-
998 3928 1213 4001 cujuscumque
1236 3947 1324 3989 sexus
1342 3936 1372 3989 et
1391 3932 1508 4006 generis
1529 3934 1815 4007 consummandas

118 4027 186 4072 nem
201 4013 292 4081 detis3
315 4013 480 4087 insaporet
495 4031 618 4087 corpora
640 4015 705 4074 cibo
728 4016 882 4089 paululum
898 4034 943 4076 re·
998 4016 1146 4090 imprimis
1156 4019 1322 4076 inauditum
1333 4037 1434 4086 casum
1445 4018 1814 4093 demirantes;ceistssill

118 4099 223 4157 creetis
236 4116 303 4169 oro;
329 4117 367 4157 ne
394 4100 465 4157 dum
480 4101 580 4171 vultis,
593 4106 627 4159 ut
640 4105 835 4175 quorumdam
864 4105 944 4163 haud
996 4105 1186 4163 vehementer
1195 4108 1447 4176 commiserantes,
1455 4109 1532 4167 alter
1543 4110 1631 4169 alteri
1643 4108 1812 4185 inqmtzllso

117 4186 252 4261 picotum
269 4187 420 4263 ingenium
436 4194 491 4258 est,
503 4190 671 4248 mortalium
682 4208 769 4250 casus
783 4194 945 4253 sinemodo
997 4194 1065 4267 quis
1080 4211 1168 4252 casus
1183 4195 1251 4252 huic
1267 4196 1376 4255 misero
1397 4198 1503 4255 occidit
1517 4199 1690 4257 sacerdoti?
1702 4196 1814 4259 Probl-

117 4274 234 4347 detlore,
245 4279 274 4335 et
286 4277 459 4351 corporibus
472 4278 681 4338 detrimentum
697 4283 811 4340 adferre
822 4299 829 4338 ε
841 4289 872 4341 et
888 4285 944 4342 ileo
997 4282 1065 4340 dem
1079 4283 1129 4341 Dei
1145 4289 1233 4357 atque
1248 4285 1419 4344 hominuml
1435 4286 1510 4353 Quid
1525 4285 1581 4345 boo
1594 4288 1661 4347 esti
1680 4288 1721 4349 uc
1732 4302 1814 4349 w

117 4379 179 4422 rem
194 4381 254 4423 non
267 4371 381 4441 gratam
396 4368 491 4425 lacere
504 4370 644 4443 pergatis.
997 4370 1081 4429 dotes
1094 4372 1145 4431 Dei
1160 4374 1191 4429 in
1202 4373 1374 4447 hujusmodi
1389 4375 1574 4434 atrocissima
1583 4377 1759 4437 devenerint
1769 4380 1815 4433 tor

150 4454 196 4511 27.
208 4453 260 4513 liis
274 4455 375 4529 itaque
389 4460 418 4513 et
431 4456 498 4515 aliis
517 4459 613 4517 verbis
627 4474 678 4516 eos
693 4460 823 4519 decanus
837 4461 942 4519 exhor·
998 4466 1109 4531 menta;
1128 4462 1233 4521 saltem
1244 4462 1302 4521 allo
1313 4464 1416 4536 quovis
1427 4465 1531 4525 morbo
1545 4463 1714 4539 laborarem
1727 4467 1814 4539 stiur·

114 4546 193 4619 tans,
207 4544 389 4604 miserabiles
404 4544 457 4616 illi,
468 4545 622 4622 paululum
634 4548 745 4607 viribus
757 4550 886 4622 corporis
900 4567 945 4609 re·
956 4568 984 4639 1)
997 4549 1057 4606 tius
1072 4560 1102 4607 et
1114 4549 1298 4609 tolerabilius
1310 4552 1423 4623 judicio
1439 4569 1504 4611 meo
1518 4558 1608 4625 esset,
1622 4559 1659 4613 ut
1672 4556 1757 4627 subd.
1766 4567 1811 4629 ps·

115 4633 274 4706 cuperetis,
291 4651 349 4692 non
363 4634 427 4693 sins
442 4635 554 4710 ingenti
573 4636 713 4695 mestitia
734 4653 887 4711 sumpsere
900 4641 942 4697 ci·
996 4638 1106 4711 dagris,
1121 4640 1251 4715 syncopi,
1268 4642 1438 4714 murisque
1457 4643 1627 4701 afficeretur
1644 4639 1813 4703 infirmitati-

115 4722 943 4799 bum;postridieveropsalmisoxChristianatraditione
996 4727 1140 4786 busflso
1163 4733 1234 4788 tunc
1255 4734 1318 4788 erat
1342 4747 1477 4789 murmur
1490 4731 1571 4806 vulgi
1595 4733 1632 4791 de
1657 4732 1816 4801 sacerdota

115 4809 290 4885 decantatis,
301 4812 426 4870 cadaver
441 4814 536 4886 ipsius
550 4816 580 4872 in
596 4816 760 4875 cemeterio
770 4820 850 4877 extra
864 4817 942 4879 lones
997 4816 1107 4889 quibus
1120 4832 1186 4876 vera
1209 4835 1294 4877 mens
1317 4820 1417 4878 sanior
1438 4828 1614 4889 cretaceus
1637 4823 1762 4893 confirm
1773 4819 1816 4879 ie.

115 4897 244 4957 ecclesis
259 4900 317 4959 aito
331 4903 416 4957 terra
431 4903 601 4974 reddidere;
616 4905 733 4978 cognito
748 4910 847 4965 tamen
863 4923 942 4966 aso·
996 4922 1122 4980 eumque
1135 4907 1166 4962 in
1179 4907 1241 4965 suis
1254 4909 1393 4967 omnibus
1402 4909 1527 4982 judiciis
1537 4908 1726 4975 laudandum
1739 4906 1816 4971 smol·

115 4985 170 5044 uiis
183 4989 263 5059 qvod
278 4988 413 5063 religiose
422 4994 452 5047 ct
466 4991 588 5050 honeste
601 4992 693 5052 vitam
703 4994 825 5054 duxerat
834 5012 941 5055 suam:
996 4994 1176 5067 laudumque
1189 4997 1358 5055 censebant.

115 5077 269 5136 annuatim
287 5079 379 5151 enim,
394 5083 429 5137 ut
451 5081 529 5139 sacri
551 5081 653 5141 volunt
674 5100 813 5157 canones,
828 5085 864 5142 de
877 5085 941 5144 suis
1031 5085 1075 5141 30.
1087 5085 1222 5157 Densum,
1237 5103 1295 5145 non
1310 5087 1374 5145 sine
1389 5103 1497 5161 magno
1509 5088 1653 5149 comitum
1666 5086 1814 5161 laborant

114 5165 274 5225 sceleribus
288 5167 433 5227 humilem
444 5169 503 5227 lieo
513 5173 543 5227 et
557 5171 703 5228 sacerdoti
713 5166 941 5233 lecaratoonles-
994 5173 1160 5233 ooenobium
1172 5175 1252 5232 istud
1263 5175 1408 5235 deductus
1417 5182 1479 5237 est:
1490 5177 1815 5253 ausoniaque-dire

114 5252 238 5313 sionem.
252 5254 282 5312 ei
295 5256 375 5316 enim
394 5274 480 5317 secum
492 5259 583 5316 vitam
597 5275 683 5317 suam
706 5260 893 5347 instituisset,
907 5263 940 5321 in
995 5263 1033 5318 rit
1046 5263 1174 5335 egeritve
1187 5263 1250 5336 ipse
1265 5263 1390 5332 damon,
1403 5265 1494 5324 etiem
1514 5282 1639 5325 summa
1656 5262 1814 5342 eloqui&

112 5341 176 5399 loco
191 5359 249 5400 non
264 5362 348 5403 sacro
363 5349 487 5406 cadaver
500 5347 574 5406 illud
591 5349 801 5409 condidissent.
812 5352 939 5410 comites
994 5351 1150 5423 praedictus
1164 5368 1300 5410 enarrare
1315 5357 1434 5426 posset:
1446 5355 1509 5411 dies
1523 5355 1647 5430 insuper
1660 5372 1710 5416 me
1720 5356 1812 5417 dedeo

161 5463 476 5551 l35it'31guitlcatur,ut
490 5471 604 5545 opinor,
615 5471 666 5545 qui
679 5472 780 5529 vendit
794 5480 936 5548 aromata,
1027 5477 1101 5547 (137)
1120 5475 1263 5535 Flaminia
1280 5476 1361 5552 ragio
1375 5477 1508 5550 AEmilio,
1541 5497 1586 5539 um
1606 5498 1689 5542 nuno
1702 5483 1811 5543 dmm·

110 5536 439 5668 nisliiiriiiiihium
455 5560 526 5617 agro
544 5544 775 5616 casentino,qui
791 5547 936 5605 estditio-
990 5546 1198 5695 &pudicitam
1213 5550 1249 5608 de
1274 5567 1333 5625 qua
1353 5549 1469 5625 οείιιιιιι
1484 5551 1515 5610 in
1553 5553 1811 5617 aecumenica
