<?xml version="1.0" encoding="UTF-8"?>
<!DOCTYPE html PUBLIC "-//W3C//DTD XHTML 1.0 Transitional//EN"
    "http://www.w3.org/TR/xhtml1/DTD/xhtml1-transitional.dtd">
<html xmlns="http://www.w3.org/1999/xhtml" xml:lang="en" lang="en">
 <head>
  <title>
</title>
<meta http-equiv="Content-Type" content="text/html;charset=utf-8" />
  <meta name='ocr-system' content='tesseract 3.04.00' />
  <meta name='ocr-capabilities' content='ocr_page ocr_carea ocr_par ocr_line ocrx_word'/>
</head>
<body>
  <div class='ocr_page' id='page_1' title='image "./patrologiaecurs01unkngoog_0142.png"; bbox 0 0 3884 6090; ppageno 0'>
   <div class='ocr_carea' id='block_1_1' title="bbox 108 324 1814 397">
    <p class='ocr_par' dir='ltr' id='par_1_1' title="bbox 108 324 1814 397">
     <span class='ocr_line' id='line_1_1' title="bbox 108 324 1814 397; baseline -0.004 -2"><span class='ocrx_word' id='word_1_1' title='bbox 108 324 167 388; x_wconf 70' lang='lat'>27³</span> <span class='ocrx_word' id='word_1_2' title='bbox 644 387 646 392; x_wconf 92' lang='lat'>.</span> <span class='ocrx_word' id='word_1_3' title='bbox 700 331 750 393; x_wconf 78' lang='lat' dir='ltr'>DE</span> <span class='ocrx_word' id='word_1_4' title='bbox 772 332 970 394; x_wconf 73' lang='lat' dir='ltr'>Deeratne</span> <span class='ocrx_word' id='word_1_5' title='bbox 992 335 1224 397; x_wconf 77' lang='lat' dir='ltr'>SPlltlTUhLl.</span> <span class='ocrx_word' id='word_1_6' title='bbox 1755 327 1814 388; x_wconf 74' lang='lat' dir='ltr'>att</span> 
     </span>
    </p>
   </div>
   <div class='ocr_carea' id='block_1_2' title="bbox 101 456 1854 2327">
    <p class='ocr_par' dir='ltr' id='par_1_2' title="bbox 107 456 1714 540">
     <span class='ocr_line' id='line_1_2' title="bbox 107 456 1714 540; baseline 0.002 -24"><span class='ocrx_word' id='word_1_7' title='bbox 107 459 209 517; x_wconf 85' lang='lat' dir='ltr'>Libera</span> <span class='ocrx_word' id='word_1_8' title='bbox 239 456 314 517; x_wconf 83' lang='lat' dir='ltr'>oolla</span> <span class='ocrx_word' id='word_1_9' title='bbox 338 464 469 535; x_wconf 87' lang='lat' dir='ltr'>manent,</span> <span class='ocrx_word' id='word_1_10' title='bbox 500 463 696 540; x_wconf 88' lang='lat' dir='ltr'>quodcunque</span> <span class='ocrx_word' id='word_1_11' title='bbox 722 464 817 539; x_wconf 78' lang='lat' dir='ltr'>magis</span> <span class='ocrx_word' id='word_1_12' title='bbox 839 465 935 538; x_wconf 90' lang='lat' dir='ltr'>placet</span> <span class='ocrx_word' id='word_1_13' title='bbox 948 472 976 539; x_wconf 76' lang='grc' dir='ltr'><strong>Α</strong></span> <span class='ocrx_word' id='word_1_14' title='bbox 990 471 1062 523; x_wconf 87' lang='lat' dir='ltr'>Cum</span> <span class='ocrx_word' id='word_1_15' title='bbox 1078 466 1208 524; x_wconf 82' lang='lat' dir='ltr'>Cornelis</span> <span class='ocrx_word' id='word_1_16' title='bbox 1224 467 1310 524; x_wconf 90' lang='lat' dir='ltr'>homo</span> <span class='ocrx_word' id='word_1_17' title='bbox 1323 467 1409 525; x_wconf 85' lang='lat' dir='ltr'>luerit</span> <span class='ocrx_word' id='word_1_18' title='bbox 1423 467 1546 524; x_wconf 90' lang='lat' dir='ltr'>sortitus</span> <span class='ocrx_word' id='word_1_19' title='bbox 1561 465 1714 532; x_wconf 81' lang='lat' dir='ltr'>honorem,</span> 
     </span>
    </p>

    <p class='ocr_par' dir='ltr' id='par_1_3' title="bbox 101 551 1854 2327">
     <span class='ocr_line' id='line_1_3' title="bbox 307 551 1666 630; baseline -0.007 -12"><span class='ocrx_word' id='word_1_20' title='bbox 307 551 310 554; x_wconf 37' lang='lat'><em>⁴</em></span> <span class='ocrx_word' id='word_1_21' title='bbox 793 553 895 625; x_wconf 74' lang='lat' dir='ltr'>temni,</span> <span class='ocrx_word' id='word_1_22' title='bbox 992 558 1045 613; x_wconf 90' lang='lat' dir='ltr'>Par</span> <span class='ocrx_word' id='word_1_23' title='bbox 1060 563 1104 614; x_wconf 88' lang='lat' dir='ltr'>est</span> <span class='ocrx_word' id='word_1_24' title='bbox 1114 558 1259 630; x_wconf 91' lang='lat' dir='ltr'>jumentis</span> <span class='ocrx_word' id='word_1_25' title='bbox 1274 561 1302 614; x_wconf 92' lang='lat' dir='ltr'>et</span> <span class='ocrx_word' id='word_1_26' title='bbox 1313 557 1585 615; x_wconf 86' lang='lat' dir='ltr'>consimilismanet</span> <span class='ocrx_word' id='word_1_27' title='bbox 1596 554 1666 611; x_wconf 92' lang='lat' dir='ltr'>illis.</span> 
     </span>
     <span class='ocr_line' id='line_1_4' title="bbox 108 638 1755 720; baseline 0.002 -24"><span class='ocrx_word' id='word_1_28' title='bbox 108 638 174 696; x_wconf 86' lang='lat' dir='ltr'>Sive</span> <span class='ocrx_word' id='word_1_29' title='bbox 187 655 292 697; x_wconf 79' lang='lat' dir='ltr'>vacare</span> <span class='ocrx_word' id='word_1_30' title='bbox 306 641 398 699; x_wconf 88' lang='lat' dir='ltr'>sacris</span> <span class='ocrx_word' id='word_1_31' title='bbox 412 642 456 698; x_wconf 87' lang='lat' dir='ltr'>vel</span> <span class='ocrx_word' id='word_1_32' title='bbox 471 643 567 700; x_wconf 88' lang='lat' dir='ltr'>adhuc</span> <span class='ocrx_word' id='word_1_33' title='bbox 583 644 692 701; x_wconf 88' lang='lat' dir='ltr'>haerere</span> <span class='ocrx_word' id='word_1_34' title='bbox 707 643 848 717; x_wconf 78' lang='lat' dir='ltr'>profanis.</span> <span class='ocrx_word' id='word_1_35' title='bbox 989 647 1047 703; x_wconf 90' lang='lat' dir='ltr'>Nos</span> <span class='ocrx_word' id='word_1_36' title='bbox 1063 647 1151 720; x_wconf 84' lang='lat' dir='ltr'>igitur</span> <span class='ocrx_word' id='word_1_37' title='bbox 1161 648 1279 703; x_wconf 89' lang='lat' dir='ltr'>brutum</span> <span class='ocrx_word' id='word_1_38' title='bbox 1296 663 1389 720; x_wconf 85' lang='lat' dir='ltr'>genus</span> <span class='ocrx_word' id='word_1_39' title='bbox 1404 648 1459 703; x_wconf 90' lang='lat' dir='ltr'>hoc</span> <span class='ocrx_word' id='word_1_40' title='bbox 1469 664 1573 703; x_wconf 89' lang='lat' dir='ltr'>sumus</span> <span class='ocrx_word' id='word_1_41' title='bbox 1587 651 1616 702; x_wconf 93' lang='lat' dir='ltr'>et</span> <span class='ocrx_word' id='word_1_42' title='bbox 1634 641 1755 701; x_wconf 75' lang='lat' dir='ltr'><strong>resoluti</strong></span> 
     </span>
     <span class='ocr_line' id='line_1_5' title="bbox 107 728 1603 808; baseline 0.003 -24"><span class='ocrx_word' id='word_1_43' title='bbox 107 728 190 785; x_wconf 88' lang='lat' dir='ltr'>Unde</span> <span class='ocrx_word' id='word_1_44' title='bbox 205 729 302 803; x_wconf 80' lang='lat' dir='ltr'>niagis</span> <span class='ocrx_word' id='word_1_45' title='bbox 317 730 473 804; x_wconf 79' lang='lat' dir='ltr'>disceque</span> <span class='ocrx_word' id='word_1_46' title='bbox 489 733 528 789; x_wconf 93' lang='lat' dir='ltr'>sit</span> <span class='ocrx_word' id='word_1_47' title='bbox 544 734 689 805; x_wconf 87' lang='lat' dir='ltr'>sapientia</span> <span class='ocrx_word' id='word_1_48' title='bbox 702 733 777 802; x_wconf 87' lang='lat' dir='ltr'>vitae,</span> <span class='ocrx_word' id='word_1_49' title='bbox 989 736 1082 794; x_wconf 80' lang='lat' dir='ltr'>Altius</span> <span class='ocrx_word' id='word_1_50' title='bbox 1097 738 1190 793; x_wconf 80' lang='lat' dir='ltr'>edocti</span> <span class='ocrx_word' id='word_1_51' title='bbox 1206 754 1290 794; x_wconf 88' lang='lat' dir='ltr'>sacra</span> <span class='ocrx_word' id='word_1_52' title='bbox 1305 737 1506 793; x_wconf 77' lang='lat' dir='ltr'>moderamina</span> <span class='ocrx_word' id='word_1_53' title='bbox 1519 734 1603 808; x_wconf 85' lang='lat' dir='ltr'>legis,</span> 
     </span>
     <span class='ocr_line' id='line_1_6' title="bbox 107 817 1687 900; baseline 0.003 -26"><span class='ocrx_word' id='word_1_54' title='bbox 107 817 145 875; x_wconf 88' lang='lat' dir='ltr'>Ut</span> <span class='ocrx_word' id='word_1_55' title='bbox 159 835 226 890; x_wconf 76' lang='lat' dir='ltr'>qua</span> <span class='ocrx_word' id='word_1_56' title='bbox 237 823 307 875; x_wconf 87' lang='lat' dir='ltr'>sunt</span> <span class='ocrx_word' id='word_1_57' title='bbox 322 837 442 877; x_wconf 88' lang='lat' dir='ltr'>sursum</span> <span class='ocrx_word' id='word_1_58' title='bbox 459 823 557 896; x_wconf 91' lang='lat' dir='ltr'>sapias</span> <span class='ocrx_word' id='word_1_59' title='bbox 572 839 623 896; x_wconf 89' lang='lat' dir='ltr'>per</span> <span class='ocrx_word' id='word_1_60' title='bbox 635 824 757 896; x_wconf 77' lang='lat' dir='ltr'>mystica</span> <span class='ocrx_word' id='word_1_61' title='bbox 777 840 888 893; x_wconf 89' lang='lat' dir='ltr'>rerum,</span> <span class='ocrx_word' id='word_1_62' title='bbox 989 827 1052 899; x_wconf 84' lang='lat' dir='ltr'>Qui,</span> <span class='ocrx_word' id='word_1_63' title='bbox 1070 844 1136 882; x_wconf 91' lang='lat' dir='ltr'>cum</span> <span class='ocrx_word' id='word_1_64' title='bbox 1149 827 1259 900; x_wconf 82' lang='lat' dir='ltr'>praelati</span> <span class='ocrx_word' id='word_1_65' title='bbox 1276 842 1448 882; x_wconf 89' lang='lat' dir='ltr'>maneamus</span> <span class='ocrx_word' id='word_1_66' title='bbox 1462 826 1492 880; x_wconf 92' lang='lat' dir='ltr'>in</span> <span class='ocrx_word' id='word_1_67' title='bbox 1509 829 1571 881; x_wconf 88' lang='lat' dir='ltr'>arte</span> <span class='ocrx_word' id='word_1_68' title='bbox 1580 823 1687 890; x_wconf 91' lang='lat' dir='ltr'>librali,</span> 
     </span>
     <span class='ocr_line' id='line_1_7' title="bbox 106 907 1688 989; baseline 0.003 -26"><span class='ocrx_word' id='word_1_69' title='bbox 106 908 201 979; x_wconf 80' lang='lat' dir='ltr'>Atque</span> <span class='ocrx_word' id='word_1_70' title='bbox 216 907 293 965; x_wconf 83' lang='lat' dir='ltr'>scias</span> <span class='ocrx_word' id='word_1_71' title='bbox 307 908 384 967; x_wconf 84' lang='lat' dir='ltr'>clere</span> <span class='ocrx_word' id='word_1_72' title='bbox 399 911 555 984; x_wconf 76' lang='lat' dir='ltr'>Scriptura</span> <span class='ocrx_word' id='word_1_73' title='bbox 571 930 678 969; x_wconf 91' lang='lat' dir='ltr'>aroana</span> <span class='ocrx_word' id='word_1_74' title='bbox 693 913 825 986; x_wconf 89' lang='lat' dir='ltr'>probare.</span> <span class='ocrx_word' id='word_1_75' title='bbox 988 915 1025 972; x_wconf 92' lang='lat' dir='ltr'>Ut</span> <span class='ocrx_word' id='word_1_76' title='bbox 1041 932 1113 989; x_wconf 91' lang='lat' dir='ltr'>pene</span> <span class='ocrx_word' id='word_1_77' title='bbox 1127 916 1240 972; x_wconf 87' lang='lat' dir='ltr'>vivendi</span> <span class='ocrx_word' id='word_1_78' title='bbox 1257 915 1377 988; x_wconf 87' lang='lat' dir='ltr'>reliquis</span> <span class='ocrx_word' id='word_1_79' title='bbox 1393 914 1526 986; x_wconf 81' lang='lat' dir='ltr'>exempla</span> <span class='ocrx_word' id='word_1_80' title='bbox 1540 915 1688 985; x_wconf 80' lang='lat' dir='ltr'>daremus,</span> 
     </span>
     <span class='ocr_line' id='line_1_8' title="bbox 105 996 1640 1080; baseline 0.004 -29"><span class='ocrx_word' id='word_1_81' title='bbox 105 996 181 1052; x_wconf 88' lang='lat' dir='ltr'>Nam</span> <span class='ocrx_word' id='word_1_82' title='bbox 199 997 330 1054; x_wconf 89' lang='lat' dir='ltr'>studium</span> <span class='ocrx_word' id='word_1_83' title='bbox 346 1001 443 1056; x_wconf 91' lang='lat' dir='ltr'>carnis</span> <span class='ocrx_word' id='word_1_84' title='bbox 459 1001 531 1057; x_wconf 85' lang='lat' dir='ltr'>nihil</span> <span class='ocrx_word' id='word_1_85' title='bbox 548 1006 592 1058; x_wconf 88' lang='lat' dir='ltr'>est</span> <span class='ocrx_word' id='word_1_86' title='bbox 608 1003 665 1058; x_wconf 90' lang='lat' dir='ltr'>nisi</span> <span class='ocrx_word' id='word_1_87' title='bbox 682 1003 809 1060; x_wconf 82' lang='lat' dir='ltr'>formula</span> <span class='ocrx_word' id='word_1_88' title='bbox 830 1004 932 1060; x_wconf 91' lang='lat' dir='ltr'>mortis</span> <span class='ocrx_word' id='word_1_89' title='bbox 987 1011 1032 1073; x_wconf 82' lang='lat' dir='ltr'>nt,</span> <span class='ocrx_word' id='word_1_90' title='bbox 1043 1005 1068 1062; x_wconf 92' lang='lat' dir='ltr'>si</span> <span class='ocrx_word' id='word_1_91' title='bbox 1083 1023 1129 1062; x_wconf 89' lang='lat' dir='ltr'>res</span> <span class='ocrx_word' id='word_1_92' title='bbox 1144 1010 1263 1080; x_wconf 89' lang='lat' dir='ltr'>peteret,</span> <span class='ocrx_word' id='word_1_93' title='bbox 1280 1004 1392 1061; x_wconf 83' lang='lat' dir='ltr'>occasio</span> <span class='ocrx_word' id='word_1_94' title='bbox 1408 1007 1509 1060; x_wconf 88' lang='lat' dir='ltr'>sancta</span> <span class='ocrx_word' id='word_1_95' title='bbox 1519 1003 1640 1071; x_wconf 87' lang='lat' dir='ltr'>veniret,</span> 
     </span>
     <span class='ocr_line' id='line_1_9' title="bbox 104 1085 1660 1164; baseline 0.003 -24"><span class='ocrx_word' id='word_1_96' title='bbox 104 1085 216 1142; x_wconf 79' lang='lat' dir='ltr'>Verum</span> <span class='ocrx_word' id='word_1_97' title='bbox 231 1103 299 1143; x_wconf 92' lang='lat' dir='ltr'>cum</span> <span class='ocrx_word' id='word_1_98' title='bbox 314 1087 409 1145; x_wconf 88' lang='lat' dir='ltr'>recolo</span> <span class='ocrx_word' id='word_1_99' title='bbox 424 1091 621 1162; x_wconf 89' lang='lat' dir='ltr'>quorumdam</span> <span class='ocrx_word' id='word_1_100' title='bbox 635 1095 751 1163; x_wconf 76' lang='lat' dir='ltr'>pectora</span> <span class='ocrx_word' id='word_1_101' title='bbox 767 1108 850 1163; x_wconf 74' lang='lat' dir='ltr'>caeca,</span> <span class='ocrx_word' id='word_1_102' title='bbox 988 1096 1041 1152; x_wconf 90' lang='lat' dir='ltr'>Pro</span> <span class='ocrx_word' id='word_1_103' title='bbox 1058 1095 1124 1152; x_wconf 83' lang='lat' dir='ltr'>fidei</span> <span class='ocrx_word' id='word_1_104' title='bbox 1140 1094 1227 1152; x_wconf 89' lang='lat' dir='ltr'>sociis</span> <span class='ocrx_word' id='word_1_105' title='bbox 1241 1096 1329 1151; x_wconf 88' lang='lat' dir='ltr'>etiarn</span> <span class='ocrx_word' id='word_1_106' title='bbox 1345 1098 1469 1150; x_wconf 88' lang='lat' dir='ltr'>mortem</span> <span class='ocrx_word' id='word_1_107' title='bbox 1485 1098 1660 1164; x_wconf 85' lang='lat' dir='ltr'>pateremur,</span> 
     </span>
     <span class='ocr_line' id='line_1_10' title="bbox 107 1173 1689 1257; baseline 0.003 -27"><span class='ocrx_word' id='word_1_108' title='bbox 107 1173 225 1231; x_wconf 87' lang='lat' dir='ltr'>Scilicet</span> <span class='ocrx_word' id='word_1_109' title='bbox 239 1174 357 1232; x_wconf 90' lang='lat' dir='ltr'>illorum</span> <span class='ocrx_word' id='word_1_110' title='bbox 374 1179 435 1250; x_wconf 91' lang='lat' dir='ltr'>qui,</span> <span class='ocrx_word' id='word_1_111' title='bbox 449 1183 543 1235; x_wconf 91' lang='lat' dir='ltr'>semet</span> <span class='ocrx_word' id='word_1_112' title='bbox 559 1179 589 1234; x_wconf 91' lang='lat' dir='ltr'>in</span> <span class='ocrx_word' id='word_1_113' title='bbox 606 1185 666 1235; x_wconf 87' lang='lat' dir='ltr'>arte</span> <span class='ocrx_word' id='word_1_114' title='bbox 683 1179 779 1235; x_wconf 93' lang='lat' dir='ltr'>librali</span> <span class='ocrx_word' id='word_1_115' title='bbox 987 1184 1125 1240; x_wconf 87' lang='lat' dir='ltr'>Labimur</span> <span class='ocrx_word' id='word_1_116' title='bbox 1139 1185 1169 1240; x_wconf 91' lang='lat' dir='ltr'>in</span> <span class='ocrx_word' id='word_1_117' title='bbox 1186 1185 1289 1257; x_wconf 91' lang='lat' dir='ltr'>primis</span> <span class='ocrx_word' id='word_1_118' title='bbox 1309 1183 1514 1256; x_wconf 79' lang='lat' dir='ltr'>congressibus</span> <span class='ocrx_word' id='word_1_119' title='bbox 1530 1180 1689 1252; x_wconf 86' lang='lat' dir='ltr'>impietatis</span> 
     </span>
     <span class='ocr_line' id='line_1_11' title="bbox 104 1263 1628 1346; baseline 0.004 -27"><span class='ocrx_word' id='word_1_120' title='bbox 104 1263 255 1320; x_wconf 74' lang='lat' dir='ltr'>lactantes</span> <span class='ocrx_word' id='word_1_121' title='bbox 270 1269 398 1337; x_wconf 89' lang='lat' dir='ltr'>tantum,</span> <span class='ocrx_word' id='word_1_122' title='bbox 410 1267 510 1324; x_wconf 90' lang='lat' dir='ltr'>minus</span> <span class='ocrx_word' id='word_1_123' title='bbox 523 1268 599 1324; x_wconf 91' lang='lat' dir='ltr'>hanc</span> <span class='ocrx_word' id='word_1_124' title='bbox 613 1268 698 1325; x_wconf 88' lang='lat' dir='ltr'>iactis</span> <span class='ocrx_word' id='word_1_125' title='bbox 712 1269 877 1339; x_wconf 88' lang='lat' dir='ltr'>imitantur,</span> <span class='ocrx_word' id='word_1_126' title='bbox 986 1275 1139 1346; x_wconf 85' lang='lat' dir='ltr'>Tanquam</span> <span class='ocrx_word' id='word_1_127' title='bbox 1155 1274 1194 1328; x_wconf 90' lang='lat' dir='ltr'>nil</span> <span class='ocrx_word' id='word_1_128' title='bbox 1212 1273 1269 1330; x_wconf 93' lang='lat' dir='ltr'>nisi</span> <span class='ocrx_word' id='word_1_129' title='bbox 1285 1276 1387 1329; x_wconf 87' lang='lat' dir='ltr'>contre</span> <span class='ocrx_word' id='word_1_130' title='bbox 1401 1273 1477 1328; x_wconf 88' lang='lat' dir='ltr'>vires</span> <span class='ocrx_word' id='word_1_131' title='bbox 1491 1269 1603 1326; x_wconf 91' lang='lat' dir='ltr'>inimici</span> <span class='ocrx_word' id='word_1_132' title='bbox 1622 1287 1628 1337; x_wconf 79' lang='grc' dir='ltr'>ς</span> 
     </span>
     <span class='ocr_line' id='line_1_12' title="bbox 104 1353 1762 1436; baseline 0.003 -28"><span class='ocrx_word' id='word_1_133' title='bbox 104 1353 175 1409; x_wconf 91' lang='lat' dir='ltr'>Inde</span> <span class='ocrx_word' id='word_1_134' title='bbox 192 1353 294 1410; x_wconf 86' lang='lat' dir='ltr'>dolens</span> <span class='ocrx_word' id='word_1_135' title='bbox 308 1358 337 1411; x_wconf 91' lang='lat' dir='ltr'>et</span> <span class='ocrx_word' id='word_1_136' title='bbox 349 1356 530 1428; x_wconf 88' lang='lat' dir='ltr'>compatiens</span> <span class='ocrx_word' id='word_1_137' title='bbox 545 1357 612 1431; x_wconf 90' lang='lat' dir='ltr'>plus</span> <span class='ocrx_word' id='word_1_138' title='bbox 626 1358 723 1414; x_wconf 89' lang='lat' dir='ltr'>dicere</span> <span class='ocrx_word' id='word_1_139' title='bbox 738 1375 826 1431; x_wconf 84' lang='lat' dir='ltr'>cogor</span> <span class='ocrx_word' id='word_1_140' title='bbox 985 1363 1020 1418; x_wconf 82' lang='lat' dir='ltr'>Et</span> <span class='ocrx_word' id='word_1_141' title='bbox 1034 1364 1111 1434; x_wconf 93' lang='lat' dir='ltr'>quod</span> <span class='ocrx_word' id='word_1_142' title='bbox 1128 1363 1223 1419; x_wconf 85' lang='lat' dir='ltr'>adhuc</span> <span class='ocrx_word' id='word_1_143' title='bbox 1240 1363 1358 1436; x_wconf 85' lang='lat' dir='ltr'>gravius</span> <span class='ocrx_word' id='word_1_144' title='bbox 1369 1359 1625 1430; x_wconf 84' lang='lat' dir='ltr'>miserabiliusque</span> <span class='ocrx_word' id='word_1_145' title='bbox 1638 1358 1762 1426; x_wconf 87' lang='lat' dir='ltr'>videtur,</span> 
     </span>
     <span class='ocr_line' id='line_1_13' title="bbox 104 1442 1773 1525; baseline 0.001 -26"><span class='ocrx_word' id='word_1_146' title='bbox 104 1443 167 1499; x_wconf 89' lang='lat' dir='ltr'>Sim</span> <span class='ocrx_word' id='word_1_147' title='bbox 183 1442 253 1500; x_wconf 90' lang='lat' dir='ltr'>licet</span> <span class='ocrx_word' id='word_1_148' title='bbox 266 1442 381 1520; x_wconf 89' lang='lat' dir='ltr'>inculti,</span> <span class='ocrx_word' id='word_1_149' title='bbox 397 1461 450 1502; x_wconf 89' lang='lat' dir='ltr'>nec</span> <span class='ocrx_word' id='word_1_150' title='bbox 464 1463 523 1503; x_wconf 93' lang='lat' dir='ltr'>non</span> <span class='ocrx_word' id='word_1_151' title='bbox 538 1448 683 1504; x_wconf 89' lang='lat' dir='ltr'>sermonis</span> <span class='ocrx_word' id='word_1_152' title='bbox 704 1448 805 1521; x_wconf 89' lang='lat' dir='ltr'>inepti,</span> <span class='ocrx_word' id='word_1_153' title='bbox 985 1453 1049 1509; x_wconf 86' lang='lat' dir='ltr'>Noa</span> <span class='ocrx_word' id='word_1_154' title='bbox 1065 1452 1161 1508; x_wconf 86' lang='lat' dir='ltr'>solum</span> <span class='ocrx_word' id='word_1_155' title='bbox 1178 1452 1307 1525; x_wconf 86' lang='lat' dir='ltr'>fugimus</span> <span class='ocrx_word' id='word_1_156' title='bbox 1322 1468 1379 1524; x_wconf 90' lang='lat' dir='ltr'>quo</span> <span class='ocrx_word' id='word_1_157' title='bbox 1394 1449 1580 1522; x_wconf 88' lang='lat' dir='ltr'>praecipimur</span> <span class='ocrx_word' id='word_1_158' title='bbox 1595 1448 1656 1503; x_wconf 85' lang='lat' dir='ltr'>fore</span> <span class='ocrx_word' id='word_1_159' title='bbox 1669 1463 1773 1502; x_wconf 90' lang='lat' dir='ltr'>murus</span> 
     </span>
     <span class='ocr_line' id='line_1_14' title="bbox 105 1532 1770 1609; baseline 0.002 -23"><span class='ocrx_word' id='word_1_160' title='bbox 105 1532 155 1587; x_wconf 76' lang='lat' dir='ltr'>Ast</span> <span class='ocrx_word' id='word_1_161' title='bbox 169 1535 321 1607; x_wconf 24' lang='lat' dir='ltr'>utcu-nque</span> <span class='ocrx_word' id='word_1_162' title='bbox 336 1549 411 1607; x_wconf 87' lang='lat' dir='ltr'>queo</span> <span class='ocrx_word' id='word_1_163' title='bbox 424 1535 470 1591; x_wconf 87' lang='lat' dir='ltr'>vel</span> <span class='ocrx_word' id='word_1_164' title='bbox 485 1535 611 1609; x_wconf 91' lang='lat' dir='ltr'>paucula</span> <span class='ocrx_word' id='word_1_165' title='bbox 623 1537 737 1609; x_wconf 84' lang='lat' dir='ltr'>protero</span> <span class='ocrx_word' id='word_1_166' title='bbox 752 1538 849 1594; x_wconf 83' lang='lat' dir='ltr'>verba.</span> <span class='ocrx_word' id='word_1_167' title='bbox 984 1542 1038 1597; x_wconf 81' lang='lat' dir='ltr'>Sed</span> <span class='ocrx_word' id='word_1_168' title='bbox 1055 1541 1213 1598; x_wconf 89' lang='lat' dir='ltr'>commissa</span> <span class='ocrx_word' id='word_1_169' title='bbox 1228 1541 1315 1597; x_wconf 89' lang='lat' dir='ltr'>etiam</span> <span class='ocrx_word' id='word_1_170' title='bbox 1331 1540 1504 1605; x_wconf 89' lang='lat' dir='ltr'>lacerantes,</span> <span class='ocrx_word' id='word_1_171' title='bbox 1520 1553 1600 1593; x_wconf 91' lang='lat' dir='ltr'>morc</span> <span class='ocrx_word' id='word_1_172' title='bbox 1622 1536 1770 1608; x_wconf 91' lang='lat' dir='ltr'>luporum,</span> 
     </span>
     <span class='ocr_line' id='line_1_15' title="bbox 105 1620 1854 1702; baseline 0.002 -26"><span class='ocrx_word' id='word_1_173' title='bbox 105 1620 140 1676; x_wconf 79' lang='lat' dir='ltr'>Et</span> <span class='ocrx_word' id='word_1_174' title='bbox 153 1621 280 1678; x_wconf 83' lang='lat' dir='ltr'>tortasse</span> <span class='ocrx_word' id='word_1_175' title='bbox 291 1622 385 1696; x_wconf 81' lang='lat' dir='ltr'>juvat,</span> <span class='ocrx_word' id='word_1_176' title='bbox 402 1640 468 1680; x_wconf 91' lang='lat' dir='ltr'>cum</span> <span class='ocrx_word' id='word_1_177' title='bbox 485 1625 520 1682; x_wconf 89' lang='lat' dir='ltr'>dc</span> <span class='ocrx_word' id='word_1_178' title='bbox 534 1624 618 1683; x_wconf 88' lang='lat' dir='ltr'>libris</span> <span class='ocrx_word' id='word_1_179' title='bbox 633 1626 826 1699; x_wconf 88' lang='lat' dir='ltr'>perhibemus,</span> <span class='ocrx_word' id='word_1_180' title='bbox 985 1631 1120 1695; x_wconf 79' lang='lat' dir='ltr'>Quadam</span> <span class='ocrx_word' id='word_1_181' title='bbox 1134 1635 1295 1698; x_wconf 84' lang='lat' dir='ltr'>vastamus,</span> <span class='ocrx_word' id='word_1_182' title='bbox 1312 1629 1448 1702; x_wconf 79' lang='lat' dir='ltr'>quadam</span> <span class='ocrx_word' id='word_1_183' title='bbox 1463 1626 1539 1683; x_wconf 90' lang='lat' dir='ltr'>male</span> <span class='ocrx_word' id='word_1_184' title='bbox 1555 1625 1759 1692; x_wconf 75' lang='lat' dir='ltr'>destituemus,</span> <span class='ocrx_word' id='word_1_185' title='bbox 1850 1624 1854 1631; x_wconf 81' lang='lat'><em>‘</em></span> 
     </span>
     <span class='ocr_line' id='line_1_16' title="bbox 104 1709 1773 1793; baseline -0.005 -16"><span class='ocrx_word' id='word_1_186' title='bbox 104 1710 159 1777; x_wconf 74' lang='lat' dir='ltr'>Qui</span> <span class='ocrx_word' id='word_1_187' title='bbox 169 1709 285 1782; x_wconf 68' lang='lat' dir='ltr'>prosint</span> <span class='ocrx_word' id='word_1_188' title='bbox 300 1713 414 1770; x_wconf 75' lang='lat' dir='ltr'>cunctis</span> <span class='ocrx_word' id='word_1_189' title='bbox 430 1714 459 1769; x_wconf 91' lang='lat' dir='ltr'>in</span> <span class='ocrx_word' id='word_1_190' title='bbox 475 1713 538 1787; x_wconf 85' lang='lat' dir='ltr'>lege</span> <span class='ocrx_word' id='word_1_191' title='bbox 553 1732 637 1771; x_wconf 89' lang='lat' dir='ltr'>sacra</span> <span class='ocrx_word' id='word_1_192' title='bbox 648 1714 798 1787; x_wconf 73' lang='lat' dir='ltr'>studiosis,</span> <span class='ocrx_word' id='word_1_193' title='bbox 984 1719 1057 1776; x_wconf 88' lang='lat' dir='ltr'>Nam</span> <span class='ocrx_word' id='word_1_194' title='bbox 1073 1720 1192 1793; x_wconf 90' lang='lat' dir='ltr'>quibus,</span> <span class='ocrx_word' id='word_1_195' title='bbox 1208 1724 1241 1775; x_wconf 91' lang='lat' dir='ltr'>ut</span> <span class='ocrx_word' id='word_1_196' title='bbox 1255 1722 1364 1792; x_wconf 86' lang='lat' dir='ltr'>patres,</span> <span class='ocrx_word' id='word_1_197' title='bbox 1380 1718 1554 1773; x_wconf 87' lang='lat' dir='ltr'>deberemus</span> <span class='ocrx_word' id='word_1_198' title='bbox 1568 1717 1638 1771; x_wconf 89' lang='lat' dir='ltr'>darc</span> <span class='ocrx_word' id='word_1_199' title='bbox 1651 1713 1773 1785; x_wconf 86' lang='lat' dir='ltr'>victum,</span> 
     </span>
     <span class='ocr_line' id='line_1_17' title="bbox 103 1799 1618 1907; baseline 0.002 -53"><span class='ocrx_word' id='word_1_200' title='bbox 103 1800 145 1855; x_wconf 75' lang='lat' dir='ltr'>Ac</span> <span class='ocrx_word' id='word_1_201' title='bbox 160 1800 211 1871; x_wconf 89' lang='lat' dir='ltr'>qui</span> <span class='ocrx_word' id='word_1_202' title='bbox 226 1799 258 1856; x_wconf 94' lang='lat' dir='ltr'>in</span> <span class='ocrx_word' id='word_1_203' title='bbox 270 1799 317 1856; x_wconf 89' lang='lat' dir='ltr'>his</span> <span class='ocrx_word' id='word_1_204' title='bbox 330 1801 444 1875; x_wconf 78' lang='lat' dir='ltr'>typicus</span> <span class='ocrx_word' id='word_1_205' title='bbox 458 1804 561 1861; x_wconf 88' lang='lat' dir='ltr'>doceat</span> <span class='ocrx_word' id='word_1_206' title='bbox 574 1820 628 1861; x_wconf 90' lang='lat' dir='ltr'>nos</span> <span class='ocrx_word' id='word_1_207' title='bbox 644 1820 773 1876; x_wconf 77' lang='lat' dir='ltr'>querere</span> <span class='ocrx_word' id='word_1_208' title='bbox 787 1820 904 1872; x_wconf 87' lang='lat' dir='ltr'>sensus,</span> <span class='ocrx_word' id='word_1_209' title='bbox 946 1843 970 1907; x_wconf 76' lang='lat' dir='ltr'><strong>B</strong></span> <span class='ocrx_word' id='word_1_210' title='bbox 985 1808 1015 1864; x_wconf 87' lang='lat' dir='ltr'>Si</span> <span class='ocrx_word' id='word_1_211' title='bbox 1030 1807 1074 1865; x_wconf 89' lang='lat' dir='ltr'>vis</span> <span class='ocrx_word' id='word_1_212' title='bbox 1088 1806 1149 1863; x_wconf 89' lang='lat' dir='ltr'>alla</span> <span class='ocrx_word' id='word_1_213' title='bbox 1158 1807 1214 1864; x_wconf 93' lang='lat' dir='ltr'>loci</span> <span class='ocrx_word' id='word_1_214' title='bbox 1229 1807 1273 1864; x_wconf 87' lang='lat' dir='ltr'>vel</span> <span class='ocrx_word' id='word_1_215' title='bbox 1290 1824 1376 1863; x_wconf 85' lang='lat' dir='ltr'>casus</span> <span class='ocrx_word' id='word_1_216' title='bbox 1391 1808 1523 1878; x_wconf 88' lang='lat' dir='ltr'>posceret</span> <span class='ocrx_word' id='word_1_217' title='bbox 1538 1803 1618 1873; x_wconf 88' lang='lat' dir='ltr'>anni,</span> 
     </span>
     <span class='ocr_line' id='line_1_18' title="bbox 103 1888 1610 1971; baseline 0.003 -28"><span class='ocrx_word' id='word_1_218' title='bbox 103 1888 132 1946; x_wconf 92' lang='lat' dir='ltr'>Si</span> <span class='ocrx_word' id='word_1_219' title='bbox 146 1904 214 1945; x_wconf 89' lang='lat' dir='ltr'>mox</span> <span class='ocrx_word' id='word_1_220' title='bbox 227 1888 352 1946; x_wconf 89' lang='lat' dir='ltr'>lectores</span> <span class='ocrx_word' id='word_1_221' title='bbox 368 1890 466 1963; x_wconf 90' lang='lat' dir='ltr'>aliquo</span> <span class='ocrx_word' id='word_1_222' title='bbox 481 1909 632 1949; x_wconf 87' lang='lat' dir='ltr'>sermones</span> <span class='ocrx_word' id='word_1_223' title='bbox 644 1910 808 1962; x_wconf 88' lang='lat' dir='ltr'>monemus,</span> <span class='ocrx_word' id='word_1_224' title='bbox 984 1898 1036 1954; x_wconf 86' lang='lat' dir='ltr'>His</span> <span class='ocrx_word' id='word_1_225' title='bbox 1052 1901 1084 1954; x_wconf 93' lang='lat' dir='ltr'>ut</span> <span class='ocrx_word' id='word_1_226' title='bbox 1099 1902 1230 1971; x_wconf 91' lang='lat' dir='ltr'>raptores</span> <span class='ocrx_word' id='word_1_227' title='bbox 1246 1895 1400 1952; x_wconf 89' lang='lat' dir='ltr'>crudeliter</span> <span class='ocrx_word' id='word_1_228' title='bbox 1414 1893 1610 1963; x_wconf 87' lang='lat' dir='ltr'>advenientes,</span> 
     </span>
     <span class='ocr_line' id='line_1_19' title="bbox 104 1977 1704 2060; baseline 0.001 -26"><span class='ocrx_word' id='word_1_229' title='bbox 104 1977 148 2045; x_wconf 85' lang='lat' dir='ltr'>lit,</span> <span class='ocrx_word' id='word_1_230' title='bbox 165 1977 216 2050; x_wconf 87' lang='lat' dir='ltr'>qui</span> <span class='ocrx_word' id='word_1_231' title='bbox 231 1978 303 2050; x_wconf 86' lang='lat' dir='ltr'>sint,</span> <span class='ocrx_word' id='word_1_232' title='bbox 319 1979 444 2053; x_wconf 86' lang='lat' dir='ltr'>discant,</span> <span class='ocrx_word' id='word_1_233' title='bbox 460 1986 489 2038; x_wconf 91' lang='lat' dir='ltr'>et</span> <span class='ocrx_word' id='word_1_234' title='bbox 502 1983 538 2037; x_wconf 89' lang='lat' dir='ltr'>ab</span> <span class='ocrx_word' id='word_1_235' title='bbox 553 1981 666 2038; x_wconf 87' lang='lat' dir='ltr'>illicitis</span> <span class='ocrx_word' id='word_1_236' title='bbox 682 1981 866 2059; x_wconf 88' lang='lat' dir='ltr'>resipiscant.</span> <span class='ocrx_word' id='word_1_237' title='bbox 985 1987 1038 2044; x_wconf 90' lang='lat' dir='ltr'>Illa</span> <span class='ocrx_word' id='word_1_238' title='bbox 1051 1991 1246 2060; x_wconf 87' lang='lat' dir='ltr'>asportamus,</span> <span class='ocrx_word' id='word_1_239' title='bbox 1265 1985 1342 2058; x_wconf 92' lang='lat' dir='ltr'>qnod</span> <span class='ocrx_word' id='word_1_240' title='bbox 1359 1984 1415 2041; x_wconf 90' lang='lat' dir='ltr'>crit</span> <span class='ocrx_word' id='word_1_241' title='bbox 1429 1980 1595 2040; x_wconf 86' lang='lat' dir='ltr'>miserabile</span> <span class='ocrx_word' id='word_1_242' title='bbox 1613 1980 1704 2050; x_wconf 90' lang='lat' dir='ltr'>dictu,</span> 
     </span>
     <span class='ocr_line' id='line_1_20' title="bbox 102 2065 1700 2151; baseline -0.001 -30"><span class='ocrx_word' id='word_1_243' title='bbox 102 2065 233 2139; x_wconf 84' lang='lat' dir='ltr'>Denique</span> <span class='ocrx_word' id='word_1_244' title='bbox 248 2084 328 2124; x_wconf 92' lang='lat' dir='ltr'>nuno</span> <span class='ocrx_word' id='word_1_245' title='bbox 343 2068 430 2125; x_wconf 89' lang='lat' dir='ltr'>multi</span> <span class='ocrx_word' id='word_1_246' title='bbox 446 2070 560 2128; x_wconf 87' lang='lat' dir='ltr'>diverso</span> <span class='ocrx_word' id='word_1_247' title='bbox 575 2088 671 2128; x_wconf 89' lang='lat' dir='ltr'>errore</span> <span class='ocrx_word' id='word_1_248' title='bbox 686 2087 861 2144; x_wconf 87' lang='lat' dir='ltr'>gravamur;</span> <span class='ocrx_word' id='word_1_249' title='bbox 984 2080 1052 2143; x_wconf 72' lang='lat' dir='ltr'>011ae</span> <span class='ocrx_word' id='word_1_250' title='bbox 1068 2079 1161 2151; x_wconf 71' lang='lat' dir='ltr'>pietas</span> <span class='ocrx_word' id='word_1_251' title='bbox 1176 2075 1362 2133; x_wconf 71' lang='lat' dir='ltr'>alienadedit</span> <span class='ocrx_word' id='word_1_252' title='bbox 1376 2073 1557 2148; x_wconf 69' lang='lat' dir='ltr'>pronomine</span> <span class='ocrx_word' id='word_1_253' title='bbox 1572 2069 1677 2125; x_wconf 81' lang='lat' dir='ltr'>christi</span> <span class='ocrx_word' id='word_1_254' title='bbox 1693 2084 1700 2123; x_wconf 91' lang='lat'>:</span> 
     </span>
     <span class='ocr_line' id='line_1_21' title="bbox 103 2155 1640 2238; baseline -0.001 -27"><span class='ocrx_word' id='word_1_255' title='bbox 103 2155 213 2213; x_wconf 62' lang='lat' dir='ltr'>idcireo</span> <span class='ocrx_word' id='word_1_256' title='bbox 228 2161 258 2213; x_wconf 71' lang='lat' dir='ltr'>ot</span> <span class='ocrx_word' id='word_1_257' title='bbox 271 2157 361 2215; x_wconf 73' lang='lat' dir='ltr'>variis</span> <span class='ocrx_word' id='word_1_258' title='bbox 376 2157 485 2215; x_wconf 73' lang='lat' dir='ltr'>insitire</span> <span class='ocrx_word' id='word_1_259' title='bbox 499 2160 572 2216; x_wconf 76' lang='lat' dir='ltr'>libet</span> <span class='ocrx_word' id='word_1_260' title='bbox 587 2159 786 2229; x_wconf 80' lang='lat' dir='ltr'>monimentis,</span> <span class='ocrx_word' id='word_1_261' title='bbox 984 2168 1056 2223; x_wconf 85' lang='lat' dir='ltr'>Cum</span> <span class='ocrx_word' id='word_1_262' title='bbox 1068 2170 1232 2238; x_wconf 75' lang='lat' dir='ltr'>peccatores</span> <span class='ocrx_word' id='word_1_263' title='bbox 1247 2164 1400 2220; x_wconf 78' lang='lat' dir='ltr'>malefacta</span> <span class='ocrx_word' id='word_1_264' title='bbox 1414 2162 1459 2219; x_wconf 80' lang='lat' dir='ltr'>sui</span> <span class='ocrx_word' id='word_1_265' title='bbox 1475 2166 1640 2218; x_wconf 76' lang='lat' dir='ltr'>metuentes</span> 
     </span>
     <span class='ocr_line' id='line_1_22' title="bbox 101 2243 1661 2327; baseline -0.011 -8"><span class='ocrx_word' id='word_1_266' title='bbox 101 2243 138 2300; x_wconf 63' lang='lat' dir='ltr'>Ui</span> <span class='ocrx_word' id='word_1_267' title='bbox 153 2244 203 2316; x_wconf 74' lang='lat' dir='ltr'>‘1¹¹i</span> <span class='ocrx_word' id='word_1_268' title='bbox 215 2262 276 2302; x_wconf 72' lang='lat' dir='ltr'>¹²⁰ss</span> <span class='ocrx_word' id='word_1_269' title='bbox 292 2263 363 2317; x_wconf 64' lang='grc' dir='ltr'>ΜΟ,</span> <span class='ocrx_word' id='word_1_270' title='bbox 378 2247 482 2305; x_wconf 88' lang='lat' dir='ltr'>saltem</span> <span class='ocrx_word' id='word_1_271' title='bbox 498 2266 532 2306; x_wconf 86' lang='lat' dir='ltr'>ex</span> <span class='ocrx_word' id='word_1_272' title='bbox 547 2249 603 2305; x_wconf 92' lang='lat' dir='ltr'>alio</span> <span class='ocrx_word' id='word_1_273' title='bbox 619 2249 788 2305; x_wconf 79' lang='lat' dir='ltr'>edificetur.</span> <span class='ocrx_word' id='word_1_274' title='bbox 982 2256 1026 2311; x_wconf 86' lang='lat' dir='ltr'>Ad</span> <span class='ocrx_word' id='word_1_275' title='bbox 1037 2272 1090 2311; x_wconf 92' lang='lat' dir='ltr'>nos</span> <span class='ocrx_word' id='word_1_276' title='bbox 1105 2271 1156 2327; x_wconf 89' lang='lat' dir='ltr'>pro</span> <span class='ocrx_word' id='word_1_277' title='bbox 1170 2254 1261 2310; x_wconf 73' lang='lat' dir='ltr'>venias</span> <span class='ocrx_word' id='word_1_278' title='bbox 1276 2270 1366 2309; x_wconf 88' lang='lat' dir='ltr'>causa</span> <span class='ocrx_word' id='word_1_279' title='bbox 1381 2252 1493 2325; x_wconf 82' lang='lat' dir='ltr'>fugient</span> <span class='ocrx_word' id='word_1_280' title='bbox 1505 2248 1661 2321; x_wconf 73' lang='lat' dir='ltr'>capiendae,</span> 
     </span>
    </p>
   </div>
   <div class='ocr_carea' id='block_1_3' title="bbox 366 2340 1769 2421">
    <p class='ocr_par' dir='ltr' id='par_1_4' title="bbox 366 2340 1769 2421">
     <span class='ocr_line' id='line_1_23' title="bbox 366 2340 1769 2421; baseline -0.016 -8"><span class='ocrx_word' id='word_1_281' title='bbox 366 2361 569 2421; x_wconf 73' lang='lat' dir='ltr'>CAPITULUM</span> <span class='ocrx_word' id='word_1_282' title='bbox 589 2364 663 2420; x_wconf 76' lang='lat' dir='ltr'>xm,</span> <span class='ocrx_word' id='word_1_283' title='bbox 983 2344 1034 2400; x_wconf 89' lang='lat' dir='ltr'>His</span> <span class='ocrx_word' id='word_1_284' title='bbox 1049 2349 1100 2400; x_wconf 88' lang='lat' dir='ltr'>aut</span> <span class='ocrx_word' id='word_1_285' title='bbox 1113 2342 1268 2408; x_wconf 83' lang='lat' dir='ltr'>terribiles,</span> <span class='ocrx_word' id='word_1_286' title='bbox 1285 2340 1454 2416; x_wconf 89' lang='lat' dir='ltr'>plusquam</span> <span class='ocrx_word' id='word_1_287' title='bbox 1470 2340 1620 2411; x_wconf 85' lang='lat' dir='ltr'>resposeat</span> <span class='ocrx_word' id='word_1_288' title='bbox 1638 2340 1667 2393; x_wconf 90' lang='lat' dir='ltr'>et</span> <span class='ocrx_word' id='word_1_289' title='bbox 1685 2350 1769 2403; x_wconf 92' lang='lat' dir='ltr'>usus,</span> 
     </span>
    </p>
   </div>
   <div class='ocr_carea' id='block_1_4' title="bbox 102 2425 1740 2682">
    <p class='ocr_par' dir='ltr' id='par_1_5' title="bbox 102 2425 1740 2682">
     <span class='ocr_line' id='line_1_24' title="bbox 102 2425 1690 2526; baseline -0.014 -26"><span class='ocrx_word' id='word_1_290' title='bbox 102 2450 305 2507; x_wconf 60' lang='lat' dir='ltr'>Aemoniam</span> <span class='ocrx_word' id='word_1_291' title='bbox 320 2468 408 2509; x_wconf 64' lang='lat' dir='ltr'>sermo</span> <span class='ocrx_word' id='word_1_292' title='bbox 429 2452 467 2509; x_wconf 65' lang='lat' dir='ltr'>aa</span> <span class='ocrx_word' id='word_1_293' title='bbox 487 2452 622 2510; x_wconf 36' lang='lat' dir='ltr'>clerico&amp;</span> <span class='ocrx_word' id='word_1_294' title='bbox 645 2455 726 2526; x_wconf 58' lang='lat' dir='ltr'>prm,</span> <span class='ocrx_word' id='word_1_295' title='bbox 773 2454 865 2510; x_wconf 62' lang='lat' dir='ltr'><strong><em>uidem</em></strong></span> <span class='ocrx_word' id='word_1_296' title='bbox 890 2453 928 2510; x_wconf 66' lang='lat' dir='ltr'>ap</span> <span class='ocrx_word' id='word_1_297' title='bbox 982 2433 1039 2490; x_wconf 86' lang='lat' dir='ltr'>Seu</span> <span class='ocrx_word' id='word_1_298' title='bbox 1055 2431 1212 2506; x_wconf 83' lang='lat' dir='ltr'>plusquam</span> <span class='ocrx_word' id='word_1_299' title='bbox 1226 2431 1312 2487; x_wconf 90' lang='lat' dir='ltr'>liceat</span> <span class='ocrx_word' id='word_1_300' title='bbox 1326 2430 1484 2488; x_wconf 88' lang='lat' dir='ltr'>clementes</span> <span class='ocrx_word' id='word_1_301' title='bbox 1498 2425 1690 2483; x_wconf 88' lang='lat' dir='ltr'>inveniemur.</span> 
     </span>
     <span class='ocr_line' id='line_1_25' title="bbox 138 2471 1740 2597; baseline -0.005 -21"><span class='ocrx_word' id='word_1_302' title='bbox 138 2522 200 2578; x_wconf 79' lang='lat' dir='ltr'>iilos</span> <span class='ocrx_word' id='word_1_303' title='bbox 214 2523 265 2594; x_wconf 78' lang='lat' dir='ltr'>qai</span> <span class='ocrx_word' id='word_1_304' title='bbox 278 2523 309 2578; x_wconf 80' lang='lat' dir='ltr'>io</span> <span class='ocrx_word' id='word_1_305' title='bbox 320 2524 457 2595; x_wconf 81' lang='lat' dir='ltr'>pastorali</span> <span class='ocrx_word' id='word_1_306' title='bbox 465 2524 566 2597; x_wconf 73' lang='lat' dir='ltr'>depost</span> <span class='ocrx_word' id='word_1_307' title='bbox 575 2526 734 2594; x_wconf 52' lang='lat' dir='ltr'>repemina</span> <span class='ocrx_word' id='word_1_308' title='bbox 750 2471 852 2581; x_wconf 68' lang='lat' dir='ltr'>iescae</span> <span class='ocrx_word' id='word_1_309' title='bbox 866 2541 928 2582; x_wconf 62' lang='lat' dir='ltr'>ciero</span> <span class='ocrx_word' id='word_1_310' title='bbox 981 2522 1033 2577; x_wconf 93' lang='lat' dir='ltr'>Vel</span> <span class='ocrx_word' id='word_1_311' title='bbox 1044 2521 1233 2594; x_wconf 83' lang='lat' dir='ltr'>designantes</span> <span class='ocrx_word' id='word_1_312' title='bbox 1248 2537 1337 2592; x_wconf 92' lang='lat' dir='ltr'>super</span> <span class='ocrx_word' id='word_1_313' title='bbox 1346 2519 1393 2574; x_wconf 92' lang='lat' dir='ltr'>his</span> <span class='ocrx_word' id='word_1_314' title='bbox 1409 2519 1563 2574; x_wconf 89' lang='lat' dir='ltr'>decernere</span> <span class='ocrx_word' id='word_1_315' title='bbox 1578 2513 1740 2587; x_wconf 89' lang='lat' dir='ltr'>quidquam</span> 
     </span>
     <span class='ocr_line' id='line_1_26' title="bbox 136 2592 1652 2682; baseline -0.007 -12"><span class='ocrx_word' id='word_1_316' title='bbox 136 2593 177 2676; x_wconf 60' lang='lat' dir='ltr'>ad.</span> <span class='ocrx_word' id='word_1_317' title='bbox 187 2609 236 2677; x_wconf 70' lang='lat'>⁶⁰⁸,</span> <span class='ocrx_word' id='word_1_318' title='bbox 247 2596 297 2666; x_wconf 60' lang='lat' dir='ltr'>‘im&#39;</span> <span class='ocrx_word' id='word_1_319' title='bbox 309 2595 399 2652; x_wconf 60' lang='lat' dir='ltr'>“ww</span> <span class='ocrx_word' id='word_1_320' title='bbox 413 2592 557 2654; x_wconf 57' lang='lat' dir='ltr'>“dmm</span> <span class='ocrx_word' id='word_1_321' title='bbox 576 2598 721 2654; x_wconf 61' lang='lat' dir='ltr'>tfflssttlstrl&#39;t</span> <span class='ocrx_word' id='word_1_322' title='bbox 740 2595 927 2653; x_wconf 56' lang='lat' dir='ltr'>mmmm</span> <span class='ocrx_word' id='word_1_323' title='bbox 982 2611 1078 2667; x_wconf 90' lang='lat' dir='ltr'>Nostri</span> <span class='ocrx_word' id='word_1_324' title='bbox 1094 2609 1216 2682; x_wconf 84' lang='lat' dir='ltr'>cautela,</span> <span class='ocrx_word' id='word_1_325' title='bbox 1233 2613 1348 2665; x_wconf 87' lang='lat' dir='ltr'>tantum</span> <span class='ocrx_word' id='word_1_326' title='bbox 1364 2606 1577 2664; x_wconf 86' lang='lat' dir='ltr'>committimus</span> <span class='ocrx_word' id='word_1_327' title='bbox 1592 2603 1652 2659; x_wconf 88' lang='lat' dir='ltr'>illis</span> 
     </span>
    </p>
   </div>
   <div class='ocr_carea' id='block_1_5' title="bbox 85 2672 1801 5259">
    <p class='ocr_par' dir='ltr' id='par_1_6' title="bbox 85 2672 1801 5259">
     <span class='ocr_line' id='line_1_27' title="bbox 136 2672 1659 2766; baseline -0.012 0"><span class='ocrx_word' id='word_1_328' title='bbox 136 2672 271 2724; x_wconf 54' lang='lat' dir='ltr'>‘mm&#39;</span> <span class='ocrx_word' id='word_1_329' title='bbox 981 2701 1059 2766; x_wconf 86' lang='lat' dir='ltr'>Quos</span> <span class='ocrx_word' id='word_1_330' title='bbox 1070 2699 1277 2757; x_wconf 87' lang='lat' dir='ltr'>sceleratorum</span> <span class='ocrx_word' id='word_1_331' title='bbox 1295 2697 1390 2754; x_wconf 87' lang='lat' dir='ltr'>socios</span> <span class='ocrx_word' id='word_1_332' title='bbox 1402 2695 1524 2752; x_wconf 80' lang='lat' dir='ltr'>existere</span> <span class='ocrx_word' id='word_1_333' title='bbox 1538 2693 1659 2750; x_wconf 88' lang='lat' dir='ltr'>scimus.</span> 
     </span>
     <span class='ocr_line' id='line_1_28' title="bbox 101 2779 1695 2861; baseline -0.001 -24"><span class='ocrx_word' id='word_1_334' title='bbox 101 2779 188 2853; x_wconf 90' lang='lat' dir='ltr'>Oqui</span> <span class='ocrx_word' id='word_1_335' title='bbox 202 2781 354 2839; x_wconf 86' lang='lat' dir='ltr'>confidens</span> <span class='ocrx_word' id='word_1_336' title='bbox 369 2783 399 2838; x_wconf 94' lang='lat' dir='ltr'>in</span> <span class='ocrx_word' id='word_1_337' title='bbox 414 2783 570 2856; x_wconf 89' lang='lat' dir='ltr'>multiplici</span> <span class='ocrx_word' id='word_1_338' title='bbox 585 2784 696 2841; x_wconf 87' lang='lat' dir='ltr'>ratione</span> <span class='ocrx_word' id='word_1_339' title='bbox 981 2789 1049 2858; x_wconf 86' lang='lat' dir='ltr'>Nos,</span> <span class='ocrx_word' id='word_1_340' title='bbox 1062 2787 1132 2861; x_wconf 89' lang='lat' dir='ltr'>quia</span> <span class='ocrx_word' id='word_1_341' title='bbox 1146 2786 1295 2844; x_wconf 83' lang='lat' dir='ltr'>constricti</span> <span class='ocrx_word' id='word_1_342' title='bbox 1310 2786 1365 2843; x_wconf 90' lang='lat' dir='ltr'>sub</span> <span class='ocrx_word' id='word_1_343' title='bbox 1381 2783 1577 2842; x_wconf 90' lang='lat' dir='ltr'>sollicitudine</span> <span class='ocrx_word' id='word_1_344' title='bbox 1591 2779 1695 2837; x_wconf 90' lang='lat' dir='ltr'>mundi</span> 
     </span>
     <span class='ocr_line' id='line_1_29' title="bbox 103 2869 1659 2950; baseline -0.001 -25"><span class='ocrx_word' id='word_1_345' title='bbox 103 2869 207 2926; x_wconf 76' lang='lat' dir='ltr'>&#39;demet</span> <span class='ocrx_word' id='word_1_346' title='bbox 222 2887 311 2928; x_wconf 67' lang='lat' dir='ltr'>nome</span> <span class='ocrx_word' id='word_1_347' title='bbox 327 2875 415 2945; x_wconf 79' lang='lat' dir='ltr'>putas</span> <span class='ocrx_word' id='word_1_348' title='bbox 429 2889 482 2945; x_wconf 90' lang='lat' dir='ltr'>pro</span> <span class='ocrx_word' id='word_1_349' title='bbox 498 2873 582 2930; x_wconf 81' lang='lat' dir='ltr'>falsis</span> <span class='ocrx_word' id='word_1_350' title='bbox 595 2890 664 2930; x_wconf 87' lang='lat' dir='ltr'>vcra</span> <span class='ocrx_word' id='word_1_351' title='bbox 677 2873 810 2946; x_wconf 90' lang='lat' dir='ltr'>probare,</span> <span class='ocrx_word' id='word_1_352' title='bbox 981 2878 1141 2950; x_wconf 89' lang='lat' dir='ltr'>Oiilcioque</span> <span class='ocrx_word' id='word_1_353' title='bbox 1156 2876 1240 2933; x_wconf 88' lang='lat' dir='ltr'>ducis</span> <span class='ocrx_word' id='word_1_354' title='bbox 1250 2876 1410 2948; x_wconf 83' lang='lat' dir='ltr'>jungentes</span> <span class='ocrx_word' id='word_1_355' title='bbox 1425 2876 1476 2929; x_wconf 86' lang='lat' dir='ltr'>aut</span> <span class='ocrx_word' id='word_1_356' title='bbox 1490 2871 1551 2928; x_wconf 91' lang='lat' dir='ltr'>vice</span> <span class='ocrx_word' id='word_1_357' title='bbox 1571 2869 1659 2942; x_wconf 85' lang='lat' dir='ltr'>regis,</span> 
     </span>
     <span class='ocr_line' id='line_1_30' title="bbox 100 2951 1708 3038; baseline -0.002 -24"><span class='ocrx_word' id='word_1_358' title='bbox 100 2960 157 3014; x_wconf 78' lang='lat' dir='ltr'>Aut</span> <span class='ocrx_word' id='word_1_359' title='bbox 171 2958 282 3016; x_wconf 90' lang='lat' dir='ltr'>idcirco</span> <span class='ocrx_word' id='word_1_360' title='bbox 297 2961 393 3035; x_wconf 80' lang='lat' dir='ltr'>magis</span> <span class='ocrx_word' id='word_1_361' title='bbox 406 2961 555 3019; x_wconf 90' lang='lat' dir='ltr'>imbutum</span> <span class='ocrx_word' id='word_1_362' title='bbox 567 2966 594 3018; x_wconf 90' lang='lat' dir='ltr'>te</span> <span class='ocrx_word' id='word_1_363' title='bbox 610 2962 759 3019; x_wconf 89' lang='lat' dir='ltr'>meditaris</span> <span class='ocrx_word' id='word_1_364' title='bbox 981 2966 1150 3023; x_wconf 80' lang='lat' dir='ltr'>Commissa</span> <span class='ocrx_word' id='word_1_365' title='bbox 1167 2965 1260 3038; x_wconf 90' lang='lat' dir='ltr'>plebis</span> <span class='ocrx_word' id='word_1_366' title='bbox 1276 2981 1376 3020; x_wconf 90' lang='lat' dir='ltr'>curam</span> <span class='ocrx_word' id='word_1_367' title='bbox 1393 2978 1515 3036; x_wconf 87' lang='lat' dir='ltr'>pensare</span> <span class='ocrx_word' id='word_1_368' title='bbox 1530 2951 1708 3032; x_wconf 68' lang='lat' dir='ltr'>nequimusi</span> 
     </span>
     <span class='ocr_line' id='line_1_31' title="bbox 100 3046 1750 3127; baseline -0.006 -17"><span class='ocrx_word' id='word_1_369' title='bbox 100 3046 251 3110; x_wconf 64' lang='lat' dir='ltr'>Quatenus</span> <span class='ocrx_word' id='word_1_370' title='bbox 268 3049 305 3105; x_wconf 71' lang='lat' dir='ltr'>ad</span> <span class='ocrx_word' id='word_1_371' title='bbox 320 3049 452 3106; x_wconf 77' lang='lat' dir='ltr'>studium</span> <span class='ocrx_word' id='word_1_372' title='bbox 466 3051 605 3123; x_wconf 77' lang='lat' dir='ltr'>peccandi</span> <span class='ocrx_word' id='word_1_373' title='bbox 620 3049 805 3118; x_wconf 79' lang='lat' dir='ltr'>tiberiensis,</span> <span class='ocrx_word' id='word_1_374' title='bbox 981 3054 1196 3127; x_wconf 84' lang='lat' dir='ltr'>Indignomque</span> <span class='ocrx_word' id='word_1_375' title='bbox 1211 3055 1284 3110; x_wconf 84' lang='lat' dir='ltr'>toret</span> <span class='ocrx_word' id='word_1_376' title='bbox 1296 3056 1356 3109; x_wconf 91' lang='lat' dir='ltr'>tam</span> <span class='ocrx_word' id='word_1_377' title='bbox 1371 3052 1465 3108; x_wconf 90' lang='lat' dir='ltr'>claros</span> <span class='ocrx_word' id='word_1_378' title='bbox 1479 3054 1599 3121; x_wconf 86' lang='lat' dir='ltr'>tamque</span> <span class='ocrx_word' id='word_1_379' title='bbox 1613 3049 1750 3120; x_wconf 75' lang='lat' dir='ltr'>,potentes</span> 
     </span>
     <span class='ocr_line' id='line_1_32' title="bbox 104 3136 1608 3214; baseline 0.001 -22"><span class='ocrx_word' id='word_1_380' title='bbox 104 3136 161 3192; x_wconf 87' lang='lat' dir='ltr'>Seu</span> <span class='ocrx_word' id='word_1_381' title='bbox 175 3136 301 3194; x_wconf 87' lang='lat' dir='ltr'>Domino</span> <span class='ocrx_word' id='word_1_382' title='bbox 316 3140 415 3210; x_wconf 88' lang='lat' dir='ltr'>majus</span> <span class='ocrx_word' id='word_1_383' title='bbox 431 3139 552 3212; x_wconf 90' lang='lat' dir='ltr'>impunc</span> <span class='ocrx_word' id='word_1_384' title='bbox 566 3140 702 3196; x_wconf 90' lang='lat' dir='ltr'>resistere</span> <span class='ocrx_word' id='word_1_385' title='bbox 717 3139 823 3211; x_wconf 87' lang='lat' dir='ltr'>possis,</span> <span class='ocrx_word' id='word_1_386' title='bbox 982 3142 1121 3214; x_wconf 80' lang='lat' dir='ltr'>Degeneri</span> <span class='ocrx_word' id='word_1_387' title='bbox 1136 3144 1228 3199; x_wconf 78' lang='lat' dir='ltr'>turbas</span> <span class='ocrx_word' id='word_1_388' title='bbox 1244 3158 1297 3198; x_wconf 87' lang='lat' dir='ltr'>nos</span> <span class='ocrx_word' id='word_1_389' title='bbox 1312 3143 1393 3213; x_wconf 85' lang='lat' dir='ltr'>ipsos</span> <span class='ocrx_word' id='word_1_390' title='bbox 1409 3138 1608 3211; x_wconf 86' lang='lat' dir='ltr'>suppeditare.</span> 
     </span>
     <span class='ocr_line' id='line_1_33' title="bbox 100 3207 1665 3304; baseline -0.002 -18"><span class='ocrx_word' id='word_1_391' title='bbox 100 3228 162 3281; x_wconf 74' lang='lat' dir='ltr'>Aut</span> <span class='ocrx_word' id='word_1_392' title='bbox 176 3225 383 3301; x_wconf 87' lang='lat' dir='ltr'>hujuscemodi</span> <span class='ocrx_word' id='word_1_393' title='bbox 399 3226 470 3284; x_wconf 88' lang='lat' dir='ltr'>vitio</span> <span class='ocrx_word' id='word_1_394' title='bbox 483 3245 659 3301; x_wconf 90' lang='lat' dir='ltr'>quocunque</span> <span class='ocrx_word' id='word_1_395' title='bbox 672 3227 812 3285; x_wconf 90' lang='lat' dir='ltr'>tumescis</span> <span class='ocrx_word' id='word_1_396' title='bbox 943 3207 964 3274; x_wconf 71' lang='grc' dir='ltr'>(Ῑ</span> <span class='ocrx_word' id='word_1_397' title='bbox 982 3232 1058 3289; x_wconf 85' lang='lat' dir='ltr'>Sunt</span> <span class='ocrx_word' id='word_1_398' title='bbox 1073 3231 1121 3287; x_wconf 88' lang='lat' dir='ltr'>alii</span> <span class='ocrx_word' id='word_1_399' title='bbox 1137 3231 1246 3304; x_wconf 87' lang='lat' dir='ltr'>plures,</span> <span class='ocrx_word' id='word_1_400' title='bbox 1262 3230 1329 3302; x_wconf 87' lang='lat' dir='ltr'>quis</span> <span class='ocrx_word' id='word_1_401' title='bbox 1344 3226 1496 3283; x_wconf 87' lang='lat' dir='ltr'>conveniet</span> <span class='ocrx_word' id='word_1_402' title='bbox 1509 3228 1592 3281; x_wconf 90' lang='lat' dir='ltr'>labor</span> <span class='ocrx_word' id='word_1_403' title='bbox 1606 3224 1665 3283; x_wconf 86' lang='lat' dir='ltr'>ille.</span> 
     </span>
     <span class='ocr_line' id='line_1_34' title="bbox 101 3311 1749 3393; baseline -0.013 -4"><span class='ocrx_word' id='word_1_404' title='bbox 101 3314 259 3388; x_wconf 59' lang='grc' dir='ltr'>ὓθθῑὲὓῑῑθ</span> <span class='ocrx_word' id='word_1_405' title='bbox 272 3315 332 3372; x_wconf 67' lang='grc' dir='ltr'>Βθθ</span> <span class='ocrx_word' id='word_1_406' title='bbox 347 3317 403 3373; x_wconf 64' lang='lat' dir='ltr'>sub</span> <span class='ocrx_word' id='word_1_407' title='bbox 419 3315 488 3374; x_wconf 63' lang='lat' dir='ltr'>cleti</span> <span class='ocrx_word' id='word_1_408' title='bbox 503 3317 680 3384; x_wconf 88' lang='lat' dir='ltr'>conditione,</span> <span class='ocrx_word' id='word_1_409' title='bbox 982 3322 1019 3379; x_wconf 88' lang='lat' dir='ltr'>Ut</span> <span class='ocrx_word' id='word_1_410' title='bbox 1032 3321 1137 3393; x_wconf 81' lang='lat' dir='ltr'>vulgus</span> <span class='ocrx_word' id='word_1_411' title='bbox 1152 3321 1275 3375; x_wconf 84' lang='lat' dir='ltr'>doceant</span> <span class='ocrx_word' id='word_1_412' title='bbox 1284 3321 1313 3373; x_wconf 88' lang='lat' dir='ltr'>et</span> <span class='ocrx_word' id='word_1_413' title='bbox 1326 3320 1359 3371; x_wconf 88' lang='lat' dir='ltr'>ut</span> <span class='ocrx_word' id='word_1_414' title='bbox 1373 3314 1515 3387; x_wconf 80' lang='lat' dir='ltr'>exemplis</span> <span class='ocrx_word' id='word_1_415' title='bbox 1528 3315 1603 3369; x_wconf 89' lang='lat' dir='ltr'>bene</span> <span class='ocrx_word' id='word_1_416' title='bbox 1613 3311 1749 3384; x_wconf 77' lang='lat' dir='ltr'>praesint3</span> 
     </span>
     <span class='ocr_line' id='line_1_35' title="bbox 98 3401 1749 3480; baseline -0.002 -22"><span class='ocrx_word' id='word_1_417' title='bbox 98 3402 167 3459; x_wconf 75' lang='lat' dir='ltr'>iam</span> <span class='ocrx_word' id='word_1_418' title='bbox 182 3403 272 3460; x_wconf 86' lang='lat' dir='ltr'>liceat</span> <span class='ocrx_word' id='word_1_419' title='bbox 286 3405 389 3477; x_wconf 88' lang='lat' dir='ltr'>paucis</span> <span class='ocrx_word' id='word_1_420' title='bbox 404 3406 439 3463; x_wconf 86' lang='lat' dir='ltr'>ad</span> <span class='ocrx_word' id='word_1_421' title='bbox 460 3410 489 3462; x_wconf 89' lang='lat' dir='ltr'>te</span> <span class='ocrx_word' id='word_1_422' title='bbox 504 3405 669 3479; x_wconf 85' lang='lat' dir='ltr'>pertingere</span> <span class='ocrx_word' id='word_1_423' title='bbox 682 3405 789 3461; x_wconf 84' lang='lat' dir='ltr'>verbis.</span> <span class='ocrx_word' id='word_1_424' title='bbox 981 3410 1039 3467; x_wconf 90' lang='lat' dir='ltr'>Nos</span> <span class='ocrx_word' id='word_1_425' title='bbox 1055 3408 1157 3466; x_wconf 91' lang='lat' dir='ltr'>mundi</span> <span class='ocrx_word' id='word_1_426' title='bbox 1173 3422 1316 3480; x_wconf 90' lang='lat' dir='ltr'>proceres,</span> <span class='ocrx_word' id='word_1_427' title='bbox 1332 3422 1385 3460; x_wconf 91' lang='lat' dir='ltr'>nos</span> <span class='ocrx_word' id='word_1_428' title='bbox 1397 3406 1510 3460; x_wconf 91' lang='lat' dir='ltr'>constat</span> <span class='ocrx_word' id='word_1_429' title='bbox 1525 3404 1560 3457; x_wconf 93' lang='lat' dir='ltr'>ad</span> <span class='ocrx_word' id='word_1_430' title='bbox 1577 3401 1636 3457; x_wconf 88' lang='lat' dir='ltr'>otia</span> <span class='ocrx_word' id='word_1_431' title='bbox 1654 3404 1749 3468; x_wconf 87' lang='lat' dir='ltr'>natos,</span> 
     </span>
     <span class='ocr_line' id='line_1_36' title="bbox 100 3489 1801 3570; baseline -0.002 -23"><span class='ocrx_word' id='word_1_432' title='bbox 100 3493 160 3548; x_wconf 84' lang='lat' dir='ltr'>cur</span> <span class='ocrx_word' id='word_1_433' title='bbox 177 3493 329 3550; x_wconf 85' lang='lat' dir='ltr'>rationalis</span> <span class='ocrx_word' id='word_1_434' title='bbox 345 3493 468 3552; x_wconf 85' lang='lat' dir='ltr'>hcctele</span> <span class='ocrx_word' id='word_1_435' title='bbox 483 3495 595 3551; x_wconf 91' lang='lat' dir='ltr'>malurn</span> <span class='ocrx_word' id='word_1_436' title='bbox 609 3494 772 3562; x_wconf 86' lang='lat' dir='ltr'>meditaris,</span> <span class='ocrx_word' id='word_1_437' title='bbox 983 3499 1077 3570; x_wconf 89' lang='lat' dir='ltr'>thue</span> <span class='ocrx_word' id='word_1_438' title='bbox 1091 3513 1209 3564; x_wconf 90' lang='lat' dir='ltr'>canum,</span> <span class='ocrx_word' id='word_1_439' title='bbox 1225 3494 1377 3551; x_wconf 88' lang='lat' dir='ltr'>volorcum</span> <span class='ocrx_word' id='word_1_440' title='bbox 1394 3496 1538 3548; x_wconf 87' lang='lat' dir='ltr'>sectemur</span> <span class='ocrx_word' id='word_1_441' title='bbox 1552 3489 1666 3546; x_wconf 90' lang='lat' dir='ltr'>ludicra</span> <span class='ocrx_word' id='word_1_442' title='bbox 1675 3491 1801 3556; x_wconf 90' lang='lat' dir='ltr'>tantum,</span> 
     </span>
     <span class='ocr_line' id='line_1_37' title="bbox 100 3577 1749 3660; baseline -0.003 -24"><span class='ocrx_word' id='word_1_443' title='bbox 100 3579 138 3637; x_wconf 84' lang='lat' dir='ltr'>ut</span> <span class='ocrx_word' id='word_1_444' title='bbox 154 3597 207 3654; x_wconf 88' lang='lat' dir='ltr'>per</span> <span class='ocrx_word' id='word_1_445' title='bbox 220 3583 298 3639; x_wconf 93' lang='lat' dir='ltr'>dona</span> <span class='ocrx_word' id='word_1_446' title='bbox 311 3583 375 3655; x_wconf 90' lang='lat' dir='ltr'>Dei,</span> <span class='ocrx_word' id='word_1_447' title='bbox 392 3601 455 3657; x_wconf 82' lang='lat' dir='ltr'>quae</span> <span class='ocrx_word' id='word_1_448' title='bbox 471 3584 635 3641; x_wconf 87' lang='lat' dir='ltr'>contulerat</span> <span class='ocrx_word' id='word_1_449' title='bbox 650 3583 704 3640; x_wconf 95' lang='lat' dir='ltr'>tibi</span> <span class='ocrx_word' id='word_1_450' title='bbox 720 3586 832 3656; x_wconf 88' lang='lat' dir='ltr'>sponte,</span> <span class='ocrx_word' id='word_1_451' title='bbox 982 3589 1049 3656; x_wconf 87' lang='lat' dir='ltr'>Seu,</span> <span class='ocrx_word' id='word_1_452' title='bbox 1066 3601 1249 3660; x_wconf 77' lang='lat' dir='ltr'>quaecunque</span> <span class='ocrx_word' id='word_1_453' title='bbox 1264 3577 1388 3657; x_wconf 83' lang='lat' dir='ltr'>placent,</span> <span class='ocrx_word' id='word_1_454' title='bbox 1404 3581 1450 3637; x_wconf 94' lang='lat' dir='ltr'>his</span> <span class='ocrx_word' id='word_1_455' title='bbox 1461 3579 1573 3636; x_wconf 87' lang='lat' dir='ltr'>deliciis</span> <span class='ocrx_word' id='word_1_456' title='bbox 1584 3577 1749 3651; x_wconf 85' lang='lat' dir='ltr'>potiemur:</span> 
     </span>
     <span class='ocr_line' id='line_1_38' title="bbox 99 3667 1708 3750; baseline 0 -26"><span class='ocrx_word' id='word_1_457' title='bbox 99 3667 171 3725; x_wconf 84' lang='lat' dir='ltr'>Plus</span> <span class='ocrx_word' id='word_1_458' title='bbox 186 3669 254 3727; x_wconf 84' lang='lat' dir='ltr'>aliis</span> <span class='ocrx_word' id='word_1_459' title='bbox 267 3672 389 3750; x_wconf 82' lang='lat' dir='ltr'>demens</span> <span class='ocrx_word' id='word_1_460' title='bbox 404 3673 472 3729; x_wconf 91' lang='lat' dir='ltr'>hinc</span> <span class='ocrx_word' id='word_1_461' title='bbox 487 3672 636 3730; x_wconf 82' lang='lat' dir='ltr'>extollaris</span> <span class='ocrx_word' id='word_1_462' title='bbox 647 3673 677 3727; x_wconf 93' lang='lat' dir='ltr'>in</span> <span class='ocrx_word' id='word_1_463' title='bbox 691 3673 809 3745; x_wconf 80' lang='lat' dir='ltr'>ipsum?</span> <span class='ocrx_word' id='word_1_464' title='bbox 983 3677 1056 3735; x_wconf 88' lang='lat' dir='ltr'>Nam</span> <span class='ocrx_word' id='word_1_465' title='bbox 1070 3677 1135 3732; x_wconf 72' lang='lat' dir='ltr'>vitea</span> <span class='ocrx_word' id='word_1_466' title='bbox 1151 3675 1240 3745; x_wconf 90' lang='lat' dir='ltr'>hujus</span> <span class='ocrx_word' id='word_1_467' title='bbox 1256 3689 1325 3746; x_wconf 89' lang='lat' dir='ltr'>opes</span> <span class='ocrx_word' id='word_1_468' title='bbox 1338 3671 1404 3728; x_wconf 90' lang='lat' dir='ltr'>illos</span> <span class='ocrx_word' id='word_1_469' title='bbox 1419 3673 1554 3742; x_wconf 77' lang='lat' dir='ltr'>quaerunt</span> <span class='ocrx_word' id='word_1_470' title='bbox 1568 3667 1708 3736; x_wconf 86' lang='lat' dir='ltr'>seniores,</span> 
     </span>
     <span class='ocr_line' id='line_1_39' title="bbox 99 3757 1650 3839; baseline -0.001 -26"><span class='ocrx_word' id='word_1_471' title='bbox 99 3758 143 3813; x_wconf 76' lang='lat' dir='ltr'>Ad</span> <span class='ocrx_word' id='word_1_472' title='bbox 159 3763 290 3816; x_wconf 89' lang='lat' dir='ltr'>mentem</span> <span class='ocrx_word' id='word_1_473' title='bbox 305 3777 410 3818; x_wconf 88' lang='lat' dir='ltr'>revoca</span> <span class='ocrx_word' id='word_1_474' title='bbox 423 3763 529 3819; x_wconf 79' lang='lat' dir='ltr'>Iudaeae</span> <span class='ocrx_word' id='word_1_475' title='bbox 546 3762 641 3836; x_wconf 88' lang='lat' dir='ltr'>plebis</span> <span class='ocrx_word' id='word_1_476' title='bbox 657 3760 775 3831; x_wconf 88' lang='lat' dir='ltr'>olivam,</span> <span class='ocrx_word' id='word_1_477' title='bbox 982 3766 1035 3831; x_wconf 81' lang='lat' dir='ltr'>Qui</span> <span class='ocrx_word' id='word_1_478' title='bbox 1051 3783 1141 3839; x_wconf 85' lang='lat' dir='ltr'>supra</span> <span class='ocrx_word' id='word_1_479' title='bbox 1156 3764 1242 3821; x_wconf 88' lang='lat' dir='ltr'>dictis</span> <span class='ocrx_word' id='word_1_480' title='bbox 1257 3762 1394 3819; x_wconf 90' lang='lat' dir='ltr'>studeant</span> <span class='ocrx_word' id='word_1_481' title='bbox 1409 3760 1547 3817; x_wconf 88' lang='lat' dir='ltr'>insistere</span> <span class='ocrx_word' id='word_1_482' title='bbox 1561 3757 1650 3824; x_wconf 87' lang='lat' dir='ltr'>ludis,</span> 
     </span>
     <span class='ocr_line' id='line_1_40' title="bbox 100 3845 1696 3925; baseline 0.002 -23"><span class='ocrx_word' id='word_1_483' title='bbox 100 3845 170 3910; x_wconf 71' lang='lat' dir='ltr'>Quo</span> <span class='ocrx_word' id='word_1_484' title='bbox 183 3848 320 3905; x_wconf 88' lang='lat' dir='ltr'>Patribus</span> <span class='ocrx_word' id='word_1_485' title='bbox 336 3851 449 3907; x_wconf 86' lang='lat' dir='ltr'>sanctis</span> <span class='ocrx_word' id='word_1_486' title='bbox 464 3851 599 3923; x_wconf 88' lang='lat' dir='ltr'>quamvis</span> <span class='ocrx_word' id='word_1_487' title='bbox 616 3849 730 3906; x_wconf 85' lang='lat' dir='ltr'>exculta</span> <span class='ocrx_word' id='word_1_488' title='bbox 744 3848 848 3906; x_wconf 85' lang='lat' dir='ltr'>luisset</span> <span class='ocrx_word' id='word_1_489' title='bbox 981 3855 1039 3912; x_wconf 80' lang='lat' dir='ltr'>Nec</span> <span class='ocrx_word' id='word_1_490' title='bbox 1054 3854 1142 3911; x_wconf 78' lang='lat' dir='ltr'>fuerit</span> <span class='ocrx_word' id='word_1_491' title='bbox 1156 3854 1242 3909; x_wconf 75' lang='lat' dir='ltr'>luxua</span> <span class='ocrx_word' id='word_1_492' title='bbox 1259 3852 1336 3925; x_wconf 89' lang='lat' dir='ltr'>quod</span> <span class='ocrx_word' id='word_1_493' title='bbox 1352 3849 1455 3906; x_wconf 90' lang='lat' dir='ltr'>mundi</span> <span class='ocrx_word' id='word_1_494' title='bbox 1467 3846 1597 3922; x_wconf 86' lang='lat' dir='ltr'>postulet</span> <span class='ocrx_word' id='word_1_495' title='bbox 1611 3862 1696 3903; x_wconf 79' lang='lat' dir='ltr'>usus.</span> 
     </span>
     <span class='ocr_line' id='line_1_41' title="bbox 98 3935 1731 4015; baseline 0.001 -25"><span class='ocrx_word' id='word_1_496' title='bbox 98 3939 140 3991; x_wconf 77' lang='lat' dir='ltr'>Ac</span> <span class='ocrx_word' id='word_1_497' title='bbox 153 3935 228 4010; x_wconf 83' lang='lat' dir='ltr'>legis</span> <span class='ocrx_word' id='word_1_498' title='bbox 243 3942 351 3995; x_wconf 79' lang='lat' dir='ltr'>sancte</span> <span class='ocrx_word' id='word_1_499' title='bbox 361 3940 520 3997; x_wconf 89' lang='lat' dir='ltr'>meruisset</span> <span class='ocrx_word' id='word_1_500' title='bbox 533 3941 610 3997; x_wconf 89' lang='lat' dir='ltr'>dona</span> <span class='ocrx_word' id='word_1_501' title='bbox 624 3944 732 4007; x_wconf 88' lang='lat' dir='ltr'>tenere,</span> <span class='ocrx_word' id='word_1_502' title='bbox 980 3949 1058 4015; x_wconf 83' lang='lat' dir='ltr'>Haec,</span> <span class='ocrx_word' id='word_1_503' title='bbox 1075 3945 1100 4000; x_wconf 91' lang='lat' dir='ltr'>si</span> <span class='ocrx_word' id='word_1_504' title='bbox 1111 3960 1169 3999; x_wconf 90' lang='lat' dir='ltr'>non</span> <span class='ocrx_word' id='word_1_505' title='bbox 1185 3943 1275 4008; x_wconf 91' lang='lat' dir='ltr'>dictu,</span> <span class='ocrx_word' id='word_1_506' title='bbox 1291 3945 1390 3996; x_wconf 86' lang='lat' dir='ltr'>tamen</span> <span class='ocrx_word' id='word_1_507' title='bbox 1406 3938 1593 3995; x_wconf 78' lang='lat' dir='ltr'>affirmantur</span> <span class='ocrx_word' id='word_1_508' title='bbox 1606 3935 1637 3992; x_wconf 90' lang='lat' dir='ltr'>in</span> <span class='ocrx_word' id='word_1_509' title='bbox 1653 3937 1731 4003; x_wconf 90' lang='lat' dir='ltr'>actu,</span> 
     </span>
     <span class='ocr_line' id='line_1_42' title="bbox 97 4022 1681 4103; baseline 0.002 -23"><span class='ocrx_word' id='word_1_510' title='bbox 97 4023 173 4081; x_wconf 85' lang='lat' dir='ltr'>Eine</span> <span class='ocrx_word' id='word_1_511' title='bbox 184 4022 253 4084; x_wconf 90' lang='lat' dir='ltr'>licet</span> <span class='ocrx_word' id='word_1_512' title='bbox 262 4033 292 4084; x_wconf 90' lang='lat' dir='ltr'>et</span> <span class='ocrx_word' id='word_1_513' title='bbox 306 4028 441 4086; x_wconf 88' lang='lat' dir='ltr'>Christus</span> <span class='ocrx_word' id='word_1_514' title='bbox 452 4030 539 4101; x_wconf 78' lang='lat' dir='ltr'>juxta</span> <span class='ocrx_word' id='word_1_515' title='bbox 551 4044 668 4086; x_wconf 90' lang='lat' dir='ltr'>carnem</span> <span class='ocrx_word' id='word_1_516' title='bbox 684 4028 758 4083; x_wconf 81' lang='lat' dir='ltr'>soret</span> <span class='ocrx_word' id='word_1_517' title='bbox 772 4030 864 4092; x_wconf 84' lang='lat' dir='ltr'>ortus,</span> <span class='ocrx_word' id='word_1_518' title='bbox 982 4033 1063 4091; x_wconf 82' lang='lat' dir='ltr'>Sicut</span> <span class='ocrx_word' id='word_1_519' title='bbox 1077 4036 1105 4088; x_wconf 90' lang='lat' dir='ltr'>ct</span> <span class='ocrx_word' id='word_1_520' title='bbox 1119 4032 1182 4103; x_wconf 91' lang='lat' dir='ltr'>ipse</span> <span class='ocrx_word' id='word_1_521' title='bbox 1197 4031 1301 4103; x_wconf 87' lang='lat' dir='ltr'>probat</span> <span class='ocrx_word' id='word_1_522' title='bbox 1313 4045 1377 4084; x_wconf 90' lang='lat' dir='ltr'>mos</span> <span class='ocrx_word' id='word_1_523' title='bbox 1393 4027 1463 4084; x_wconf 91' lang='lat' dir='ltr'>cleri</span> <span class='ocrx_word' id='word_1_524' title='bbox 1479 4027 1681 4099; x_wconf 89' lang='lat' dir='ltr'>quotidianus.</span> 
     </span>
     <span class='ocr_line' id='line_1_43' title="bbox 97 4111 1768 4190; baseline 0 -21"><span class='ocrx_word' id='word_1_525' title='bbox 97 4111 172 4171; x_wconf 83' lang='lat' dir='ltr'>Gom</span> <span class='ocrx_word' id='word_1_526' title='bbox 188 4131 220 4172; x_wconf 88' lang='lat' dir='ltr'>se</span> <span class='ocrx_word' id='word_1_527' title='bbox 232 4119 311 4173; x_wconf 85' lang='lat' dir='ltr'>stare</span> <span class='ocrx_word' id='word_1_528' title='bbox 326 4117 391 4174; x_wconf 88' lang='lat' dir='ltr'>suis</span> <span class='ocrx_word' id='word_1_529' title='bbox 407 4116 493 4174; x_wconf 90' lang='lat' dir='ltr'>vellet</span> <span class='ocrx_word' id='word_1_530' title='bbox 508 4118 653 4174; x_wconf 87' lang='lat' dir='ltr'>confidere</span> <span class='ocrx_word' id='word_1_531' title='bbox 665 4115 766 4184; x_wconf 89' lang='lat' dir='ltr'>ramis,</span> <span class='ocrx_word' id='word_1_532' title='bbox 980 4123 1032 4178; x_wconf 78' lang='lat' dir='ltr'>Est</span> <span class='ocrx_word' id='word_1_533' title='bbox 1046 4124 1074 4177; x_wconf 89' lang='lat' dir='ltr'>et</span> <span class='ocrx_word' id='word_1_534' title='bbox 1086 4120 1181 4178; x_wconf 89' lang='lat' dir='ltr'>abduc</span> <span class='ocrx_word' id='word_1_535' title='bbox 1196 4120 1296 4174; x_wconf 88' lang='lat' dir='ltr'>vitium</span> <span class='ocrx_word' id='word_1_536' title='bbox 1313 4114 1435 4190; x_wconf 90' lang='lat' dir='ltr'>reliquis</span> <span class='ocrx_word' id='word_1_537' title='bbox 1450 4133 1569 4189; x_wconf 85' lang='lat' dir='ltr'>comper</span> <span class='ocrx_word' id='word_1_538' title='bbox 1584 4114 1768 4172; x_wconf 80' lang='lat' dir='ltr'>referendum</span> 
     </span>
     <span class='ocr_line' id='line_1_44' title="bbox 85 4204 1685 4283; baseline 0.001 -26"><span class='ocrx_word' id='word_1_539' title='bbox 85 4207 196 4275; x_wconf 62' lang='lat' dir='ltr'>&gt;Atque</span> <span class='ocrx_word' id='word_1_540' title='bbox 211 4205 379 4278; x_wconf 87' lang='lat' dir='ltr'>superbiret</span> <span class='ocrx_word' id='word_1_541' title='bbox 389 4207 425 4263; x_wconf 88' lang='lat' dir='ltr'>de</span> <span class='ocrx_word' id='word_1_542' title='bbox 439 4205 513 4279; x_wconf 82' lang='lat' dir='ltr'>legis</span> <span class='ocrx_word' id='word_1_543' title='bbox 528 4206 696 4272; x_wconf 88' lang='lat' dir='ltr'>traditione,</span> <span class='ocrx_word' id='word_1_544' title='bbox 980 4212 1051 4283; x_wconf 77' lang='lat' dir='ltr'>Ejus</span> <span class='ocrx_word' id='word_1_545' title='bbox 1061 4210 1140 4267; x_wconf 90' lang='lat' dir='ltr'>enirn</span> <span class='ocrx_word' id='word_1_546' title='bbox 1156 4209 1266 4265; x_wconf 89' lang='lat' dir='ltr'>crimen</span> <span class='ocrx_word' id='word_1_547' title='bbox 1282 4209 1332 4280; x_wconf 93' lang='lat' dir='ltr'>qui</span> <span class='ocrx_word' id='word_1_548' title='bbox 1343 4212 1481 4281; x_wconf 90' lang='lat' dir='ltr'>speratur</span> <span class='ocrx_word' id='word_1_549' title='bbox 1491 4207 1561 4278; x_wconf 91' lang='lat' dir='ltr'>quid</span> <span class='ocrx_word' id='word_1_550' title='bbox 1577 4204 1685 4260; x_wconf 91' lang='lat' dir='ltr'>habere</span> 
     </span>
     <span class='ocr_line' id='line_1_45' title="bbox 96 4281 1641 4368; baseline 0 -21"><span class='ocrx_word' id='word_1_551' title='bbox 96 4289 298 4351; x_wconf 82' lang='lat' dir='ltr'>Contemnens</span> <span class='ocrx_word' id='word_1_552' title='bbox 312 4295 401 4352; x_wconf 88' lang='lat' dir='ltr'>subdi</span> <span class='ocrx_word' id='word_1_553' title='bbox 418 4281 556 4352; x_wconf 78' lang='lat' dir='ltr'>doctrinas</span> <span class='ocrx_word' id='word_1_554' title='bbox 570 4292 727 4367; x_wconf 88' lang='lat' dir='ltr'>spirituali,</span> <span class='ocrx_word' id='word_1_555' title='bbox 979 4304 1073 4355; x_wconf 81' lang='lat' dir='ltr'>cauea</span> <span class='ocrx_word' id='word_1_556' title='bbox 1087 4302 1185 4353; x_wconf 89' lang='lat' dir='ltr'>manet</span> <span class='ocrx_word' id='word_1_557' title='bbox 1200 4296 1284 4352; x_wconf 89' lang='lat' dir='ltr'>nobis</span> <span class='ocrx_word' id='word_1_558' title='bbox 1301 4297 1433 4368; x_wconf 90' lang='lat' dir='ltr'>ejusdem</span> <span class='ocrx_word' id='word_1_559' title='bbox 1447 4296 1535 4351; x_wconf 90' lang='lat' dir='ltr'>rebus</span> <span class='ocrx_word' id='word_1_560' title='bbox 1550 4293 1641 4350; x_wconf 85' lang='lat' dir='ltr'>abuti.</span> 
     </span>
     <span class='ocr_line' id='line_1_46' title="bbox 96 4379 1733 4459; baseline -0.001 -22"><span class='ocrx_word' id='word_1_561' title='bbox 96 4379 164 4437; x_wconf 79' lang='lat' dir='ltr'>idox</span> <span class='ocrx_word' id='word_1_562' title='bbox 178 4382 303 4455; x_wconf 78' lang='lat' dir='ltr'>precisa</span> <span class='ocrx_word' id='word_1_563' title='bbox 317 4383 382 4440; x_wconf 89' lang='lat' dir='ltr'>suis</span> <span class='ocrx_word' id='word_1_564' title='bbox 396 4384 483 4457; x_wconf 81' lang='lat' dir='ltr'>coepit</span> <span class='ocrx_word' id='word_1_565' title='bbox 497 4399 675 4441; x_wconf 87' lang='lat' dir='ltr'>marcescere</span> <span class='ocrx_word' id='word_1_566' title='bbox 696 4383 796 4450; x_wconf 87' lang='lat' dir='ltr'>remis,</span> <span class='ocrx_word' id='word_1_567' title='bbox 979 4389 1061 4445; x_wconf 85' lang='lat' dir='ltr'>Tunc</span> <span class='ocrx_word' id='word_1_568' title='bbox 1076 4387 1168 4459; x_wconf 87' lang='lat' dir='ltr'>raptis</span> <span class='ocrx_word' id='word_1_569' title='bbox 1181 4386 1268 4441; x_wconf 89' lang='lat' dir='ltr'>rebus</span> <span class='ocrx_word' id='word_1_570' title='bbox 1283 4385 1424 4439; x_wconf 88' lang='lat' dir='ltr'>miseram</span> <span class='ocrx_word' id='word_1_571' title='bbox 1441 4401 1497 4439; x_wconf 90' lang='lat' dir='ltr'>non</span> <span class='ocrx_word' id='word_1_572' title='bbox 1514 4382 1634 4454; x_wconf 85' lang='lat' dir='ltr'>corrigit</span> <span class='ocrx_word' id='word_1_573' title='bbox 1645 4380 1733 4448; x_wconf 90' lang='lat' dir='ltr'>nllus,</span> 
     </span>
     <span class='ocr_line' id='line_1_47' title="bbox 98 4460 1695 4550; baseline 0 -26"><span class='ocrx_word' id='word_1_574' title='bbox 98 4467 130 4524; x_wconf 80' lang='lat' dir='ltr'>Si</span> <span class='ocrx_word' id='word_1_575' title='bbox 143 4469 223 4527; x_wconf 87' lang='lat' dir='ltr'>Dens</span> <span class='ocrx_word' id='word_1_576' title='bbox 237 4488 307 4545; x_wconf 81' lang='lat' dir='ltr'>ergo</span> <span class='ocrx_word' id='word_1_577' title='bbox 322 4488 411 4529; x_wconf 81' lang='lat' dir='ltr'>come</span> <span class='ocrx_word' id='word_1_578' title='bbox 425 4460 480 4529; x_wconf 87' lang='lat' dir='ltr'>nec</span> <span class='ocrx_word' id='word_1_579' title='bbox 494 4472 638 4529; x_wconf 85' lang='lat' dir='ltr'>naturalis</span> <span class='ocrx_word' id='word_1_580' title='bbox 653 4470 732 4528; x_wconf 79' lang='lat' dir='ltr'>olive</span> <span class='ocrx_word' id='word_1_581' title='bbox 978 4476 1016 4532; x_wconf 87' lang='lat' dir='ltr'>Ut</span> <span class='ocrx_word' id='word_1_582' title='bbox 1032 4491 1082 4550; x_wconf 90' lang='lat' dir='ltr'>pro</span> <span class='ocrx_word' id='word_1_583' title='bbox 1098 4474 1264 4532; x_wconf 89' lang='lat' dir='ltr'>commissis</span> <span class='ocrx_word' id='word_1_584' title='bbox 1279 4473 1465 4544; x_wconf 87' lang='lat' dir='ltr'>aliquatenus</span> <span class='ocrx_word' id='word_1_585' title='bbox 1481 4471 1528 4526; x_wconf 93' lang='lat' dir='ltr'>hic</span> <span class='ocrx_word' id='word_1_586' title='bbox 1544 4472 1695 4542; x_wconf 89' lang='lat' dir='ltr'>reparatus</span> 
     </span>
     <span class='ocr_line' id='line_1_48' title="bbox 102 4555 1641 4641; baseline -0.001 -29"><span class='ocrx_word' id='word_1_587' title='bbox 102 4555 224 4641; x_wconf 84' lang='lat' dir='ltr'>Parcere</span> <span class='ocrx_word' id='word_1_588' title='bbox 238 4560 377 4633; x_wconf 82' lang='lat' dir='ltr'>decrevit,</span> <span class='ocrx_word' id='word_1_589' title='bbox 393 4562 466 4617; x_wconf 90' lang='lat' dir='ltr'>dum</span> <span class='ocrx_word' id='word_1_590' title='bbox 480 4568 582 4617; x_wconf 89' lang='lat' dir='ltr'>contra</span> <span class='ocrx_word' id='word_1_591' title='bbox 595 4560 680 4617; x_wconf 91' lang='lat' dir='ltr'>illum</span> <span class='ocrx_word' id='word_1_592' title='bbox 696 4560 771 4617; x_wconf 91' lang='lat' dir='ltr'>male</span> <span class='ocrx_word' id='word_1_593' title='bbox 787 4560 879 4629; x_wconf 80' lang='lat' dir='ltr'>savit,</span> <span class='ocrx_word' id='word_1_594' title='bbox 941 4577 963 4641; x_wconf 69' lang='grc' dir='ltr'>Ι)</span> <span class='ocrx_word' id='word_1_595' title='bbox 979 4564 1074 4622; x_wconf 87' lang='lat' dir='ltr'>Possit</span> <span class='ocrx_word' id='word_1_596' title='bbox 1089 4566 1233 4636; x_wconf 82' lang='lat' dir='ltr'>perpetua</span> <span class='ocrx_word' id='word_1_597' title='bbox 1247 4562 1383 4617; x_wconf 79' lang='lat' dir='ltr'>flammas</span> <span class='ocrx_word' id='word_1_598' title='bbox 1398 4561 1519 4616; x_wconf 84' lang='lat' dir='ltr'>evadere</span> <span class='ocrx_word' id='word_1_599' title='bbox 1538 4573 1641 4631; x_wconf 82' lang='lat' dir='ltr'>poene.</span> 
     </span>
     <span class='ocr_line' id='line_1_49' title="bbox 101 4643 1749 4724; baseline -0.002 -23"><span class='ocrx_word' id='word_1_600' title='bbox 101 4644 161 4702; x_wconf 80' lang='lat' dir='ltr'>Nec</span> <span class='ocrx_word' id='word_1_601' title='bbox 175 4647 241 4716; x_wconf 88' lang='lat' dir='ltr'>tibi,</span> <span class='ocrx_word' id='word_1_602' title='bbox 259 4649 310 4721; x_wconf 91' lang='lat' dir='ltr'>qui</span> <span class='ocrx_word' id='word_1_603' title='bbox 326 4649 419 4723; x_wconf 80' lang='lat' dir='ltr'>gratis</span> <span class='ocrx_word' id='word_1_604' title='bbox 433 4649 592 4706; x_wconf 88' lang='lat' dir='ltr'>miserante</span> <span class='ocrx_word' id='word_1_605' title='bbox 605 4650 663 4706; x_wconf 88' lang='lat' dir='ltr'>Deo</span> <span class='ocrx_word' id='word_1_606' title='bbox 683 4649 837 4722; x_wconf 88' lang='lat' dir='ltr'>repararis,</span> <span class='ocrx_word' id='word_1_607' title='bbox 981 4653 1036 4709; x_wconf 84' lang='lat' dir='ltr'>Sed</span> <span class='ocrx_word' id='word_1_608' title='bbox 1050 4653 1116 4724; x_wconf 89' lang='lat' dir='ltr'>quis</span> <span class='ocrx_word' id='word_1_609' title='bbox 1131 4657 1192 4708; x_wconf 90' lang='lat' dir='ltr'>tam</span> <span class='ocrx_word' id='word_1_610' title='bbox 1209 4652 1313 4706; x_wconf 91' lang='lat' dir='ltr'>doctus</span> <span class='ocrx_word' id='word_1_611' title='bbox 1328 4665 1497 4722; x_wconf 86' lang='lat' dir='ltr'>percurrere</span> <span class='ocrx_word' id='word_1_612' title='bbox 1512 4643 1630 4719; x_wconf 83' lang='lat' dir='ltr'>singula</span> <span class='ocrx_word' id='word_1_613' title='bbox 1649 4647 1749 4716; x_wconf 87' lang='lat' dir='ltr'>posset</span> 
     </span>
     <span class='ocr_line' id='line_1_50' title="bbox 97 4734 1746 4815; baseline -0.001 -24"><span class='ocrx_word' id='word_1_614' title='bbox 97 4734 227 4794; x_wconf 74' lang='lat' dir='ltr'>sivest</span> <span class='ocrx_word' id='word_1_615' title='bbox 240 4738 354 4811; x_wconf 87' lang='lat' dir='ltr'>abjecto</span> <span class='ocrx_word' id='word_1_616' title='bbox 370 4737 524 4811; x_wconf 83' lang='lat' dir='ltr'>plantatus</span> <span class='ocrx_word' id='word_1_617' title='bbox 539 4755 571 4796; x_wconf 89' lang='lat' dir='ltr'>es</span> <span class='ocrx_word' id='word_1_618' title='bbox 585 4755 620 4795; x_wconf 85' lang='lat' dir='ltr'>ex</span> <span class='ocrx_word' id='word_1_619' title='bbox 635 4737 772 4806; x_wconf 87' lang='lat' dir='ltr'>oleastro,</span> <span class='ocrx_word' id='word_1_620' title='bbox 979 4747 1013 4798; x_wconf 86' lang='lat' dir='ltr'>tn</span> <span class='ocrx_word' id='word_1_621' title='bbox 1029 4742 1136 4815; x_wconf 91' lang='lat' dir='ltr'>quibus</span> <span class='ocrx_word' id='word_1_622' title='bbox 1150 4745 1286 4796; x_wconf 88' lang='lat' dir='ltr'>auctores</span> <span class='ocrx_word' id='word_1_623' title='bbox 1301 4737 1444 4796; x_wconf 90' lang='lat' dir='ltr'>scelerum</span> <span class='ocrx_word' id='word_1_624' title='bbox 1456 4735 1657 4793; x_wconf 88' lang='lat' dir='ltr'>convincimur</span> <span class='ocrx_word' id='word_1_625' title='bbox 1671 4749 1746 4802; x_wconf 90' lang='lat' dir='ltr'>esse,</span> 
     </span>
     <span class='ocr_line' id='line_1_51' title="bbox 98 4823 1669 4904; baseline -0.001 -23"><span class='ocrx_word' id='word_1_626' title='bbox 98 4823 131 4881; x_wconf 73' lang='lat' dir='ltr'>Si</span> <span class='ocrx_word' id='word_1_627' title='bbox 145 4825 238 4883; x_wconf 82' lang='lat' dir='ltr'>simul</span> <span class='ocrx_word' id='word_1_628' title='bbox 255 4827 381 4894; x_wconf 87' lang='lat' dir='ltr'>insanis,</span> <span class='ocrx_word' id='word_1_629' title='bbox 397 4831 496 4899; x_wconf 91' lang='lat' dir='ltr'>parcet</span> <span class='ocrx_word' id='word_1_630' title='bbox 505 4843 611 4884; x_wconf 85' lang='lat' dir='ltr'>manns</span> <span class='ocrx_word' id='word_1_631' title='bbox 622 4827 848 4901; x_wconf 78' lang='lat' dir='ltr'>omnipotentis.</span> <span class='ocrx_word' id='word_1_632' title='bbox 980 4831 1049 4900; x_wconf 84' lang='lat' dir='ltr'>Nos,</span> <span class='ocrx_word' id='word_1_633' title='bbox 1066 4830 1115 4904; x_wconf 92' lang='lat' dir='ltr'>qui</span> <span class='ocrx_word' id='word_1_634' title='bbox 1132 4828 1197 4903; x_wconf 91' lang='lat' dir='ltr'>plus</span> <span class='ocrx_word' id='word_1_635' title='bbox 1209 4828 1274 4885; x_wconf 89' lang='lat' dir='ltr'>aliis</span> <span class='ocrx_word' id='word_1_636' title='bbox 1290 4828 1390 4885; x_wconf 90' lang='lat' dir='ltr'>divina</span> <span class='ocrx_word' id='word_1_637' title='bbox 1403 4825 1518 4900; x_wconf 82' lang='lat' dir='ltr'>negotia</span> <span class='ocrx_word' id='word_1_638' title='bbox 1534 4825 1669 4882; x_wconf 82' lang='lat' dir='ltr'>scimus?</span> 
     </span>
     <span class='ocr_line' id='line_1_52' title="bbox 98 4911 1785 4991; baseline 0 -22"><span class='ocrx_word' id='word_1_639' title='bbox 98 4911 141 4969; x_wconf 81' lang='lat' dir='ltr'>Ne</span> <span class='ocrx_word' id='word_1_640' title='bbox 155 4915 345 4990; x_wconf 77' lang='lat' dir='ltr'>eisingratus</span> <span class='ocrx_word' id='word_1_641' title='bbox 361 4921 423 4973; x_wconf 87' lang='lat' dir='ltr'>tam</span> <span class='ocrx_word' id='word_1_642' title='bbox 439 4915 580 4973; x_wconf 87' lang='lat' dir='ltr'>mirandae</span> <span class='ocrx_word' id='word_1_643' title='bbox 595 4916 708 4989; x_wconf 88' lang='lat' dir='ltr'>pietati,</span> <span class='ocrx_word' id='word_1_644' title='bbox 980 4922 1143 4979; x_wconf 84' lang='lat' dir='ltr'>Dummodo</span> <span class='ocrx_word' id='word_1_645' title='bbox 1159 4918 1362 4976; x_wconf 89' lang='lat' dir='ltr'>nosterhcncr</span> <span class='ocrx_word' id='word_1_646' title='bbox 1373 4916 1496 4974; x_wconf 90' lang='lat' dir='ltr'>celebris</span> <span class='ocrx_word' id='word_1_647' title='bbox 1510 4916 1652 4973; x_wconf 83' lang='lat' dir='ltr'>habeatur</span> <span class='ocrx_word' id='word_1_648' title='bbox 1665 4913 1696 4970; x_wconf 95' lang='lat' dir='ltr'>in</span> <span class='ocrx_word' id='word_1_649' title='bbox 1715 4912 1785 4991; x_wconf 82' lang='lat' dir='ltr'>orbs</span> 
     </span>
     <span class='ocr_line' id='line_1_53' title="bbox 98 4994 1590 5082; baseline 0.002 -25"><span class='ocrx_word' id='word_1_650' title='bbox 98 5000 166 5067; x_wconf 79' lang='lat' dir='ltr'>Qua</span> <span class='ocrx_word' id='word_1_651' title='bbox 182 5003 240 5060; x_wconf 78' lang='lat' dir='ltr'>tibi</span> <span class='ocrx_word' id='word_1_652' title='bbox 254 4994 359 5078; x_wconf 80' lang='lat' dir='ltr'>sponte</span> <span class='ocrx_word' id='word_1_653' title='bbox 374 5004 455 5061; x_wconf 90' lang='lat' dir='ltr'>dedit</span> <span class='ocrx_word' id='word_1_654' title='bbox 469 5006 548 5079; x_wconf 92' lang='lat' dir='ltr'>quod</span> <span class='ocrx_word' id='word_1_655' title='bbox 558 5006 622 5077; x_wconf 88' lang='lat' dir='ltr'>jam</span> <span class='ocrx_word' id='word_1_656' title='bbox 637 5010 742 5062; x_wconf 86' lang='lat' dir='ltr'>natura</span> <span class='ocrx_word' id='word_1_657' title='bbox 757 5006 880 5080; x_wconf 78' lang='lat' dir='ltr'>negavit.</span> <span class='ocrx_word' id='word_1_658' title='bbox 980 5012 1015 5068; x_wconf 80' lang='lat' dir='ltr'>Et</span> <span class='ocrx_word' id='word_1_659' title='bbox 1026 5010 1113 5067; x_wconf 84' lang='lat' dir='ltr'>variis</span> <span class='ocrx_word' id='word_1_660' title='bbox 1128 5008 1244 5082; x_wconf 89' lang='lat' dir='ltr'>pompis</span> <span class='ocrx_word' id='word_1_661' title='bbox 1258 5006 1413 5064; x_wconf 90' lang='lat' dir='ltr'>rutilantes</span> <span class='ocrx_word' id='word_1_662' title='bbox 1427 5004 1590 5063; x_wconf 83' lang='lat' dir='ltr'>efficiamur</span> 
     </span>
     <span class='ocr_line' id='line_1_54' title="bbox 99 5089 1735 5173; baseline 0 -26"><span class='ocrx_word' id='word_1_663' title='bbox 99 5089 160 5148; x_wconf 83' lang='lat' dir='ltr'>ileu</span> <span class='ocrx_word' id='word_1_664' title='bbox 176 5107 270 5168; x_wconf 79' lang='lat' dir='ltr'>genua</span> <span class='ocrx_word' id='word_1_665' title='bbox 286 5094 345 5151; x_wconf 94' lang='lat' dir='ltr'>hoc</span> <span class='ocrx_word' id='word_1_666' title='bbox 355 5094 511 5173; x_wconf 88' lang='lat' dir='ltr'>hominum</span> <span class='ocrx_word' id='word_1_667' title='bbox 528 5094 686 5152; x_wconf 91' lang='lat' dir='ltr'>sublimius</span> <span class='ocrx_word' id='word_1_668' title='bbox 701 5095 880 5152; x_wconf 90' lang='lat' dir='ltr'>attitulatum</span> <span class='ocrx_word' id='word_1_669' title='bbox 981 5099 1027 5155; x_wconf 88' lang='lat' dir='ltr'>Nil</span> <span class='ocrx_word' id='word_1_670' title='bbox 1040 5103 1137 5154; x_wconf 89' lang='lat' dir='ltr'>manet</span> <span class='ocrx_word' id='word_1_671' title='bbox 1151 5096 1275 5153; x_wconf 84' lang='lat' dir='ltr'>illesum</span> <span class='ocrx_word' id='word_1_672' title='bbox 1292 5114 1343 5169; x_wconf 88' lang='lat' dir='ltr'>per</span> <span class='ocrx_word' id='word_1_673' title='bbox 1358 5113 1412 5152; x_wconf 91' lang='lat' dir='ltr'>nos</span> <span class='ocrx_word' id='word_1_674' title='bbox 1422 5100 1572 5168; x_wconf 89' lang='lat' dir='ltr'>utcunque</span> <span class='ocrx_word' id='word_1_675' title='bbox 1587 5096 1735 5166; x_wconf 88' lang='lat' dir='ltr'>patratum</span> 
     </span>
     <span class='ocr_line' id='line_1_55' title="bbox 98 5181 1743 5259; baseline 0 -23"><span class='ocrx_word' id='word_1_676' title='bbox 98 5182 170 5238; x_wconf 79' lang='lat' dir='ltr'>Tam</span> <span class='ocrx_word' id='word_1_677' title='bbox 188 5182 247 5240; x_wconf 90' lang='lat' dir='ltr'>cito</span> <span class='ocrx_word' id='word_1_678' title='bbox 261 5200 315 5257; x_wconf 92' lang='lat' dir='ltr'>pro</span> <span class='ocrx_word' id='word_1_679' title='bbox 330 5183 409 5241; x_wconf 81' lang='lat' dir='ltr'>facili</span> <span class='ocrx_word' id='word_1_680' title='bbox 423 5183 561 5240; x_wconf 84' lang='lat' dir='ltr'>vitiorum</span> <span class='ocrx_word' id='word_1_681' title='bbox 576 5183 693 5241; x_wconf 90' lang='lat' dir='ltr'>turbine</span> <span class='ocrx_word' id='word_1_682' title='bbox 708 5183 792 5257; x_wconf 90' lang='lat' dir='ltr'>pellit</span> <span class='ocrx_word' id='word_1_683' title='bbox 981 5193 1040 5244; x_wconf 79' lang='lat' dir='ltr'>Aut</span> <span class='ocrx_word' id='word_1_684' title='bbox 1055 5187 1129 5244; x_wconf 90' lang='lat' dir='ltr'>male</span> <span class='ocrx_word' id='word_1_685' title='bbox 1145 5187 1290 5259; x_wconf 89' lang='lat' dir='ltr'>poscendo</span> <span class='ocrx_word' id='word_1_686' title='bbox 1306 5203 1369 5255; x_wconf 88' lang='lat' dir='ltr'>seu,</span> <span class='ocrx_word' id='word_1_687' title='bbox 1386 5186 1463 5258; x_wconf 92' lang='lat' dir='ltr'>quod</span> <span class='ocrx_word' id='word_1_688' title='bbox 1481 5184 1575 5257; x_wconf 89' lang='lat' dir='ltr'>pejus,</span> <span class='ocrx_word' id='word_1_689' title='bbox 1591 5181 1743 5254; x_wconf 87' lang='lat' dir='ltr'>rapiendo.</span> 
     </span>
    </p>
   </div>
   <div class='ocr_carea' id='block_1_6' title="bbox 97 5267 1909 5353">
    <p class='ocr_par' dir='ltr' id='par_1_7' title="bbox 97 5267 1909 5353">
     <span class='ocr_line' id='line_1_56' title="bbox 97 5267 1909 5353; baseline -0.002 -26"><span class='ocrx_word' id='word_1_690' title='bbox 97 5269 926 5348; x_wconf 77' lang='lat' dir='ltr'>Abscelerisolitumgenushocctadinfimapronom,</span> <span class='ocrx_word' id='word_1_691' title='bbox 982 5277 1035 5342; x_wconf 81' lang='lat' dir='ltr'>Qui</span> <span class='ocrx_word' id='word_1_692' title='bbox 1051 5275 1196 5348; x_wconf 89' lang='lat' dir='ltr'>complere</span> <span class='ocrx_word' id='word_1_693' title='bbox 1211 5275 1313 5348; x_wconf 93' lang='lat' dir='ltr'>nequit</span> <span class='ocrx_word' id='word_1_694' title='bbox 1329 5275 1481 5344; x_wconf 87' lang='lat' dir='ltr'>damnum,</span> <span class='ocrx_word' id='word_1_695' title='bbox 1498 5273 1541 5330; x_wconf 90' lang='lat' dir='ltr'>vel</span> <span class='ocrx_word' id='word_1_696' title='bbox 1557 5275 1653 5327; x_wconf 90' lang='lat' dir='ltr'>mente</span> <span class='ocrx_word' id='word_1_697' title='bbox 1678 5267 1803 5353; x_wconf 87' lang='lat' dir='ltr'>parabit,</span> <span class='ocrx_word' id='word_1_698' title='bbox 1902 5328 1909 5344; x_wconf 50' lang='grc'><strong>,</strong></span> 
     </span>
    </p>
   </div>
   <div class='ocr_carea' id='block_1_7' title="bbox 99 5359 1785 5706">
    <p class='ocr_par' dir='ltr' id='par_1_8' title="bbox 99 5359 1785 5706">
     <span class='ocr_line' id='line_1_57' title="bbox 99 5359 1785 5438; baseline -0.001 -21"><span class='ocrx_word' id='word_1_699' title='bbox 99 5359 193 5419; x_wconf 79' lang='lat' dir='ltr'>Tanto</span> <span class='ocrx_word' id='word_1_700' title='bbox 206 5377 239 5433; x_wconf 78' lang='lat' dir='ltr'>se</span> <span class='ocrx_word' id='word_1_701' title='bbox 252 5361 327 5419; x_wconf 86' lang='lat' dir='ltr'>velle</span> <span class='ocrx_word' id='word_1_702' title='bbox 340 5361 463 5418; x_wconf 86' lang='lat' dir='ltr'>Domino</span> <span class='ocrx_word' id='word_1_703' title='bbox 476 5361 571 5435; x_wconf 77' lang='lat' dir='ltr'>magis</span> <span class='ocrx_word' id='word_1_704' title='bbox 587 5377 650 5418; x_wconf 89' lang='lat' dir='ltr'>esse</span> <span class='ocrx_word' id='word_1_705' title='bbox 670 5362 809 5418; x_wconf 90' lang='lat' dir='ltr'>rebellem</span> <span class='ocrx_word' id='word_1_706' title='bbox 982 5367 1030 5423; x_wconf 91' lang='lat' dir='ltr'>Sic</span> <span class='ocrx_word' id='word_1_707' title='bbox 1046 5365 1116 5438; x_wconf 82' lang='lat' dir='ltr'>iuga</span> <span class='ocrx_word' id='word_1_708' title='bbox 1130 5367 1282 5421; x_wconf 90' lang='lat' dir='ltr'>doctorum</span> <span class='ocrx_word' id='word_1_709' title='bbox 1295 5364 1374 5420; x_wconf 91' lang='lat' dir='ltr'>necis</span> <span class='ocrx_word' id='word_1_710' title='bbox 1385 5367 1479 5419; x_wconf 84' lang='lat' dir='ltr'>exstat</span> <span class='ocrx_word' id='word_1_711' title='bbox 1494 5378 1583 5418; x_wconf 89' lang='lat' dir='ltr'>causa</span> <span class='ocrx_word' id='word_1_712' title='bbox 1598 5363 1785 5433; x_wconf 90' lang='lat' dir='ltr'>sequentum,</span> 
     </span>
     <span class='ocr_line' id='line_1_58' title="bbox 100 5448 1785 5527; baseline -0.001 -22"><span class='ocrx_word' id='word_1_713' title='bbox 100 5449 216 5515; x_wconf 78' lang='lat' dir='ltr'>Quanto</span> <span class='ocrx_word' id='word_1_714' title='bbox 228 5449 298 5523; x_wconf 88' lang='lat' dir='ltr'>plus</span> <span class='ocrx_word' id='word_1_715' title='bbox 311 5449 379 5506; x_wconf 90' lang='lat' dir='ltr'>aliis</span> <span class='ocrx_word' id='word_1_716' title='bbox 391 5450 543 5523; x_wconf 78' lang='lat' dir='ltr'>prefertur</span> <span class='ocrx_word' id='word_1_717' title='bbox 553 5449 714 5506; x_wconf 90' lang='lat' dir='ltr'>honoribus</span> <span class='ocrx_word' id='word_1_718' title='bbox 730 5450 816 5507; x_wconf 87' lang='lat' dir='ltr'>almis</span> <span class='ocrx_word' id='word_1_719' title='bbox 982 5460 1040 5511; x_wconf 81' lang='lat' dir='ltr'>Nec</span> <span class='ocrx_word' id='word_1_720' title='bbox 1056 5454 1170 5527; x_wconf 78' lang='lat' dir='ltr'>gravior</span> <span class='ocrx_word' id='word_1_721' title='bbox 1184 5454 1286 5527; x_wconf 90' lang='lat' dir='ltr'>pestis,</span> <span class='ocrx_word' id='word_1_722' title='bbox 1302 5470 1369 5508; x_wconf 90' lang='lat' dir='ltr'>cum</span> <span class='ocrx_word' id='word_1_723' title='bbox 1387 5454 1485 5524; x_wconf 89' lang='lat' dir='ltr'>pastor</span> <span class='ocrx_word' id='word_1_724' title='bbox 1500 5450 1553 5506; x_wconf 89' lang='lat' dir='ltr'>crit</span> <span class='ocrx_word' id='word_1_725' title='bbox 1568 5451 1663 5523; x_wconf 83' lang='lat' dir='ltr'>gregis</span> <span class='ocrx_word' id='word_1_726' title='bbox 1681 5448 1785 5506; x_wconf 85' lang='lat' dir='ltr'>hostis.</span> 
     </span>
     <span class='ocr_line' id='line_1_59' title="bbox 99 5539 1748 5613; baseline 0 -19"><span class='ocrx_word' id='word_1_727' title='bbox 99 5539 153 5595; x_wconf 74' lang='lat' dir='ltr'>Est</span> <span class='ocrx_word' id='word_1_728' title='bbox 166 5540 283 5601; x_wconf 87' lang='lat' dir='ltr'>enemin</span> <span class='ocrx_word' id='word_1_729' title='bbox 297 5554 400 5598; x_wconf 85' lang='lat' dir='ltr'>verum</span> <span class='ocrx_word' id='word_1_730' title='bbox 414 5539 492 5613; x_wconf 92' lang='lat' dir='ltr'>quod</span> <span class='ocrx_word' id='word_1_731' title='bbox 507 5555 603 5596; x_wconf 89' lang='lat' dir='ltr'>sermo</span> <span class='ocrx_word' id='word_1_732' title='bbox 613 5540 664 5596; x_wconf 90' lang='lat' dir='ltr'>dat</span> <span class='ocrx_word' id='word_1_733' title='bbox 685 5539 891 5599; x_wconf 78' lang='lat' dir='ltr'>Ecclesiarum.</span> <span class='ocrx_word' id='word_1_734' title='bbox 908 5595 910 5598; x_wconf 77' lang='grc'>,</span> <span class='ocrx_word' id='word_1_735' title='bbox 982 5546 1055 5601; x_wconf 88' lang='lat' dir='ltr'>Nam</span> <span class='ocrx_word' id='word_1_736' title='bbox 1067 5543 1155 5599; x_wconf 90' lang='lat' dir='ltr'>nimis</span> <span class='ocrx_word' id='word_1_737' title='bbox 1170 5545 1308 5600; x_wconf 87' lang='lat' dir='ltr'>audacter</span> <span class='ocrx_word' id='word_1_738' title='bbox 1319 5543 1389 5598; x_wconf 88' lang='lat' dir='ltr'>dum</span> <span class='ocrx_word' id='word_1_739' title='bbox 1405 5541 1501 5598; x_wconf 91' lang='lat' dir='ltr'>clerus</span> <span class='ocrx_word' id='word_1_740' title='bbox 1516 5541 1648 5597; x_wconf 90' lang='lat' dir='ltr'>abutitur</span> <span class='ocrx_word' id='word_1_741' title='bbox 1668 5540 1748 5610; x_wconf 87' lang='lat' dir='ltr'>orbe,</span> 
     </span>
     <span class='ocr_line' id='line_1_60' title="bbox 100 5627 1659 5706; baseline -0.003 -18"><span class='ocrx_word' id='word_1_742' title='bbox 100 5629 184 5700; x_wconf 78' lang='lat' dir='ltr'>Quod</span> <span class='ocrx_word' id='word_1_743' title='bbox 198 5645 317 5706; x_wconf 88' lang='lat' dir='ltr'>quoque</span> <span class='ocrx_word' id='word_1_744' title='bbox 327 5628 463 5705; x_wconf 82' lang='lat' dir='ltr'>predixit</span> <span class='ocrx_word' id='word_1_745' title='bbox 477 5627 660 5703; x_wconf 81' lang='lat' dir='ltr'>psalmorum</span> <span class='ocrx_word' id='word_1_746' title='bbox 670 5628 800 5688; x_wconf 84' lang='lat' dir='ltr'>carmine</span> <span class='ocrx_word' id='word_1_747' title='bbox 816 5631 926 5691; x_wconf 83' lang='lat' dir='ltr'>David:</span> <span class='ocrx_word' id='word_1_748' title='bbox 981 5631 1055 5700; x_wconf 80' lang='lat' dir='ltr'>Quid</span> <span class='ocrx_word' id='word_1_749' title='bbox 1070 5634 1140 5689; x_wconf 91' lang='lat' dir='ltr'>tunc</span> <span class='ocrx_word' id='word_1_750' title='bbox 1154 5632 1263 5689; x_wconf 91' lang='lat' dir='ltr'>indocti</span> <span class='ocrx_word' id='word_1_751' title='bbox 1279 5634 1405 5705; x_wconf 85' lang='lat' dir='ltr'>possunt</span> <span class='ocrx_word' id='word_1_752' title='bbox 1417 5629 1500 5689; x_wconf 89' lang='lat' dir='ltr'>aliter</span> <span class='ocrx_word' id='word_1_753' title='bbox 1514 5629 1659 5699; x_wconf 85' lang='lat' dir='ltr'>meditari,</span> 
     </span>
    </p>
   </div>
   <div class='ocr_carea' id='block_1_8' title="bbox 0 0 1946 6088">
    <p class='ocr_par' dir='ltr' id='par_1_9' title="bbox 0 0 1946 6088">
     <span class='ocr_line' id='line_1_61' title="bbox 0 0 1946 6088; baseline 0 0"><span class='ocrx_word' id='word_1_754' title='bbox 0 0 1946 6088; x_wconf 95' lang='lat' dir='ltr'> </span> 
     </span>
    </p>
   </div>
  </div>
 </body>
</html>
