3892 6096
110 310 187 377 1131
278 297 1695 375 seneen.andennense11.-slaeua1n1desudassemus.salanum.
1758 298 1825 362 1131

111 461 183 503 nore
193 445 349 502 reverendo
360 450 533 501 Anaxaunao
550 444 742 511 1180000000,
758 440 936 516 Mcguntina
950 439 977 506 Α
992 436 1112 495 insolita
1123 442 1152 495 et
1166 438 1257 496 dubia
1271 455 1302 496 re
1316 443 1413 497 vestra
1423 435 1607 495 auctoritate
1617 431 1782 507 posteritas
1790 433 1826 490 in·

111 533 279 608 spoculator
292 533 438 600 Ecclesia,
464 533 568 589 debitae
589 530 780 603 subjectionis
804 544 938 586 reveren·
991 531 1132 583 struatur.
1228 563 1232 568 -

112 622 195 690 tiam,
212 621 388 678 omnimode
405 623 555 678 servitutis
570 620 768 694 obsequelam.
1028 616 1158 690 Denique
1172 618 1278 674 tratres
1293 617 1397 685 nostri,
1413 617 1464 690 qui
1485 620 1563 673 tunc
1588 612 1668 671 hnic
1695 611 1736 668 rei
1749 611 1819 670 10100-

147 711 226 767 Licet
241 709 414 768 uniuersalis
429 710 564 767 Ecclesiae
589 715 682 767 status
706 707 880 783 generaliter
894 708 938 763 in·
993 709 1085 773 erant,
1102 705 1294 762 condixerunt
1305 709 1338 762 ut
1354 704 1513 762 concilium
1526 703 1612 776 quod
1623 705 1714 758 tanto
1724 705 1820 774 0030110

112 801 224 859 nitatur
245 816 334 872 super
360 800 584 857 tundamentum
606 799 803 873 apostolorum
828 803 857 854 et
873 813 938 869 pro·
995 798 1182 866 competeret,
1198 796 1228 850 in
1244 797 1315 851 urbe
1330 799 1431 851 nostra
1445 795 1712 866 congregaretur:
1730 795 1757 845 et
1769 792 1821 846 utri·

112 882 282 964 phalarum,
292 894 321 945 et
332 890 362 945 in
373 889 492 962 ipsosui
502 889 619 945 verticis
630 888 758 944 culmine
769 886 939 959 augularem
995 899 1061 955 que,
1076 884 1135 954 regi
1151 884 1263 941 scilicet
1275 888 1303 941 et
1325 883 1442 957 regine,
1471 884 1510 939 ad
1542 879 1730 955 synodalem
1743 882 1820 936 venire

113 982 212 1052 gestet
223 977 363 1051 lapidem,
375 978 532 1034 Dominum
545 977 657 1034 scilicet
668 977 768 1033 lesum
780 975 939 1046 Christum,
995 972 1185 1039 audientiam,
1199 979 1227 1029 et
1237 973 1389 1046 superbae
1407 989 1438 1029 rc
1447 969 1650 1028 terminalem
1662 967 1762 1025 subire
1770 985 1821 1025 sen·

114 1067 281 1139 specialiter
290 1072 388 1123 tamen
402 1084 528 1140 magnus
540 1067 588 1123 ille
597 1071 709 1133 Petrus,
723 1066 809 1138 juxta
825 1064 940 1121 solidis·
994 1061 1116 1117 tentiam
1128 1061 1313 1118 indiceretur.
1326 1062 1384 1119 Nos
1397 1067 1494 1119 001000
1506 1059 1609 1117 dubia
1619 1063 1714 1114 tantae
1723 1057 1762 1114 rei
1771 1075 1823 1115 con·

114 1156 220 1214 simam
233 1157 278 1211 sui
291 1155 419 1211 neminis
430 1157 611 1222 firmitatem,
623 1161 651 1211 et
661 1155 863 1211 firmissimam
874 1153 942 1208 lidei
995 1149 1292 1218 sideratiouehubita,
1304 1149 1471 1207 nullomodo
1483 1150 1543 1206 hoc
1555 1148 1627 1205 sinc
1636 1152 1824 1202 vestrsaucle

113 1249 143 1301 01
153 1244 344 1300 confessionis
356 1244 613 1310 suaesolidilatem,
623 1246 785 1313 ejusloiam
796 1247 942 1298 sustentat
995 1239 1080 1294 ritate
1096 1239 1158 1295 fieri
1174 1239 1367 1310 decrevimus,
1384 1244 1413 1296 et
1433 1239 1526 1294 totius
1543 1235 1664 1310 negotii
1680 1236 1823 1292 terminum

115 1333 278 1390 lubricam:
297 1333 332 1388 ad
349 1333 404 1388 hoc
425 1333 542 1405 quidem
568 1332 678 1389 electus
702 1350 719 1388 a
743 1332 875 1398 Domino,
891 1331 941 1386 ubi
995 1328 1032 1383 ad
1046 1333 1149 1383 vestre
1166 1329 1412 1401 exspectationem
1429 1326 1588 1385 sententias
1611 1325 1823 1398 suspendimus,

115 1419 243 1478 dieitur:
273 1421 362 1494 Super
389 1424 459 1477 bene
484 1426 593 1494 petrem
625 1422 766 1494 edificabo
794 1422 942 1478 Eoebsiem
995 1417 1179 1489 postulantes
1203 1417 1389 1474 sanctitatem
1419 1420 1552 1473 vestram
1584 1419 1636 1482 ut,
1666 1414 1695 1470 si
1722 1412 1750 1469 id
1762 1415 1824 1486 qued

115 1510 941 1583 meumffletttxvi).lndenamqueomnisapostolicorum
996 1504 1087 1561 instat
1119 1509 1216 1562 ratum
1245 1505 1362 1577 ducitis,
1391 1523 1442 1578 per
1478 1522 1536 1562 aros
1567 1501 1759 1576 synodaliter
1781 1507 1827 1558 ten

115 1601 236 1655 Petrum
247 1599 331 1655 beuta
342 1599 498 1664 successio,
520 1598 692 1654 auctoritate
708 1597 802 1669 ipsius
812 1595 941 1664 Domini,
996 1593 1113 1661 minari,
1126 1594 1162 1650 de
1176 1594 1267 1651 latere
1289 1600 1384 1651 vestro
1408 1610 1550 1668 personas
1574 1608 1652 1649 oum
1666 1590 1826 1665 scriptisve

115 1687 178 1743 sedi
188 1688 263 1759 ejus,
275 1687 413 1743 Romana
423 1687 535 1743 seilicet
552 1686 695 1755 Ecclesia,
713 1685 787 1741 hene
799 1685 942 1741 dedicavit
996 1686 1062 1739 stre
1078 1683 1262 1741 auctoritatis
1275 1685 1311 1740 ad
1327 1699 1448 1740 examen
1469 1688 1499 1740 01
1518 1681 1683 1755 judicium
1699 1686 1782 1738 tante
1794 1682 1827 1738 rui

116 1775 327 1843 excellentium,
344 1781 371 1831 et
386 1775 415 1831 in
431 1775 546 1831 cunctis
562 1791 676 1847 semper
690 1774 781 1846 hujus
797 1772 940 1846 privilegii
996 1772 1293 1845 mittaredigncmini,
1306 1789 1430 1845 quorum
1441 1777 1470 1828 et
1486 1769 1653 1828 audientia
1663 1769 1826 1826 0001001110

116 1865 240 1922 servavit
255 1865 459 1932 reverentiam,
476 1869 509 1919 ut
533 1865 646 1935 maJ'ora
666 1862 800 1920 Ecclesia
816 1862 942 1934 negotia,
998 1864 1057 1930 tur,
1072 1866 1101 1918 ct
1115 1864 1125 1886 ·
1141 1861 1293 1919 conventia
1314 1861 1344 1917 in
1368 1859 1553 1934 beneplacito
1581 1860 1639 1916 Dei
1655 1859 1827 1916 terminetur.

118 1957 147 2011 et
161 1951 341 2009 dililciliores
356 1970 512 2010 causarum
527 1953 633 2019 exitus,
645 1951 680 2008 ad
692 1952 798 2024 ipsam,
814 1951 944 2007 velutad
1297 1950 1467 2007 aalaidis
1489 1949 1527 2006 ll.

119 2045 216 2114 caput,
231 2041 404 2112 referantur,
417 2043 539 2114 eJusque
546 2041 659 2112 judicio
669 2046 777 2097 cuncta
786 2040 945 2098 salubriter
1069 2042 1107 2096 lle
1122 2040 1219 2096 Cereio
1234 2039 1439 2096 constantiensi
1454 2040 1588 2112 episcopo
1604 2036 1771 2108 1100100010.

118 2130 294 2197 examinata,
307 2130 466 2202 inperium
484 2130 590 2186 salutis
600 2130 776 2204 dirigantur.
791 2129 865 2194 Quia
878 2146 944 2185 vero
1034 2129 1201 2202 Apostolico
1214 2128 1368 2200 sacerdoti,
1384 2133 1414 2185 et
1427 2126 1595 2184 universali
1612 2143 1713 2200 pape,
1723 2127 1830 2183 Svenn-

117 2218 221 2274 divine
233 2218 432 2274 miserationis
452 2217 547 2290 gratia
569 2235 620 2274 vos
640 2218 669 2274 in
685 2217 761 2275 hanc
785 2220 883 2275 sedem
900 2218 944 2273 in·
998 2234 1065 2287 uua,
1082 2219 1260 2291 Moguntins
1281 2218 1447 2291 speculator
1468 2215 1626 2284 Ecclesiae,
1653 2216 1833 2284 debitam,ul

117 2305 338 2374 thronizavit,et
348 2305 408 2362 vice
418 2306 737 2379 ipsiusPetriomnium
749 2305 944 2364 Ecclesiarum
999 2307 1087 2376 Patri,
1104 2307 1306 2375 reverentiam,
1325 2311 1355 2363 01
1368 2311 1548 2379 promptam,
1567 2309 1606 2361 ut
1620 2309 1710 2362 tanto
1725 2306 1831 2378 pastori,

117 2393 346 2452 sollicitudinem
360 2395 514 2467 imposuit,
530 2396 728 2452 neceesarium
744 2396 883 2452 duximus
896 2411 944 2452 ve·
999 2395 1205 2453 obedientiam.

117 2489 177 2541 stro
189 2483 330 2540 reservari
336 2483 462 2554 judicio,
478 2501 552 2556 quas
563 2485 698 2540 novimus
709 2501 762 2541 nee
781 2501 876 2556 posse,
893 2500 945 2540 nee
1035 2485 1208 2543 altissimus
1223 2484 1272 2542 ille
1283 2486 1403 2542 deorum
1414 2484 1504 2556 Deus,
1514 2484 1570 2556 qui
1584 2482 1725 2540 caelestis
1736 2483 1834 2540 militia

117 2573 232 2639 debere,
245 2572 309 2628 sine
318 2576 415 2628 vestre
424 2572 597 2629 auctoritate
609 2579 709 2630 nostro
720 2573 871 2629 terminari
880 2578 945 2630 stu·
1000 2575 1118 2631 ordinas
1128 2574 1169 2630 ita
1184 2573 1339 2646 disposuit,
1355 2578 1389 2629 ut
1405 2571 1579 2630 alteralteri
1598 2574 1834 2645 praeeminente

117 2661 177 2719 dio.
1001 2663 1037 2720 ad
1050 2664 1239 2736 obsequium.
1254 2662 1420 2720 conditoris
1449 2661 1548 2718 minor
1579 2661 1724 2735 dignitas
1742 2660 1834 2732 majori

154 2750 568 2808 intermultimodallcclesia
594 2752 720 2825 negotia,
736 2756 945 2824 quaevestrum
1001 2757 1111 2825 parcat,
1126 2753 1190 2825 ipsa
1215 2752 1245 2807 in
1275 2751 1402 2808 Ecclesia
1430 2767 1484 2807 sua
1509 2752 1554 2806 ita
1585 2751 1736 2807 distinxit
1748 2749 1834 2816 celes,

117 2843 288 2912 exspectant
310 2856 442 2909 examen,
467 2840 658 2896 sollicitudini
682 2845 783 2896 vestre
805 2841 946 2912 quiddam
1001 2858 1089 2914 opera
1105 2841 1265 2914 digitorum
1293 2857 1426 2906 suornm,
1453 2843 1486 2894 ut
1513 2839 1600 2896 sicut
1627 2838 1835 2897 stellaastollr

118 2927 176 2984 tale
192 2927 337 2994 incubuit,
354 2928 431 3000 quod
454 2933 483 2983 et
504 2928 707 2984 ecclesiasticis
727 2928 848 3000 judiciis
865 2928 947 2985 valde
1001 2929 1098 2986 diilart
1113 2930 1143 2986 in
1159 2929 1302 2998 claritate,
1316 2929 1357 2985 ita
1372 2927 1446 2984 alter
1469 2927 1605 2984 alterum
1632 2929 1786 3002 praecedat
1797 2945 1834 2985 ex·

121 3020 167 3072 est
181 3015 344 3085 insolitum,
361 3022 388 3072 et
412 3017 492 3072 omni
517 3017 648 3073 moderni
671 3018 813 3090 temporis
828 3018 904 3074 atati
919 3021 948 3074 et
1001 3018 1142 3076 callentis
1157 3018 1310 3092 dignitate.
1322 3021 1404 3074 Hanc
1416 3021 1514 3073 autem
1526 3018 1691 3089 graduum
1703 3018 1834 3074 stellario-

121 3101 269 3161 mem‘oris
280 3122 353 3178 pene
364 3106 541 3162 inauditum.
556 3106 646 3163 Filius
657 3108 735 3163 enim
746 3112 850 3176 vester,
863 3107 948 3164 Hein·
1002 3125 1069 3164 rum
1084 3099 1282 3164 diversitatem
1297 3107 1338 3163 ita
1352 3108 1387 3163 ad
1403 3122 1493 3162 unam
1513 3105 1638 3162 reducit
1653 3107 1834 3164 concordiam

121 3193 200 3250 ricus
215 3199 324 3263 noster,
338 3199 406 3250 ante
422 3211 530 3267 paucos
546 3197 609 3252 dies
627 3198 782 3269 conjugem
798 3213 882 3252 sunm
898 3212 946 3252 vo·
962 3183 984 3252 C
1004 3198 1102 3253 unitas
1111 3196 1274 3262 charitatis,
1287 3201 1328 3266 ut,
1340 3196 1417 3252 sicut
1433 3195 1463 3250 in
1484 3195 1604 3252 sanetis
1615 3196 1751 3269 angelis,
1765 3196 1803 3252 ita
1814 3198 1837 3252 el

120 3282 176 3338 luit
190 3282 347 3350 dimittere,
365 3288 393 3339 et
407 3301 471 3340 cam
488 3301 576 3357 quam
592 3285 731 3358 legitimis
746 3285 945 3358 sponsalibus,
1003 3287 1051 3342 hic
1066 3303 1124 3343 non
1154 3285 1192 3342 sit
1217 3285 1328 3341 invidia
1353 3284 1474 3357 imparis
1502 3283 1670 3341 claritatis.
1690 3285 1835 3357 Quiaergo

120 3372 268 3444 conjugali
280 3373 356 3444 dote,
373 3373 462 3446 regali
476 3374 705 3442 consecratione,
716 3379 744 3431 et
754 3374 880 3447 publicis
891 3390 946 3430 nu·
1001 3375 1080 3432 idem
1093 3374 1263 3431 altissimus
1273 3389 1335 3445 vos,
1346 3373 1386 3429 mi
1397 3371 1555 3429 reverende
1566 3373 1673 3442 Pater,
1690 3373 1834 3430 constituit

119 3460 199 3534 ptiis,
212 3460 302 3534 regali
313 3478 421 3518 corona
432 3467 460 3518 et
471 3463 716 3520 sacramentasibi
734 3463 880 3519 firmatum
900 3480 948 3520 so·
1001 3465 1031 3520 in
1042 3465 1097 3520 hae
1108 3481 1173 3521 aree
1196 3462 1387 3537 praelationis,
1411 3465 1446 3517 ut
1458 3461 1519 3518 vice
1543 3460 1631 3518 illins
1648 3464 1754 3537 magni
1769 3460 1835 3519 Petri

119 3548 215 3618 ciavit,
228 3549 338 3606 nullam
351 3551 643 3624 primointerponens
652 3551 768 3608 discidii
779 3552 947 3625 culpamvel
1002 3554 1067 3610 sitis
1082 3558 1169 3627 eaput
1183 3553 1274 3610 totius
1299 3551 1503 3609 ecelesiastica
1520 3551 1704 3625 dignitatis,
1719 3569 1752 3609 se
1764 3551 1836 3608 vobis

119 3654 250 3709 causam,
268 3639 387 3695 omnino
415 3658 431 3696 0
460 3657 490 3696 se
519 3657 654 3713 separare
673 3640 775 3696 voluit.
805 3643 946 3715 Quoncs,
1001 3643 1098 3699 omnis
1113 3642 1233 3698 interior
1248 3642 1319 3699 ordo
1334 3640 1493 3708 submittit,
1509 3641 1620 3697 meritc
1640 3641 1835 3698 omnismem·

117 3727 209 3785 veluti
222 3731 353 3784 monstro
367 3729 493 3797 attoniti,
507 3733 536 3785 et
546 3730 664 3785 insolita
676 3730 716 3785 rei
726 3730 799 3785 lucie
810 3730 946 3802 permoti,
1001 3733 1122 3789 brorum
1138 3731 1296 3787 articulata
1311 3729 1455 3787 contextio
1470 3727 1556 3786 vobis
1573 3734 1606 3785 ut
1621 3730 1722 3803 capiti
1738 3730 1834 3795 obedit,

119 3816 244 3873 consilio
260 3823 444 3890 magnatum,
468 3823 611 3891 quotquot
629 3824 699 3874 tuno
715 3819 836 3875 aderent
849 3821 878 3874 in
894 3836 946 3893 pa·
998 3821 1082 3893 juxta
1099 3822 1176 3894 quod
1192 3821 1324 3893 precipit
1346 3818 1404 3875 Vas
1430 3816 1607 3874 electionis:
1634 3820 1834 3876 omnisomnis

119 3904 200 3976 latio,
217 3906 246 3960 in
263 3907 366 3962 taciem
381 3907 407 3963 ei
424 3908 587 3964 restitimus
599 3925 606 3977 ;
623 3912 652 3964 et
666 3908 722 3964 nisi
735 3914 845 3964 certam
860 3925 946 3982 expo·
999 3911 1175 3983 potestatibus
1188 3910 1395 3965 sublimioribus
1409 3907 1519 3964 subdite
1530 3911 1570 3963 sit
1583 3907 1684 3979 (Rem.
1697 3910 1773 3981 xm).

120 3999 202 4050 neret
214 3995 328 4051 discidii
351 4013 481 4063 eausam,
503 3998 566 4054 sine
578 4001 711 4070 respectu
724 3999 808 4070 regiae
819 4002 946 4070 potesta·
1037 3999 1081 4053 Ad
1093 3998 1168 4055 banc
1180 4014 1248 4070 ergo
1266 3998 1391 4053 termam
1409 4013 1476 4052 cum
1497 3996 1585 4053 vobis
1604 3997 1782 4055 exhiberem
1795 3996 1834 4051 de

119 4081 169 4151 iis,
186 4082 249 4139 sine
273 4090 354 4140 metu
376 4085 467 4158 gladii
492 4087 685 4157 imminentis,
711 4103 790 4153 eum,
812 4086 836 4142 si
851 4091 948 4145 vestra
1001 4089 1067 4144 bita
1079 4085 1268 4159 subjectionis
1279 4086 1487 4154 obedientiam,
1507 4085 1617 4141 multis
1638 4103 1718 4143 sane
1730 4084 1833 4158 injuriis

120 4171 296 4240 precederet
309 4173 478 4243 auctoritas,
494 4192 511 4230 a
526 4175 593 4230 sinu
608 4179 636 4230 et
651 4192 668 4230 a
682 4174 888 4233 communione
899 4177 948 4232 Eo·
1002 4177 1123 4233 allectus
1135 4193 1212 4248 sum,
1224 4174 1318 4232 multu
1335 4175 1417 4232 vobis
1430 4174 1554 4249 indigna
1565 4179 1596 4230 et
1613 4176 1697 4232 mihi
1709 4176 1836 4232 intolera-

121 4255 216 4312 elesin
234 4276 287 4314 nos
303 4266 507 4334 segregaturos
524 4263 721 4335 praediximus.
1002 4266 1072 4322 bilia
1086 4283 1192 4339 passus
1208 4282 1285 4323 sum.
1298 4266 1432 4338 Namque
1442 4263 1514 4319 mihi
1529 4264 1638 4321 Remea
1655 4266 1765 4339 posito,
1781 4264 1836 4319 vivs

156 4344 207 4400 Ille
221 4362 289 4403 varo
303 4348 403 4404 retulit
419 4350 503 4406 nobis
519 4367 553 4406 ea
568 4352 603 4407 de
624 4368 713 4409 causa
728 4353 763 4410 ab
780 4370 814 4408 aa
829 4370 860 4410 se
873 4353 947 4410 velle
1000 4372 1079 4423 voce,
1095 4361 1125 4412 et
1139 4360 1241 4428 postea
1269 4352 1430 4427 apostolica
1455 4352 1617 4427 legatione,
1647 4351 1836 4412 interdixistis

121 4435 250 4507 separari
266 4437 407 4508 quianon
423 4445 522 4512 posset
536 4441 560 4496 ci
577 4445 637 4497 tarn
652 4441 777 4498 naturali
788 4459 876 4513 quam
887 4460 947 4499 ma·
1000 4462 1036 4501 ne
1052 4462 1118 4501 eum
1133 4445 1184 4517 qui
1199 4444 1372 4516 designatus
1387 4447 1433 4499 est
1447 4442 1477 4499 in
1500 4444 1769 4502 constantiensem
1783 4441 1838 4516 epi·

120 4523 199 4579 rituli
228 4525 321 4582 coitus
351 4527 457 4585 federe
485 4528 625 4602 copulari.
655 4530 735 4594 Quod
758 4530 944 4602 inquisitum,
960 4556 984 4621 D
1002 4551 1137 4606 scopum,
1153 4532 1312 4590 ullomodo
1327 4533 1632 4605 consecrarem,quia
1649 4531 1841 4592 audistiselo·

121 4628 188 4669 cum
203 4619 232 4670 et
247 4616 311 4689 ipsa
325 4616 475 4685 fateretur,
492 4618 624 4674 omnium
646 4623 814 4676 nostrorum
831 4620 946 4679 animos
1002 4623 1237 4698 gioSimoniacm
1266 4622 1411 4678 hereseos
1438 4637 1505 4678 aum
1535 4623 1724 4680 notabilem.
1741 4625 1772 4680 ln
1785 4637 1837 4696 quo

121 4702 591 4779 nimiomcercreallecit,etipsa
614 4707 948 4782 reimagnitudonimia
1002 4711 1167 4786 qniavobis
1195 4710 1319 4779 obedivi,
1350 4709 1452 4778 multu,
1477 4714 1511 4765 ut
1541 4713 1745 4783 praemissum
1759 4718 1838 4778 esta

120 4791 270 4849 dubietate
280 4795 419 4850 turbavit.
431 4798 522 4869 Super
534 4815 593 4871 qua
602 4815 633 4854 re
644 4797 864 4855 sanctissimum
877 4816 946 4873 apo·
1002 4801 1121 4858 domino
1137 4817 1202 4857 meo
1218 4798 1356 4864 sustinui,
1371 4798 1518 4870 timeoque
1532 4815 1585 4855 me
1596 4801 1703 4858 adhuc
1713 4801 1838 4875 graviora

120 4879 258 4937 stolatum
269 4887 411 4950 vestrum,
423 4885 500 4941 sicut
511 4885 642 4942 divinum
654 4886 837 4944 consulimus
847 4905 947 4945 orseu·
1001 4906 1171 4964 passurum,
1182 4894 1211 4945 ct
1219 4887 1352 4944 Ecclesia
1364 4904 1433 4944 mee
1442 4903 1591 4960 magnum
1603 4889 1672 4947 fore
1682 4891 1836 4947 detrimen·

82 4976 87 4983 '
118 4966 192 5034 lum,
204 4975 234 5025 et
252 4970 331 5026 velut
350 4973 482 5028 membra
503 4979 531 5030 et
548 4980 645 5045 eaput,
662 4979 775 5031 lantum
793 4977 946 5033 referimus
1000 4982 1076 5049 tum,
1093 4977 1149 5034 nisi
1166 4977 1309 5050 benignus
1323 4975 1372 5031 ille
1387 4980 1491 5032 Petrus
1506 4975 1592 5033 clave
1608 4994 1671 5034 sua
1683 4996 1733 5036 me
1747 4978 1836 5035 delen·

120 5059 281 5130 negotium.
299 5060 334 5116 nt
350 5061 419 5132 quia
432 5061 487 5118 hoc
511 5062 593 5120 vulda
618 5081 717 5120 rarum
735 5066 946 5138 questionibus
1001 5068 1062 5138 dat,
1073 5071 1213 5124 elvestre
1225 5065 1408 5122 auctoritatis
1426 5069 1559 5137 potestas
1570 5068 1835 5142 adversusrsgisn

120 5149 248 5204 occurrit
262 5148 477 5219 ecclesiasticis,
494 5157 523 5208 et
538 5154 574 5209 de
589 5153 676 5227 regiis
691 5173 765 5228 pene
780 5155 945 5213 inauditum
1001 5161 1186 5231 potestatem,
1197 5153 1835 5231 zelojustitiamaprotegendo,seaceingat.

118 5236 165 5288 est
174 5237 430 5304 personis,veslrae
445 5241 607 5297 sanctitatis
618 5243 673 5299 erit
683 5243 752 5316 quid
766 5260 854 5317 super
864 5249 946 5303 tante
1038 5245 1141 5318 Accepi
1153 5248 1249 5301 aulem
1270 5242 1384 5299 litteras
1406 5245 1507 5298 vestra
1532 5246 1727 5315 sanctitatis,
1738 5243 1836 5318 inqui·

119 5334 150 5375 re
165 5322 240 5377 sacto
255 5341 329 5397 opus
344 5327 383 5383 sit
405 5329 570 5398 decernere,
597 5338 626 5388 ct
646 5333 682 5389 ad
698 5332 832 5390 consultu
847 5339 946 5390 nostra
1000 5333 1833 5405 10000011001010001000000001000011011010010οκ11

119 5408 155 5465 de
172 5415 337 5470 sanctuario
351 5417 425 5472 sacri
442 5419 567 5490 pecteris
591 5422 679 5478 vestri
705 5423 885 5495 responsalia
900 5440 945 5479 re·
1000 5424 1252 5497 archiepiscopum
1269 5421 1433 5490 invitarem,
1459 5425 1490 5478 ot
1504 5426 1689 5484 convocatis
1705 5425 1832 5483 iratribus

120 5498 255 5554 mittere:
272 5504 477 5563 ait-etinstans
501 5510 662 5581 negotium,
688 5513 723 5567 ad
740 5513 865 5569 salutem
881 5530 943 5569 mo·
1000 5513 1156 5570 concilium
1173 5511 1362 5578 celebrarem,
1391 5510 1420 5567 in
1448 5527 1507 5585 quo
1532 5513 1680 5586 ejusdem
1697 5511 1829 5590 designati

119 5587 216 5645 derna
230 5588 335 5660 alatis,
352 5591 548 5665 ecclesiastica
559 5612 628 5669 pace
644 5599 773 5671 liniatur,
789 5604 819 5656 et
832 5601 867 5656 de
883 5605 943 5659 tam
999 5602 1128 5677 episcopi
1144 5619 1232 5660 eausa
1244 5603 1328 5674 juxte
1341 5600 1492 5659 veritatem
1507 5601 1731 5680 discuteretur,
1749 5602 1827 5663 01101
