3892 6096
79 355 81 359 ’
131 330 189 397 dil
658 353 660 357 ’
923 332 1041 400 Ad'l'd·
1773 330 1832 395 022

130 468 255 539 repente
270 464 482 525 monachorum
496 471 663 526 nostrorum
677 484 736 526 non
752 484 842 543 parva
855 468 952 541 turba,
969 467 1298 546 Adiountur.Suntqui
1311 469 1468 538 affirment,
1477 468 1545 526 eum
1556 463 1685 526 oltlcinm
1691 462 1832 542 ganeonis

111 558 233 613 vventos
248 555 380 629 perpessi
404 561 433 614 et
457 558 592 629 imbrem,
608 558 768 616 oratorium
784 558 955 632 ingrediun-
1012 559 1196 631 [exercuisse]
1212 564 1240 618 et
1254 558 1454 618 meretriculas
1477 557 1700 625 conducentem,
1718 553 1833 613 luxuria

127 647 189 701 tur.
206 644 276 702 lude
290 662 416 719 surgens
431 646 489 717 ille,
505 648 630 721 oppletis
645 647 736 705 oculis
751 651 871 721 totaque
882 647 956 705 lucie
1008 651 1204 724 perditum‚et
1215 642 1832 719 lenociniisinfamem,etomnibusssagitiis

127 731 281 806 lacrymis,
293 734 426 792 constitit
438 735 468 791 in
483 736 590 806 medio,
606 741 694 809 atquc
718 736 810 795 oculis
826 753 880 794 nos
895 753 956 793 om·
1009 742 1038 796 et
1052 739 1231 797 facinoribus
1246 743 1427 814 coopertum,
1443 755 1460 794 a
1483 737 1545 794 suis
1560 734 1775 806 consimilibus,
1791 732 1832 790 ita

126 837 184 879 Μ
199 819 454 895 θῑῑῦΰῑΰῦβῖΰῑθῦὓ.
478 825 608 883 demit&
628 830 658 882 el
682 825 862 900 lacrymabili
885 841 954 882 voce
1008 833 1042 887 ut
1055 829 1085 885 in
1101 828 1153 886 tali
1167 845 1198 886 ro
1213 828 1327 886 evenire
1343 826 1427 895 solet,
1442 827 1473 883 in
1487 825 1582 882 lrusta
1595 823 1757 881 concisum.
1772 821 1830 878 Alii

125 908 246 983 iuquit:
264 910 323 967 Vos
337 928 439 969 omncs
454 929 504 971 oro
530 915 737 988 deprecorque,
760 915 874 983 lesum,
891 914 954 970 Vir·
1008 919 1046 976 ob
1059 918 1169 975 ludum
1186 918 1283 975 Rome
1299 918 1400 989 inique
1411 913 1756 989 perpetratum,deposito
1770 927 1831 968 ere·

125 999 290 1074 ginemque
305 1000 370 1073 ejus
383 1005 507 1058 matrem
520 1003 640 1060 Mariam
658 1004 769 1077 precari
783 1003 889 1071 velitis,
899 1004 955 1077 [ull
1008 1007 1101 1064 mitcli
1111 1007 1295 1076 babitu,cum
1303 1006 1482 1079 quibusdam
1489 1003 1700 1061 nefariiscruce
1710 1015 1832 1072 suspen-

124 1103 175 1146 me
189 1090 374 1145 constantem
394 1093 423 1146 et
436 1091 556 1148 llrmum
572 1091 832 1166 invincibilemque
853 1096 956 1149 contra
1009 1114 1086 1155 sum.
1098 1096 1199 1168 Nobis,
1210 1113 1244 1154 ee
1254 1113 1300 1154 res
1311 1095 1366 1152 etsi
1377 1110 1430 1168 pro
1444 1093 1574 1150 locorum
1583 1089 1717 1148 absentia
1726 1103 1830 1162 parum

122 1175 255 1235 insidiae
270 1176 379 1234 diaboli
396 1178 503 1237 laniat:
520 1197 588 1237 nam
613 1181 669 1238 boc
690 1182 863 1251 oratorium,
880 1180 954 1238 mibi
1008 1186 1217 1260 compertasit,
1228 1189 1327 1243 lemen
1338 1184 1548 1253 satisoonstut,
1563 1179 1643 1253 turpi
1663 1181 1757 1239 morte
1766 1192 1828 1249 pm·

123 1265 346 1324 nternamlore
379 1268 561 1342 sepulturum
590 1287 693 1344 sporo:
723 1287 777 1328 uec
800 1270 895 1344 plura,
922 1274 954 1326 nt
1008 1290 1063 1330 nas
1078 1272 1179 1332 luisse.
1196 1277 1239 1329 lta
1251 1272 1300 1329 ille
1315 1288 1408 1330 novus
1423 1271 1552 1328 Jocnnes
1562 1266 1703 1341 baptista,
1715 1263 1765 1339 qui
1776 1280 1829 1321 uo·

119 1347 231 1423 lemur,
246 1371 300 1428 per
313 1354 410 1428 ipsam
427 1357 505 1414 diem
522 1358 638 1416 locutus
652 1358 730 1435 [est],
744 1359 801 1416 uisi
816 1359 847 1416 in
862 1376 954 1417 remo·
1007 1378 1073 1419 vam
1088 1361 1259 1419 Christiane
1275 1361 1342 1419 fidei
1358 1358 1528 1433 religionem
1551 1357 1700 1431 protessus
1722 1353 1828 1422 lueret,

123 1442 257 1501 tionibus
268 1447 297 1500 et
311 1444 419 1502 abditis
435 1445 515 1503 locis.
534 1447 592 1504 Nos
607 1448 738 1519 demum,
755 1449 897 1522 quiajam
909 1447 952 1505 sol
1007 1450 1131 1524 dignum
1147 1449 1279 1508 moribus
1293 1450 1436 1523 lactisque
1456 1448 1518 1506 auis
1533 1448 1622 1504 linem
1632 1445 1697 1502 vite
1707 1442 1828 1500 invenit.

79 1570 84 1577 ·
116 1530 336 1602 ‚declinaverat
352 1533 431 1604 iude,
447 1535 626 1594 admirantes
654 1541 683 1594 et
703 1537 783 1594 varia
805 1537 835 1592 in
850 1537 953 1594 itincre
1043 1540 1187 1597 287.Huic
1199 1538 1425 1599 successitalter
1439 1526 1828 1607 ariminensis(2oe)bonua

122 1620 168 1681 tle
178 1636 223 1686 eo,
240 1624 273 1678 ut
288 1621 331 1691 lit,
342 1622 574 1694 contabuluntes,
594 1626 629 1682 ud
661 1626 872 1682 monasterium
894 1624 952 1681 leti
1007 1629 1136 1701 prolecto
1150 1629 1212 1698 vir;
1229 1629 1274 1685 cui
1291 1611 1397 1684 coinon
1412 1627 1502 1684 ctiam
1519 1625 1550 1682 in
1564 1627 1628 1699 ipso
1652 1621 1830 1679 sacrofonte

123 1710 342 1780 concessimus,
359 1712 471 1769 exitum
500 1714 540 1771 rei
564 1731 631 1772 cum
656 1713 763 1788 gaudio
782 1713 951 1788 prustclan·
1007 1717 1195 1791 baplismatis
1210 1722 1256 1774 eet
1269 1718 1363 1774 Homo
1377 1716 1448 1786 llei;
1465 1716 1515 1790 qui
1531 1713 1661 1788 quidem,
1677 1709 1768 1768 veluti
1782 1723 1829 1765 eu-

80 1837 83 1844 *
124 1801 185 1857 tes.
967 1837 992 1905 B
1007 1806 1159 1880 predictus
1176 1807 1267 1863 irater
1277 1806 1404 1869 Marcus,
1415 1804 1483 1879 plus
1496 1802 1552 1861 hoc
1564 1803 1594 1858 in
1610 1796 1787 1858 monasterio
1798 1796 1828 1853 S.

164 1888 228 1946 285.
244 1889 386 1947 Ceterum
401 1907 460 1947 non
477 1890 571 1948 multo
595 1896 663 1965 post
688 1891 786 1950 socius
801 1892 901 1960 irater,
916 1893 952 1948 de
1008 1894 1106 1952 Mariae
1121 1894 1234 1968 (quam)
1253 1911 1365 1951 annum
1379 1895 1436 1950 sub
1461 1889 1593 1951 seculari
1621 1891 1651 1947 et
1669 1883 1830 1945 conversali

128 1993 192 2051 quc
206 1994 296 2051 supra
309 1980 432 2037 verbnm
447 1980 580 2049 lecimus,
597 1980 647 2038 lite
674 1980 751 2039 inter
777 1997 828 2039 eos
849 1983 885 2039 de
899 1998 952 2038 cae·
1008 1983 1111 2041 habitu
1122 1983 1323 2057 peregit.lnde
1334 1974 1828 2055 optanspaulcssperioremvitam,

131 2065 275 2125 mmoniis
289 2068 479 2125 observandis
495 2073 573 2135 nata,
585 2069 682 2144 palam
692 2069 795 2127 multia
806 2087 861 2127 sua
875 2071 955 2128 mala
1009 2071 1383 2147 praeterquaminstitutaP.
1396 2062 1829 2140 Benedicti,adamare,diligere

129 2155 514 2215 iecinoraleoit.llincsibi
544 2158 640 2232 prime
668 2158 737 2216 mali
766 2160 868 2218 labes:
884 2160 953 2217 hinc
1007 2161 1080 2218 illud
1095 2161 1125 2218 S.
1142 2161 1239 2218 tlarie
1267 2157 1477 2218 monasterium
1504 2157 1605 2213 adivit.
1633 2153 1698 2222 Qui,
1714 2156 1749 2209 nt
1771 2149 1830 2206 alla

128 2244 168 2302 ab
182 2243 321 2303 omuibus
335 2246 440 2303 deinde
454 2247 612 2315 observari,
624 2249 743 2322 iniquus
759 2256 787 2306 el
801 2265 953 2320 perversus
1007 2249 1240 2326 pretermittam,
1256 2249 1292 2305 ad
1308 2248 1447 2306 libidines
1469 2251 1497 2303 et
1519 2245 1685 2317 voluptates
1699 2237 1829 2312 corporis

88 2390 91 2395 .
128 2349 150 2391 s
163 2333 278 2392 cunctis
291 2334 403 2392 baberi.
419 2337 510 2393 Erant
523 2352 557 2394 ec
570 2342 711 2412 tempore,
728 2338 778 2411 qui
802 2338 952 2396 existima·
1007 2339 1171 2396 domandas
1187 2355 1338 2411 nunquam
1355 2353 1468 2407 cernes,
1484 2349 1636 2407 nunquam
1660 2330 1739 2398 vina,
1756 2344 1831 2385 nnn·

127 2426 206 2491 rent,
222 2423 301 2481 bunc
316 2425 372 2481 sub
387 2424 484 2498 specie
495 2425 643 2487 eremitice
659 2426 723 2484 loca
737 2426 787 2484 illa
805 2445 910 2485 saxosa
925 2432 954 2485 et
1007 2445 1098 2501 quam
1113 2427 1261 2485 lacticinia
1275 2426 1503 2500 degustat3raro
1516 2420 1731 2488 oluscula,raro
1742 2432 1830 2490 poma

127 2509 191 2568 lore
206 2510 411 2570 inhabitabilia
424 2513 543 2585 adiisse,
559 2520 591 2571 ut
606 2514 646 2570 ibi
661 2515 741 2572 omui
757 2520 836 2573 metu
853 2516 952 2574 subla·
1008 2517 1168 2589 (comedit),
1184 2517 1244 2573 lere
1269 2513 1382 2588 jugiter
1405 2529 1481 2587 pane
1508 2516 1537 2569 ct
1563 2527 1641 2583 aqua
1659 2509 1826 2565 contentus.

91 2655 95 2660 .
127 2602 172 2669 to,
185 2598 307 2658 furtivas
322 2606 445 2659 monete
460 2603 594 2660 cilicinae
607 2620 675 2660 cum
689 2603 792 2678 paucis
806 2603 952 2663 clientulis
1008 2606 1201 2679 ouidlquod
1218 2605 1248 2660 in
1264 2604 1442 2674 baceremo,
1463 2593 1828 2673 quemvisipsesstisno-

127 2693 294 2759 exerceret;
312 2690 362 2748 scd
386 2707 421 2748 ex
442 2689 509 2748 aliia
531 2691 611 2748 vitiis
634 2692 740 2766 magis,
766 2709 855 2766 quam
875 2695 951 2766 quod
1006 2696 1087 2766 bilis,
1103 2699 1132 2753 et
1146 2695 1223 2768 quod
1240 2692 1335 2767 magis
1350 2697 1406 2760 est,
1421 2689 1555 2748 delicatis
1578 2687 1665 2745 rebus
1689 2683 1830 2758 prinsec-

127 2778 270 2850 cuiquam
284 2778 341 2837 hoc
356 2784 536 2854 compertum
550 2781 636 2850 leret,
650 2782 711 2838 hac
725 2782 805 2840 lama
817 2781 950 2841 volabat:
1006 2784 1241 2857 suetus,quaudo
1252 2783 1341 2840 etiam
1352 2779 1492 2840 deformis
1501 2778 1607 2836 stridet
1620 2776 1726 2843 biems,
1739 2770 1828 2830 nudis

127 2883 200 2925 nam
215 2868 304 2942 paulo
319 2872 395 2943 post,
411 2870 479 2943 quis
494 2869 626 2943 qualiave
641 2871 787 2941 existeret,
802 2888 856 2930 sua
876 2873 952 2932 mul·
1007 2875 1132 2951 pedibus
1146 2874 1223 2931 inter
1245 2872 1327 2930 nives
1350 2875 1379 2928 et
1401 2885 1521 2944 asperas
1538 2867 1647 2942 glacies
1661 2861 1780 2930 incedit,
1795 2875 1828 2917 ec

128 2959 162 3013 tu
176 2957 305 3015 celanda
319 2957 459 3029 facinora,
469 2975 533 3031 que
540 2960 666 3033 turpiter
679 2961 873 3034 obscoeneque
882 2961 952 3036 egit,
1006 2969 1140 3038 tempore
1152 2963 1241 3019 etiam
1257 2960 1307 3018 vili
1318 2964 1399 3018 vesle
1413 2964 1441 3017 el
1466 2957 1584 3033 palliolo
1608 2951 1809 3013 circumdatus
1821 2966 1838 3017 ;·

128 3044 333 3104 declaravere:
350 3064 418 3105 uam
433 3063 473 3105 as
488 3049 617 3107 alienum
632 3049 780 3123 imprimis
801 3051 890 3108 variis
904 3052 954 3108 do·
1006 3058 1035 3111 et
1049 3051 1158 3110 circulo
1172 3052 1263 3109 lerreo
1274 3047 1566 3122 instarilvangeliela
1577 3046 1761 3115 Luceaupra
1775 3054 1830 3097 nu·

128 3131 170 3191 lis
194 3137 226 3191 et
251 3134 366 3193 actibus
392 3137 504 3210 grande
530 3154 565 3194 ex
586 3137 709 3195 diversis
724 3138 795 3197 locis
807 3139 952 3211 conllevit,
1008 3143 1080 3199 dum
1095 3157 1201 3213 corpus
1216 3139 1334 3196 assidue
1348 3138 1459 3195 utitur:
1473 3142 1537 3194 orat
1551 3133 1759 3208 frequentaret
1770 3144 1832 3186 cor-

129 3226 391 3296 memoratoria,
407 3242 470 3298 que
485 3227 607 3298 dixerut,
617 3227 817 3285 exaedificaret.
832 3231 953 3296 Verum,
968 3203 991 3273 c
1010 3245 1160 3306 passuum
1176 3229 1294 3303 jugibus
1304 3226 1394 3284 alsscit
1405 3229 1591 3297 maceratque
1600 3218 1748 3294 dicipliuis
1758 3262 1765 3287 ,
1775 3217 1831 3273 lec-

133 3325 220 3371 morc
229 3311 416 3388 bilinguium,
431 3315 510 3372 aliud
525 3315 659 3374 clausum
674 3315 705 3373 in
731 3321 856 3390 pectore,
872 3315 953 3375 aliud
1007 3320 1086 3378 lione
1099 3318 1186 3376 etiam
1211 3316 1441 3389 scripturarum,
1465 3330 1529 3386 que
1550 3307 1707 3368 vernacula
1727 3305 1830 3377 lingua

131 3399 165 3456 in
179 3398 280 3476 lingue
292 3408 461 3477 promptum
476 3404 614 3463 babebat.
630 3406 761 3463 Ducebat
775 3406 854 3463 enim
865 3422 953 3479 quoa·
1007 3408 1232 3484 imprimuntur,
1245 3405 1337 3462 instat
1351 3419 1485 3477 semper;
1511 3400 1599 3460 etiam
1625 3393 1738 3455 Domini
1756 3392 1828 3450 teau

128 3489 202 3548 dem
215 3489 394 3551 facinorosos
417 3510 529 3562 secum,
553 3498 617 3551 tum
633 3493 790 3569 religiosos
806 3494 952 3569 fugitivos,
1007 3502 1152 3573 precepta
1163 3512 1216 3569 pro
1231 3493 1342 3551 viribus
1356 3490 1516 3565 adimplere
1531 3491 1663 3547 conatur.

127 3582 197 3636 tum
211 3580 368 3652 mulares,
381 3599 456 3656 quos
471 3582 650 3655 precibucde
664 3583 811 3656 ergastulo
827 3588 954 3643 extraxe·
1042 3587 1107 3642 288.
1122 3585 1248 3642 Domum
1262 3582 1349 3650 hano,
1361 3581 1411 3639 ubi
1421 3579 1551 3654 primum
1566 3591 1650 3636 suam
1666 3571 1829 3632 secundum

128 3673 188 3726 rat.
207 3668 325 3729 Mutuus
338 3670 452 3728 litteras
466 3677 496 3729 et
508 3673 626 3730 crebras
640 3690 658 3730 a
678 3672 863 3742 mulieribus,
879 3691 953 3747 quae
1007 3678 1099 3736 Deum
1113 3674 1224 3746 incepit
1237 3672 1391 3728 instituere
1404 3669 1507 3737 vitam,
1517 3664 1721 3725 crebroviaere
1730 3660 1828 3739 cupit,

128 3759 188 3815 sub
212 3759 310 3832 specie
333 3760 506 3818 monialium
529 3760 646 3819 clausas
673 3764 952 3836 supramemoravi,
1007 3766 1195 3825 S.loannem
1220 3760 1316 3818 ubivis
1338 3759 1471 3833 gentium
1494 3754 1617 3825 extollit,
1641 3769 1696 3811 sua
1714 3749 1831 3825 egregie

129 3846 204 3905 dere
223 3847 330 3922 sepius
352 3853 381 3907 et
411 3850 561 3924 accipere;
587 3867 637 3908 eas
664 3852 827 3922 interdum,
849 3853 954 3911 comite
1007 3857 1084 3914 suctu
1099 3850 1245 3910 narrando
1261 3848 1416 3907 adcoelum
1431 3847 1524 3908 ferre:
1539 3844 1575 3902 dc
1590 3839 1743 3901 monacbis
1757 3842 1830 3896 cete-

128 3951 190 3994 uno
206 3941 371 4010 mutentns,
387 3939 515 3998 visitare.
1007 3944 1108 4017 risque
1124 3940 1233 3999 nostris
1248 3939 1348 3996 omnia
1371 3938 1448 3995 bona
1462 3935 1567 3994 dicere.
1578 3933 1625 3989 sic
1640 3931 1676 3988 ab
1691 3927 1830 3987 omnibus

164 4025 231 4084 286.
246 4025 314 4098 Sed,
330 4030 363 4084 ut
376 4043 477 4086 verum
502 4029 602 4099 fatear,
626 4028 696 4087 buic
716 4031 954 4103 pseudoeremitae
1007 4032 1095 4091 bonis
1109 4047 1183 4106 puro
1196 4028 1330 4101 diligitur
1344 4026 1469 4092 allectu;
1493 4021 1563 4080 mali
1584 4036 1653 4078 vero
1675 4034 1745 4077 eum
1763 4015 1831 4073 odio

129 4130 192 4173 uon
207 4116 305 4173 minor
317 4117 432 4176 vanitas
445 4116 540 4177 inerat
558 4135 648 4192 quam
662 4120 836 4194 hypocrisis,
860 4137 955 4194 neque
1008 4123 1128 4188 babent,
1140 4119 1189 4192 qui
1205 4132 1373 4192 perversam
1386 4130 1488 4172 eorum
1503 4112 1593 4170 vitam
1616 4110 1779 4166 insectatur
1801 4108 1831 4160 et

128 4203 256 4264 uticem
269 4222 334 4279 quse
348 4208 491 4279 audieret,
502 4224 597 4280 nequo
608 4213 725 4266 suamet
738 4208 849 4266 scelera
861 4209 954 4268 occul·
1008 4210 1143 4276 crimina,
1158 4212 1187 4265 et
1210 4205 1340 4280 probatis
1365 4203 1500 4276 verisque
1526 4198 1691 4259 rationibus
1718 4193 1831 4269 flagitia

127 4296 206 4353 tere.
221 4297 265 4351 lle
278 4295 394 4353 vidente
423 4300 453 4355 et
476 4296 622 4365 audiente,
653 4296 740 4370 plura
761 4298 835 4354 dixit
854 4303 883 4355 et
896 4299 956 4372 egit
1007 4296 1265 4372 turpitudinesque
1279 4309 1381 4351 eorum
1395 4289 1570 4349 effulminat.
1591 4288 1716 4360 stupent
1728 4298 1832 4341 omncs

126 4380 231 4456 inepte
245 4387 274 4440 et
287 4382 411 4452 insulae,
421 4389 451 4441 et
460 4385 539 4457 quod
554 4384 680 4442 levitatis
695 4385 884 4459 potissimum
899 4390 956 4457 cst,
1009 4388 1041 4444 in
1055 4403 1089 4443 eo
1103 4390 1133 4443 et
1148 4384 1208 4441 oris
1222 4383 1359 4457 gratiam,
1372 4385 1401 4437 et
1414 4379 1588 4438 suavitatem
1604 4371 1834 4444 sermonis,quia

126 4471 296 4531 acuebatur
310 4473 387 4546 (208)
402 4473 500 4531 officia
514 4473 637 4532 ridicula
651 4474 796 4548 ludosque
819 4475 955 4534 ambitio·
1010 4492 1064 4534 nec
1074 4473 1199 4547 iejuniis
1213 4488 1265 4529 nec
1279 4469 1346 4528 aliis
1360 4468 1461 4542 flagris
1484 4467 1594 4540 quibus
1609 4478 1715 4537 corpus
1730 4459 1831 4524 afficit,

127 4576 181 4620 eos
210 4577 272 4633 ore,
299 4561 403 4631 oculis,
434 4563 571 4621 manibus
599 4563 729 4632 ellicere;
753 4580 885 4638 prorsus,
901 4574 1145 4641 necDmorosns
1159 4567 1187 4620 et
1199 4559 1303 4618 anxius
1315 4562 1343 4615 et
1358 4557 1519 4614 iracundus
1533 4559 1562 4611 et
1575 4550 1714 4614 dilllcilis,
1726 4552 1759 4603 ut
1769 4547 1832 4620 qui·

127 4649 206 4724 qnid
221 4649 340 4723 diceret,
355 4668 409 4709 neo
436 4651 506 4725 quid
536 4651 654 4720 iaceret,
683 4651 845 4725 quidquam
872 4653 955 4725 pensi
1011 4654 1090 4724 darn,
1106 4653 1166 4709 imo
1181 4649 1389 4724 perbenignus,
1398 4645 1508 4714 suavis,
1523 4640 1629 4712 dulcis,
1641 4636 1833 4711 jucunduset

128 4738 262 4809 babere,·
277 4743 426 4813 postremo
440 4740 471 4797 in
486 4739 550 4799 dies
564 4740 659 4814 magis
673 4738 813 4798 insanire.
830 4744 954 4799 minum
1010 4741 1137 4800 affabilis
1152 4738 1287 4797 eflicitur.
1302 4737 1393 4807 cuius
1408 4748 1497 4806 opera
1514 4729 1631 4805 egregia
1645 4728 1676 4785 in
1691 4724 1831 4800 religione

90 4873 98 4882 .
128 4843 201 4886 cum
219 4827 436 4887 multanefaria
450 4832 553 4901 stupra
569 4828 957 4903 lecissetpreeenspericu-
1010 4830 1117 4889 Gbrieti
1132 4829 1213 4899 iesu,
1229 4842 1293 4899 qua
1308 4823 1366 4880 vidi
1396 4827 1425 4878 et
1443 4819 1553 4893 accepi,
1582 4818 1608 4876 ai
1628 4816 1716 4875 velim
1731 4813 1832 4873 omniu

129 4916 196 4976 lum
212 4916 384 4989 lormidaus,
401 4921 539 4991 congesta
554 4917 648 4976 mutio
663 4917 793 4977 etetiam
821 4934 856 4976 ex
877 4918 956 4975 vasis
1011 4918 1167 4992 diligenter
1182 4914 1287 4972 litteris
1299 4912 1450 4980 mandare,
1466 4915 1583 4982 tempus
1598 4922 1687 4981 quam
1709 4903 1832 4962 materia

129 5006 294 5065 mussat
303 5006 956 5081 planetislpsiuellirginieltariaeoratoriinon
1011 5008 1098 5071 citius
1112 5023 1160 5065 me
1173 5006 1299 5063 deseret.

130 5112 224 5172 parva
238 5095 455 5171 pecunla‚clam
466 5112 535 5155 cum
551 5096 679 5169 quodam
690 5097 872 5171 pestileroad
883 5096 957 5154 alias
1046 5099 1109 5155 289.
1126 5094 1297 5165 quodcirca,
1318 5091 1387 5166 quia
1401 5090 1461 5146 vita
1475 5088 1571 5147 adhuc
1585 5088 1721 5160 superest
1743 5082 1780 5152 ei,
1804 5087 1833 5139 et

131 5203 166 5245 sc
180 5185 308 5244 contulit
322 5185 466 5261 regiones.
482 5189 522 5243 De
535 5186 600 5259 ejus
615 5185 702 5245 exitio
715 5186 796 5244 varia
809 5187 888 5260 apud
903 5202 957 5245 noa
1012 5202 1100 5260 quem
1115 5184 1224 5243 exilum
1239 5181 1280 5240 sit
1292 5180 1458 5248 habiturus,
1474 5177 1646 5251 ignoremus
1661 5173 1788 5248 penitus,
1803 5176 1833 5229 et

167 5383 245 5455 (208)
258 5381 322 5440 Vox
334 5384 433 5440 Graeca
446 5386 491 5440 est
505 5398 522 5438 a
536 5373 722 5450 σκηνοὸατέω,
737 5380 767 5436 id
789 5385 835 5436 est
849 5382 879 5437 in
894 5397 956 5438 sce·
1012 5387 1059 5439 est
1072 5380 1143 5438 urbs
1158 5376 1355 5438 Romandiole
1370 5376 1438 5443 sita,
1455 5375 1483 5430 in
1499 5391 1549 5432 ora
1567 5375 1660 5433 maris
1676 5374 1831 5433 Hadriatici

130 5472 203 5515 num
219 5454 339 5529 prodeo,
354 5453 401 5511 vel
415 5453 445 5509 in
474 5454 623 5510 theatrum
649 5453 787 5524 produco.
805 5452 876 5508 lude
890 5471 956 5522 σκη·
1013 5455 1049 5511 ad
1062 5453 1137 5511 ostia
1150 5450 1232 5509 tluvii
1244 5448 1379 5517 Arimini,
1396 5451 1499 5518 estque
1524 5447 1601 5502 inter
1619 5445 1779 5504 Bononiam
1796 5447 1832 5502 ad

128 5521 255 5596 νοὸἀτης
270 5524 392 5595 histrio;
409 5523 460 5598 qui
475 5524 588 5598 private
611 5522 723 5596 llagitia
744 5523 877 5580 omnium
891 5539 957 5581 oon·
1013 5540 1162 5594 occasum,
1176 5527 1204 5581 et
1217 5523 1366 5580 Anconam
1385 5518 1421 5576 ad
1446 5525 1541 5574 ortum
1566 5517 1723 5579 hibernum
1747 5516 1833 5593 quasi

128 5600 171 5659 lis
184 5599 217 5655 in
231 5595 348 5656 thecua
362 5596 482 5730 exponit
506 5597 554 5653 uti·
564 5594 689 5679 eaplicat
702 5594 831 5653 Budeua.
1013 5597 1120 5655 media.

167 5669 246 5743 (209)
260 5668 309 5728 Sic
321 5684 393 5727 voca

407 5684 443 5727 nr
456 5667 492 5728 ab
507 5668 631 5727 lemano
654 5665 741 5741 vulgo
761 5667 876 5742 flimict,
891 5682 956 5742 que
