3892 6096
66 280 141 341 ml
545 274 552 296 ’
691 276 882 340 aristosa
903 276 954 338 tv
976 276 1147 366 luebunt.
1686 301 1765 362 {m

63 414 110 468 nis
125 411 229 468 Cbristi
246 408 492 480 ambipatis.1tem
513 412 634 465 sanctus
658 408 806 482 cyrillus:
833 411 890 466 Non
904 409 931 476 Α
945 411 1010 476 stia,
1026 409 1079 480 fide
1092 410 1280 466 existimanda
1293 427 1348 468 uon
1361 417 1459 486 speeie,
1475 434 1525 475 vec
1547 427 1684 483 exteriore
1702 446 1766 486 cen-

63 516 241 559 eommunem
261 514 383 570 comam,
399 497 506 570 iuquit,
522 499 696 570 accipientes,
712 498 758 554 ted
772 514 835 554 vere
847 501 889 555 vi·
943 499 1028 555 aenda
1051 499 1185 566 vitared
1208 501 1339 558 interiore
1362 504 1470 576 affectu.
1496 508 1624 569 Hilarius
1649 532 1767 591 qnoque

61 590 256 662 mirationem,
272 592 298 644 et
317 588 407 660 ipsius
425 587 502 643 Verbi
514 588 661 658 propriam
674 588 787 658 tactum.
804 588 888 661 Ergo,
946 587 1076 659 idipsum
1101 591 1244 645 testatur:
1260 591 1432 661 Deveritate,
1444 593 1550 668 inquit,
1562 604 1693 660 carniaet
1705 623 1769 663 san·

63 679 88 737 si
104 678 232 753 propria,
248 676 396 750 quomodo
414 675 542 732 umbrat
557 676 581 731 si
597 676 726 750 propria,
741 677 888 749 quomodo
943 679 1037 747 puims
1051 693 1107 734 non
1130 681 1170 733 est
1192 679 1305 735 relictus
1318 681 1479 753 ambipendi
1493 687 1576 743 lacus.
1593 689 1680 749 Plura
1694 711 1766 767 pras·

62 768 182 841 figurat
197 771 269 823 ltem
283 765 387 822 beatus
398 763 571 821 Ambrosius
586 780 593 819 ε
610 767 648 822 Ne
661 769 741 837 esset,
753 768 805 834 ait,
815 767 892 822 vetut
943 769 988 821 ter
1002 765 1064 822 hac
1078 765 1211 840 exempla
1226 783 1382 841 congerere
1396 787 1561 844 possemus,
1574 779 1630 835 nisi
1644 782 1767 841 vitarem

63 856 176 930 auidam
190 857 287 913 horror
300 857 418 920 cruoris,
428 853 475 909 sed
487 857 612 910 moveret
624 857 716 911 tumen
729 856 822 926 pratia
838 859 888 910 lte·
944 855 1063 911 modum
1075 856 1223 912 excedere.
1232 856 1316 914 Nune
1326 858 1361 914 de
1374 861 1522 933 Baptismo
1533 866 1721 937 parvulorum
1733 889 1768 930 οι

62 947 218 1019 dammartin,
235 944 295 1001 ideo
308 942 522 1000 similitudinem
539 945 652 1015 accipis,
668 943 714 999 aed
736 958 809 1000 verae
832 960 887 1000 rta-
942 943 1017 1001 libra
1033 943 1090 999 divi
1105 944 1261 1017 Augustini
1277 947 1312 1002 de
1327 948 1422 1005 verbis
1436 951 1552 1010 Domini
1569 974 1663 1029 pauca
1678 977 1768 1034 pone·

63 1036 276 1107 arepertum,
294 1040 473 1106 uirtutemque
488 1034 668 1104 moecaveris.
687 1032 757 1089 Item
780 1032 888 1105 ipsein
942 1048 1010 1089 mus
1024 1033 1074 1089 ubi
1091 1032 1139 1090 ille
1155 1034 1197 1089 sio
1212 1035 1275 1090 ait:
1292 1037 1428 1094 Paruulus
1441 1040 1477 1096 ad
1489 1043 1569 1100 uerba
1580 1048 1673 1104 atierm
1687 1067 1769 1108 sava-

63 1124 139 1181 libro
152 1124 187 1180 de
201 1121 398 1179 Sacramentis
414 1137 420 1177 :
442 1121 513 1191 Quid
527 1121 581 1188 bie,
597 1121 648 1188 ait,
664 1123 765 1193 queris
778 1125 890 1178 natura
942 1128 998 1188 tur,
1013 1123 1079 1192 quia
1104 1122 1139 1177 ad
1161 1124 1265 1193 sactum
1288 1126 1413 1181 alienum
1433 1129 1606 1190 vulneratur.
1622 1135 1722 1195 Credis
1737 1140 1768 1196 in

62 1213 187 1270 ordinem
202 1215 232 1269 in
248 1211 353 1269 Cbristi
366 1227 492 1283 corpore,
508 1226 570 1266 cum
589 1220 693 1282 prater
706 1213 889 1267 naturamoit
941 1209 1043 1266 lesum
1074 1209 1249 1267 Christum?
1276 1213 1308 1282 fil
1335 1215 1522 1289 interrogatio.
1552 1223 1769 1294 despondetur.-

62 1302 124 1372 ipse
138 1302 268 1358 Dominus
282 1302 359 1357 lesus
370 1307 467 1372 portus
490 1314 525 1354 ea
550 1300 681 1369 l'irpine?
694 1298 763 1355 Ante
777 1299 887 1355 benedi·
942 1297 1032 1355 Credo
1049 1315 1056 1354 τ
1079 1315 1131 1371 pro
1149 1316 1205 1356 non
1225 1299 1364 1372 loquente,
1379 1320 1429 1375 pro
1443 1307 1555 1378 sitente,
1568 1328 1619 1384 pro
1632 1315 1725 1386 plenta,
1741 1326 1767 1374 et

61 1393 180 1448 ctionem
208 1392 267 1448 alia
280 1391 383 1462 species
399 1389 571 1454 ruminatur,
585 1390 649 1460 port·
658 1389 888 1445 consecrationem
941 1387 1032 1458 pierrdo
1046 1387 1242 1459 quodammado
1257 1394 1286 1445 ut
1303 1392 1483 1451 subveniatur
1495 1409 1604 1470 arante,
1622 1405 1765 1476 responde·

62 1496 160 1553 corpus
178 1479 307 1551 efficitur.
324 1479 395 1535 Item
421 1477 484 1549 ipse
506 1477 537 1532 in
561 1477 688 1534 eodem:
717 1477 827 1548 Vinum,
843 1476 888 1532 in·
942 1479 997 1531 tur.
1016 1481 1112 1532 llam:
1139 1477 1198 1544 libi,
1214 1477 1323 1550 inquit,
1337 1484 1417 1552 ponis
1437 1488 1567 1557 paruulos
1591 1489 1767 1564 baptizatos?

63 1568 139 1641 quit,
163 1577 189 1625 et
211 1585 284 1641 aqua
306 1567 337 1624 in
360 1566 472 1622 calicem
497 1566 627 1633 mittitur,
651 1565 698 1622 sod
719 1566 751 1637 fit
773 1566 889 1636 aanpuis
943 1569 1065 1638 Profecto
1080 1567 1111 1623 iu
1125 1582 1240 1624 numero
1253 1570 1437 1629 credentium.
1454 1575 1568 1634 Rursus
1583 1578 1671 1653 ipse:
1694 1584 1768 1640 inter

61 1659 265 1714 consecratione
288 1657 365 1714 verbi
391 1655 525 1717 celestis:
546 1656 701 1727 pretiosum
724 1657 889 1726 aanpuinem
942 1653 1079 1710 credentes
1098 1655 1185 1727 ipitur
1207 1657 1358 1729 baptizatas
1380 1664 1513 1732 parvulas
1535 1669 1703 1740 numerabis,
1719 1687 1768 1728 nec

62 1745 145 1817 bibis,
156 1753 187 1801 vt
198 1746 293 1800 nullus
308 1743 407 1800 borrar
417 1744 523 1798 certaris
536 1742 581 1810 sit,
591 1750 617 1798 et
628 1744 780 1814 praemium
795 1746 887 1799 tamen
937 1742 1064 1813 judicare
1078 1743 1135 1798 ullo
1149 1743 1228 1800 modo
1242 1744 1328 1803 aliter
1347 1749 1470 1818 audebis,
1486 1753 1511 1808 sl
1533 1771 1588 1812 non
1609 1759 1652 1814 aab
1674 1764 1769 1832 aperte

61 1842 190 1907 operetur
212 1831 416 1903 redemptionis.
433 1831 468 1885 lit
490 1830 593 1885 beatus
613 1831 794 1902 Augustinus
816 1831 886 1886 diuit
940 1845 997 1885 esse
1012 1830 1166 1888 berctinus.
1188 1832 1228 1888 De
1255 1833 1386 1907 legitimo
1409 1842 1507 1895 autem
1535 1845 1682 1916 eonjneio,
1699 1864 1766 1904 eum

60 1923 104 1980 ita
119 1940 125 1978 :
148 1926 182 1979 ln
196 1923 256 1993 ipsu
269 1935 353 1976 carne
366 1918 527 1990 ambulavit,
542 1921 568 1975 et
582 1920 672 1991 ipsam
685 1935 796 1975 eumaem
809 1920 887 1975 nobis
940 1918 1012 1974 Novi
1036 1924 1065 1975 et
1088 1919 1198 1976 Veteris
1216 1921 1406 1981 instrumenti
1422 1913 1579 2002 multiplici
1595 1936 1768 1994 auctoritate

33 2024 36 2029 ·
60 2011 288 2069 manducandam
301 2009 337 2065 ad
351 2009 469 2065 saluum
478 2007 566 2066 dedit.
577 2007 662 2080 Ergo,
672 2007 698 2065 si
708 2008 814 2081 ipsam,
829 2025 888 2065 nan
941 2008 1141 2078 eonlirmetur,
1157 2025 1284 2082 eumque
1298 2028 1356 2069 non
1377 2015 1464 2072 modo
1479 2018 1648 2088 Christiani,
1663 2041 1766 2082 verum

61 2101 212 2166 umbram,
224 2116 282 2155 non
297 2098 434 2171 figuram,
446 2101 479 2153 ut
490 2100 585 2154 Bruno
599 2100 629 2152 et
638 2096 830 2170 berengarius
845 2098 887 2153 ai·
940 2094 1045 2167 iudai,
1056 2096 1115 2152 imo
1130 2097 1218 2153 etiam
1234 2100 1369 2171 gentiles,
1382 2101 1520 2176 legalium
1536 2110 1707 2181 nuptiarum
1722 2129 1768 2170 ao·

61 2190 192 2247 firmant.
203 2189 238 2244 lit
252 2187 283 2243 in
298 2187 355 2243 aliu
366 2185 429 2243 loeo
439 2185 517 2242 idem
528 2185 592 2257 ipse
604 2200 752 2258 exponens
762 2184 889 2257 qualiter
942 2183 1020 2257 pulis
1034 2185 1230 2255 ioederentur;
1248 2205 1341 2244 unum
1359 2190 1503 2249 duntaxat
1525 2197 1666 2255 adversus
1685 2202 1768 2258 testi·

62 2278 174 2335 dictum
190 2277 228 2334 sil
243 2277 280 2334 da
289 2276 392 2344 David,
402 2275 565 2348 sumebatur
578 2273 707 2330 manibus
721 2274 779 2331 suls
791 2291 801 2329 .·
817 2275 887 2344 Quo·
944 2273 1074 2329 monium
1086 2273 1219 2331 sulficere
1232 2281 1338 2347 potest.
1350 2280 1401 2335 Est
1410 2272 1502 2353 igitui
1514 2284 1543 2340 in
1560 2288 1768 2347 constitutione

60 2367 154 2434 modo,
169 2366 276 2439 inquit,
292 2365 468 2436 intellipatur
481 2365 512 2420 in
526 2364 584 2435 ipso
598 2362 696 2432 David,
710 2379 767 2420 nou
782 2363 890 2420 iuveni·
942 2363 1075 2434 ejusdem
1091 2362 1206 2420 concilii
1222 2366 1385 2437 capitulum
1402 2371 1435 2423 17
1452 2388 1458 2427 :
1484 2373 1515 2428 Si
1532 2376 1594 2445 quis
1607 2376 1712 2434 dicerit
1725 2380 1768 2435 vel

61 2473 125 2512 mus
139 2456 289 2512 secuudum
305 2453 438 2524 litteram,
450 2453 700 2510 ianristoautern
714 2454 888 2510 invenimus.-
919 2444 924 2454 ’
942 2451 1088 2508 crediderit
1111 2453 1243 2525 conjupia
1264 2453 1407 2512 bominum
1429 2476 1491 2532 quae
1514 2464 1660 2521 secundum
1676 2467 1769 2541 lepem

60 2545 205 2618 serebatur
231 2545 306 2601 euim
331 2543 455 2599 Christus
478 2544 509 2598 in
533 2544 662 2601 nauibus
688 2543 756 2611 suis,
781 2541 889 2615 quando
942 2540 1066 2597 diuinam
1081 2542 1145 2598 licet
1160 2542 1271 2614 babere,
1282 2549 1467 2604 exsecrabilia
1481 2566 1547 2618 esse,
1560 2555 1707 2612 anatbema
1721 2560 1766 2614 rit.

63 2633 255 2690 commendans
282 2648 381 2704 corpus
408 2648 503 2698 suum,
533 2634 588 2700 ait,
618 2635 677 2689 Hoo
710 2634 755 2688 est
783 2647 889 2705 corpus
942 2629 1137 2695 Quamobrem
1152 2632 1320 2690 brunonem
1336 2641 1365 2691 et
1379 2636 1588 2712 Berengarium
1608 2644 1672 2713 jam
1693 2663 1766 2702 ana·

62 2738 183 2792 meum3
198 2722 338 2794 serebatur
350 2723 425 2777 euim
439 2720 509 2777 illud
518 2737 617 2792 corpus
632 2723 661 2776 in
676 2720 805 2777 manibus
819 2722 888 2776 suis.
942 2718 1147 2776 thematizatos
1162 2722 1350 2780 arbitramur.
1362 2724 1443 2789 Quod
1459 2727 1483 2783 si
1499 2728 1540 2784 ita
1554 2736 1609 2798 est,
1625 2749 1691 2790 raro
1708 2734 1767 2792 illis

62 2808 887 2884 Corpusauumdicit,non‚sieutBrunoetBerengarius,
943 2807 1092 2864 audientia
1111 2810 1226 2866 concilii
1252 2811 1423 2885 deneganda
1445 2820 1500 2883 est,
1517 2822 1545 2874 et
1570 2837 1637 2878 cum
1663 2824 1769 2880 vestris

61 2901 201 2958 umbram
216 2905 245 2958 et
260 2901 396 2973 liguram.
414 2898 483 2955 Item
500 2898 626 2955 Basilius
643 2916 650 2956 ι
667 2898 687 2954 0
702 2898 889 2955 miraculum!
943 2912 1069 2969 eumque
1080 2899 1190 2955 nostris
1202 2899 1358 2974 episcopis,
1370 2903 1395 2959 si
1410 2905 1492 2962 vobis
1507 2907 1548 2964 ita
1561 2910 1685 2980 videtur,
1700 2929 1767 2970 cum

61 2991 98 3047 Et
112 2991 163 3046 Dei
177 2992 205 3046 in
222 3005 271 3045 nos
286 2989 483 3059 benevolentia,
499 2987 549 3053 ait,
565 2990 614 3062 aui
632 3002 740 3042 sursum
761 2986 833 3043 sedet
854 2986 890 3043 ad
943 2985 1038 3042 amica
1052 2992 1147 3044 vestro
1164 2988 1350 3062 imperatore,
1364 3008 1431 3049 cum
1447 2994 1510 3067 ipsa
1526 3014 1612 3070 papa,
1627 3017 1692 3073 qua
1705 3001 1768 3057 vin-

60 3078 205 3136 deateram
220 3080 323 3147 Patris,
338 3077 471 3148 sacrificii
492 3079 588 3133 tamen
610 3083 730 3148 tempore
743 3076 888 3132 bominum
943 3074 1022 3130 dieta
1043 3074 1074 3130 in
1097 3075 1164 3132 illus
1188 3082 1344 3147 statuatur,
1365 3081 1599 3142 deliberandum.
1616 3089 1666 3146 list
1690 3090 1769 3147 euim

59 3168 194 3225 manibus
208 3169 373 3233 continetur,
389 3166 564 3237 traditurque
581 3164 701 3222 lambere
714 3165 888 3235 cupientibus
903 3145 924 3212 C
940 3163 1057 3234 justum
1069 3167 1102 3218 ut
1112 3180 1238 3234 quorum
1249 3184 1347 3224 atauus
1359 3171 1418 3226 sint
1427 3181 1523 3228 contra
1532 3190 1635 3248 omnes,
1647 3182 1770 3236 amnium

58 3274 137 3317 eum.
155 3261 226 3314 Item
241 3255 387 3314 Eusebius
402 3254 475 3312 divit
490 3273 497 3311 ε
525 3254 589 3311 Vere
603 3254 688 3310 unica
700 3255 824 3325 perfecta
838 3251 889 3309 bo·
944 3267 1045 3307 mamus
1060 3253 1148 3308 etiam
1164 3257 1257 3311 corrtra
1272 3258 1343 3329 ipsos
1356 3261 1518 3318 miteretur.

242 3564 552 3652 EPISTOLA
594 3562 649 3649 D.
689 3558 980 3649 EPISCOPI
1016 3562 1093 3646 tlt
1130 3561 1168 3646 Ι.
1207 3562 1592 3659 EPISCOPUM.

818 3709 913 3783 (anno
928 3709 1018 3783 tort).

322 3840 430 3896 Gratias
444 3840 504 3907 opit
517 3837 550 3895 de
562 3852 689 3901 munere.
703 3837 868 3908 eaponitque
881 3836 910 3891 ei
922 3834 1097 3906 triumphum
1111 3836 1138 3892 S.
1155 3839 1277 3895 llemacti
1289 3838 1322 3895 de
1336 3840 1512 3899 adversariis.

607 3967 612 3977 “
670 3962 809 4033 [Mauras.
826 3958 916 4032 Ampl.
932 3958 1035 4015 collect.
1052 3960 1073 4028 l,
1089 3961 1163 4033 tull

104 4214 214 4270 llamno
229 4213 249 4268 l.
265 4212 303 4284 (1)
314 4210 410 4285 gralia
419 4210 470 4268 Dei
480 4209 638 4267 venerabili
650 4209 798 4282 episcopa,
811 4214 842 4265 u.
854 4208 894 4281 (2)
910 4208 935 4276 Ι)
950 4223 1026 4274 cam,
1042 4209 1183 4281 mysteria
1196 4228 1230 4268 ex
1245 4211 1310 4286 ipsa
1325 4215 1365 4271 rei
1380 4217 1501 4275 veritate
1517 4234 1568 4292 per
1583 4219 1632 4278 Dei
1646 4221 1773 4294 gratiam

62 4301 269 4375 coepiscopus,
285 4300 369 4357 tldele
384 4299 537 4357 servitium
553 4315 620 4355 eum
635 4297 827 4354 orationibus.
946 4296 1032 4362 tacta,
1040 4295 1142 4354 altiore
1152 4299 1298 4358 intellectu
1311 4305 1625 4376 profitemur.ltisistis
1634 4311 1713 4367 enim
1725 4329 1774 4368 ur·

100 4389 241 4462 Sepositis
253 4388 383 4459 interim,
400 4386 573 4445 dulcissime
588 4385 629 4443 mi
644 4384 774 4455 domine,
789 4383 892 4440 veteri·
945 4399 995 4439 aas
1005 4399 1072 4439 oum
1088 4384 1184 4453 melle,
1196 4387 1349 4462 mellisque
1364 4392 1494 4466 alumno,
1506 4395 1692 4470 pretiosaque
1702 4414 1771 4455 con·

62 4477 122 4535 bus
137 4477 302 4549 iisdemque
316 4475 516 4533 celeberrimis
529 4479 634 4532 vestra
649 4474 679 4529 in
701 4489 756 4529 nos
770 4471 892 4528 munitl-
945 4473 1033 4538 texta,
1046 4471 1155 4543 quibus
1168 4478 1294 4546 quatuor
1308 4477 1475 4552 insignibus
1488 4487 1516 4537 et
1531 4482 1612 4539 aliud
1627 4485 1770 4557 quiddam

64 4565 167 4625 centia
178 4565 346 4639 impendiis,
359 4565 519 4622 novissima
529 4581 595 4637 quta
604 4560 713 4637 palatio
724 4577 783 4618 aon
793 4560 892 4616 incon·
946 4558 1044 4615 innuit
1056 4576 1102 4616 res
1114 4562 1287 4633 gesta.Nam
1300 4565 1370 4636 quid
1383 4584 1436 4639 pen
1446 4569 1626 4627 ferocitatem
1637 4572 1771 4630 ursinam

64 4661 180 4730 gruaet
191 4654 356 4711 futurorum
367 4653 597 4710 demonstrativa
607 4648 830 4722 satisexquisite
840 4647 893 4704 mi·
946 4647 1058 4704 nullius
1081 4653 1143 4704 tam
1169 4651 1210 4706 rei
1234 4668 1323 4724 quam
1351 4655 1446 4712 mellis
1473 4657 1599 4730 avidam,
1614 4659 1672 4717 nisi
1697 4677 1771 4734 gens

64 4744 162 4817 aistis,
178 4749 343 4802 tentanum
358 4743 553 4800 exsultatione
568 4739 723 4815 amplexati
739 4755 844 4796 sumus
859 4755 892 4794 ae
946 4735 997 4791 illa
1008 4736 1254 4795 Hemaucsnsium
1265 4742 1315 4813 (3),
1332 4759 1395 4815 qua
1411 4761 1527 4819 semper
1540 4763 1713 4821 exasperata
1727 4753 1773 4807 est

8 4856 12 4893 t
63 4848 252 4903 veneramur,
267 4838 378 4906 quanto
393 4849 452 4889 non
466 4835 527 4888 tam
543 4831 620 4888 dana
634 4846 735 4904 quam,
746 4831 780 4885 ul
796 4827 836 4884 ita
850 4826 892 4882 di·
946 4823 1022 4881 inter
1032 4824 1139 4882 tluotus
1150 4825 1467 4905 bellorum,siguaturt
1477 4835 1552 4901 Quid
1562 4852 1629 4894 uero
1641 4838 1772 4911 permol-

8 4948 13 4984 t

8 5032 16 5081 t

8 5124 16 5174 ¹
63 5138 147 5195 1076.
163 5138 356 5209 Dipnissemus,
373 5136 468 5210 inquit
482 5134 619 5192 Nicolaus
639 5135 764 5192 Schateu
790 5141 892 5191 auctor
946 5129 996 5201 qui
1014 5145 1077 5185 seso
1101 5129 1137 5185 nb

101 4994 141 5066 (1)
156 4995 256 5051 lmado
272 4995 373 5066 procul
397 4994 486 5051 dubio
502 4990 744 5060 Puderbvrueuai,
760 4990 812 5064 qui
832 4994 890 5047 Ro·
945 4989 974 5041 S.
991 4985 1109 5069 Renaali
1125 5003 1231 5072 eorpus
1246 4989 1385 5070 leodium
1401 4992 1532 5049 delatum
1553 4999 1599 5052 est
1624 5013 1641 5051 a
1664 4994 1785 5078 statu:

65 5064 153 5123 thoni
167 5066 346 5150 subrogatus
357 5082 435 5122 anno
447 5067 526 5136 1052,
538 5064 614 5120 aedit
624 5064 659 5119 ad
671 5080 781 5120 annum
797 5078 892 5136 usque
946 5056 1090 5124 lensibus.
1107 5063 1139 5113 ut
1154 5062 1770 5208 fflgtiggzmrffevegressuiseffiltrnaggreaffirrnoagg,

8 5208 19 5271 b
59 5208 222 5267 Annalium
234 5209 565 5281 Padarborn.,quiinter
579 5207 893 5279 primaasanctissimos·
982 5200 1019 5272 (3)
1047 5201 1129 5282 Forte
1157 5198 1313 5273 legendum
1342 5221 1409 5273 pens
1438 5208 1488 5263 illo
1521 5210 1746 5264 Hannonenstum
1759 5225 1771 5272 ,·

8 5274 19 5359 'p
64 5296 121 5356 aue
135 5279 407 5353 Samnmeptaopos
418 5288 587 5345 numeretur,
601 5293 652 5350 qao
665 5279 758 5349 prison
770 5277 841 5331 cleri
852 5275 892 5331 di·
946 5271 1006 5326 haec
1034 5288 1154 5354 quippe,
1172 5273 1312 5344 probante
1333 5274 1453 5344 Casare,
1470 5280 1499 5334 in
1527 5279 1666 5337 ditionem
1693 5278 1773 5337 venit

8 5394 16 5443 l

8 5482 15 5527 t

61 5353 197 5425 rciptino,
213 5360 239 5409 et
261 5353 326 5410 vitae
348 5353 495 5408 sanctioris
517 5352 594 5418 vipor
611 5357 736 5404 seruatus
750 5349 797 5417 sit,
813 5362 893 5418 quem
947 5341 1089 5398 Deodurm
1105 5343 1363 5428 ann0·1071.·Vide
1379 5347 1526 5405 Fisenium
1553 5352 1588 5407 ad
1616 5351 1696 5408 hunc
1718 5368 1771 5408 an·

60 5427 172 5492 aaromm
185 5423 314 5494 evemplo
329 5424 340 5478 i
358 5440 388 5479 se
399 5425 479 5496 prius
493 5421 620 5478 omuibus
634 5421 674 5475 im
694 5419 818 5476 resrerit.
833 5420 892 5474 Au·
946 5414 1029 5496 dum,
1045 5411 1260 5496 (lhapesvrllam
1284 5433 1313 5472 m
1334 5418 1495 5493 Deoduino,
1511 5425 1600 5496 atque
1615 5421 1689 5482 alios
1703 5426 1773 5484 Leo·

63 5494 129 5558 nal.
146 5493 323 5551 Paderborn.
339 5440 392 5550 fib.
410 5510 449 5561 nv,
466 5494 513 5549 ad.
530 5509 599 5548 ann.
617 5437 696 5546 1078.
946 5483 1276 5546 dntenslumrlnnalium
1295 5491 1434 5553 sartores.

101 5565 348 5644 (monotaimus,
364 5564 415 5641 qui
431 5565 495 5625 sadi
510 5562 661 5623 laodiensi
675 5565 809 5639 praerat,
824 5578 892 5622 cum
