3892 6096
170 283 229 343 tat
669 272 841 336 OTHLONI
862 270 1043 335 Monaesi
1065 270 1098 332 S.
1120 267 1370 333 uuuuanuttt
1815 270 1877 333 m

169 416 325 488 Scriptura
349 426 437 468 sacru
451 423 560 475 arcem,
570 406 600 463 id
617 405 859 479 estiivangelium
876 418 991 461 currere
1005 402 1137 471 Aderat.
1153 401 1265 459 Similis
1281 399 1415 458 doctrina
1427 399 1458 455 in
1471 388 1627 473 Evangelio
1637 399 1740 457 eodem
1760 399 1875 459 iuveni·

169 505 253 575 libet,
269 501 347 575 quod
363 500 433 572 quia
446 499 540 553 instar
555 495 665 554 montis
680 495 869 553 excelsiinter
880 497 992 550 catera·
1047 494 1106 559 tur,
1131 491 1180 547 ubi
1205 490 1328 549 Domino
1341 489 1480 563 loquente
1493 489 1528 545 ad
1543 489 1657 560 turbas,
1673 489 1747 546 dixit
1760 490 1787 547 ei
1811 491 1877 565 qui·

170 589 456 651 rumsublimitatem
466 586 678 659 scripturarum
694 584 993 657 itasuperemiuet‚ut
1047 581 1134 638 dam:
1152 582 1217 636 Ecce
1229 588 1320 637 muter
1333 588 1390 646 too,
1405 584 1433 635 et
1447 581 1548 651 {ratres
1562 579 1605 634 tui
1617 580 1686 650 scm
1707 582 1782 636 stent
1800 596 1878 652 pam·

169 684 204 740 ad
214 677 414 738 summitatem
427 676 492 748 ejus
498 673 870 749 pervenireuequeam‚tam
879 669 993 728 meritis
1047 673 1176 726 restante
1190 668 1296 742 (llottlt.
1311 685 1362 737 ιιι,
1379 668 1433 736 lt).
1449 667 1503 723 Cui
1534 666 1674 724 Dominus
1702 669 1877 742 respondit:

168 785 257 844 quam
274 762 781 839 scientisquasiutroquepede‚proh
802 760 992 818 dolorlclau·
1047 760 1112 828 Qua
1138 767 1177 815 est
1202 766 1291 815 tantm
1317 769 1393 823 aaa,
1420 762 1446 812 ct
1474 758 1522 829 pai
1548 759 1614 812 aaut
1632 757 1735 828 fratrea
1753 761 1879 817 moitis't

165 862 231 926 dus,
248 872 390 929 magnum
410 854 481 909 mihi
512 852 635 924 videtur,
652 851 677 907 si
704 850 861 907 saltemad
880 849 992 906 radices
1046 845 1517 917 cueadessmoaumiadtscapatos
1535 844 1699 903 mwtdtcit:
1722 850 1789 905 scre
1816 865 1877 906 aio·

165 947 298 1021 eJusdem
305 944 414 1002 montis
419 941 601 1018 perveniens,
612 939 726 1013 aliquos
735 939 777 995 ibi
788 937 925 996 flosculos
943 953 992 996 ea·
1046 945 1087 995 ter
1099 953 1161 994 meo
1175 945 1200 993 et
1214 938 1315 1007 fratrea
1330 937 1396 1003 mei,
1413 936 1569 1009 padusque
1581 935 1658 991 cutm
1670 937 1767 1007 fecerat
1779 939 1878 995 uolam

166 1039 355 1110 parapotero.
1046 1031 1129 1085 mtcm
1154 1026 1329 1097 Patriamei,
1346 1024 1393 1098 qai
1406 1026 1438 1080 io
1452 1024 1528 1080 cetis
1542 1024 1757 1096 caderemus
1775 1029 1877 1099 frater,

200 1129 260 1181 Eoo
288 1126 387 1180 autem
415 1118 562 1193 imprimis
582 1118 650 1174 inds
664 1119 843 1191 carpendum
866 1116 991 1177 videtur.
1044 1125 1072 1174 at
1098 1132 1184 1188 soror,
1210 1120 1236 1173 et
1263 1123 1353 1172 mater
1380 1119 1419 1171 cat
1447 1113 1542 1186 (teta,
1567 1114 1671 1185 ditm).
1699 1115 1878 1190 Dpiissima

167 1215 244 1288 qnod
260 1212 403 1269 Dominus
418 1213 445 1266 et
459 1206 590 1265 Salvator
605 1211 713 1275 noster,
725 1207 810 1278 cujus
821 1205 861 1261 ibi
874 1209 992 1279 gestaet
1044 1205 1225 1279 dispensatio
1254 1203 1368 1261 Domini
1391 1204 1484 1261 nostri
1503 1203 1573 1260 lesu
1601 1202 1721 1274 Christi,
1745 1205 1797 1279 qni
1811 1206 1878 1265 idco

168 1303 311 1363 miracula
324 1300 489 1357 veneranda
503 1296 651 1370 leguntur,
669 1300 744 1352 Deus
760 1300 788 1352 et
802 1295 890 1351 homo
904 1312 990 1352 verus
1044 1294 1135 1351 voluit
1149 1299 1271 1352 amatre
1285 1294 1475 1367 cognatisque
1489 1292 1658 1351 carnalibus
1672 1299 1744 1353 tunc
1772 1296 1876 1371 quari,

168 1410 232 1451 esse
260 1391 424 1448 credendus
438 1391 492 1445 est.
511 1387 592 1451 Quod
606 1385 685 1441 enim
702 1385 777 1441 Deus
792 1388 845 1453 est,
861 1382 989 1440 illasan-
1044 1388 1078 1442 ut
1091 1399 1218 1458 congrue
1232 1400 1285 1441 nos
1300 1383 1430 1440 instucre
1451 1387 1550 1455 posset
1571 1387 1682 1456 quauta
1710 1383 1879 1445 differentia

167 1482 299 1539 ctissime
311 1478 434 1535 ‚Ioannis
449 1476 536 1532 verba
551 1473 717 1530 declarant:
734 1475 766 1530 ln
778 1474 918 1547 principio
931 1480 992 1529 eret
1041 1473 1081 1531 sit
1101 1473 1176 1528 inter
1205 1471 1336 1530 carnales
1354 1475 1383 1528 et
1411 1470 1577 1544 spirituales
1593 1473 1706 1541 iratres,
1732 1474 1875 1549 quodque

171 1571 294 1640 Verium,
323 1576 349 1625 et
381 1566 494 1624 Verbum
520 1568 583 1622 erut
601 1562 675 1635 apud
689 1564 784 1631 Deum,
800 1565 826 1619 ct
842 1567 991 1618 Deuterot
1041 1578 1144 1619 omnes
1159 1562 1340 1618 voluntatem
1354 1561 1404 1618 Dei
1419 1560 1874 1635 lactentesdicipossiutlratrcs

169 1661 284 1717 Verbum
298 1659 392 1731 (toan.
413 1672 432 1723 1,
451 1655 486 1726 l).
503 1654 584 1718 Quod
601 1657 698 1709 autem
714 1651 809 1708 lactus
832 1655 877 1707 est
902 1650 989 1707 hemo
1043 1655 1072 1709 et
1087 1656 1209 1720 matres,
1225 1655 1313 1723 atque
1329 1666 1447 1707 sorores
1461 1651 1537 1722 ejus.

167 1748 219 1806 illa
241 1745 434 1805 nihilominus
457 1743 537 1798 dicta
566 1742 710 1813 probant:
740 1741 774 1796 Et
795 1739 989 1796 Vertemcaro
1082 1740 1220 1812 Ejusdem
1235 1739 1374 1797 doctrine
1385 1739 1629 1797 caussinvenitur
1643 1739 1748 1809 ibi‚ubi
1762 1740 1877 1800 Scribis

166 1840 275 1911 [adum
297 1840 345 1900 cst,
370 1841 396 1890 ct
425 1832 561 1887 ltobitoutt
586 1832 617 1885 in
639 1829 718 1886 nobis
736 1827 830 1899 (itm,
848 1828 992 1898 lt).ltem
1046 1832 1076 1886 et
1089 1828 1244 1885 phariseis
1260 1828 1296 1885 nd
1312 1828 1470 1884 Dominum
1485 1827 1669 1887 dicentibus:
1686 1830 1778 1899 Quare
1789 1830 1876 1889 disci·

167 1930 328 1997 utrumque
342 1925 463 1980 sanctus
477 1918 632 1978 Matthaeus
646 1921 779 1985 testatur,
806 1933 930 1974 narrans
957 1917 993 1974 de
1045 1918 1108 1991 pali
1133 1918 1177 1975 tui
1202 1918 1450 1988 troaspreda'autur
1478 1917 1805 1988 tradttioacsscutorem,
1819 1936 1877 1977 arcu

168 2015 303 2079 Domino.
320 2010 389 2085 quia
403 2008 528 2066 esuriret
542 2013 571 2064 et
584 2010 715 2064 tentatus
730 2011 808 2063 esset
832 2023 849 2062 a
876 2005 992 2064 diabolo
1046 2008 1123 2063 coito
1151 2007 1244 2063 leuant
1271 2023 1370 2063 monas
1393 2022 1469 2075 caes,
1496 2023 1559 2063 cum
1584 2023 1685 2079 ponem
1702 2010 1878 2071 madescat

168 2110 202 2162 ut
214 2104 312 2173 homo,
328 2100 465 2173 quodque
479 2097 505 2154 ei
521 2096 616 2170 angeli
632 2095 835 2152 ministrarant
862 2098 896 2152 ut
923 2095 991 2153 Deo.
1048 2096 1157 2168 (licuit.
1173 2113 1219 2165 xv,
1233 2096 1271 2169 2).
1288 2096 1353 2169 lpse
1367 2096 1548 2167 respondens
1562 2097 1616 2164 eie,
1633 2098 1663 2153 iu
1690 2097 1794 2171 primis
1809 2098 1877 2172 qui·

167 2192 258 2249 Multa
269 2192 357 2247 etiam
373 2189 420 2245 his
436 2185 546 2244 similia
561 2189 621 2242 tam
631 2185 728 2241 verbis
742 2200 831 2257 quam
856 2184 992 2257 operibus
1046 2187 1113 2241 dem
1129 2185 1270 2258 exemplis
1283 2184 1522 2242 convenientibus
1535 2183 1697 2258 increpavit
1710 2187 1876 2261 eorumhy·

118 2262 128 2275 ’
167 2281 314 2341 declarata
325 2272 916 2347 testimoniainEvangeliisiuveniuntur3
928 2291 992 2347 qua
1047 2275 1201 2348 poorysin3
1218 2279 1394 2347 posteavaro
1410 2273 1563 2346 discipulis
1578 2274 1799 2349 inquirentibus
1825 2292 1876 2333 ex·

166 2371 232 2428 ideo
257 2368 393 2442 inprimis
417 2382 451 2422 ex
467 2364 591 2421 historia
605 2363 772 2436 evangeliea
786 2361 906 2434 protuli,
922 2365 993 2436 quia
1046 2363 1185 2436 planavit,
1202 2364 1348 2438 quomodo
1363 2363 1456 2438 magis
1471 2363 1641 2437 coinquinet
1650 2363 1801 2425 hominem
1816 2381 1876 2422 soa

167 2459 204 2515 ad
221 2459 308 2514 tidem
324 2450 991 2526 sacrampertineut,quratotiusreligionisdi·
1047 2449 1116 2509 dida
1138 2451 1246 2507 meotis
1275 2451 1464 2522 conscientia,
1493 2450 1638 2525 verbaque
1672 2469 1764 2525 prava
1782 2470 1875 2526 quam

170 2547 242 2602 vinoe
258 2540 649 2602 laudamentumconstut.ln
660 2554 837 2611 quocunque
850 2539 929 2595 euim
941 2539 991 2596 ho·
1046 2556 1152 2596 manus
1176 2540 1275 2609 illata,
1302 2540 1422 2597 diceus:
1453 2540 1614 2609 Homicidia,
1632 2541 1782 2612 momen,
1797 2544 1876 2615 falsa

168 2635 247 2692 mine
261 2630 432 2705 hujusmodi
448 2630 519 2687 [ides
533 2634 562 2685 et
575 2629 698 2686 scientia
712 2627 864 2695 solidatur,
876 2628 991 2687 facilius
1045 2630 1211 2695 testimonio,
1241 2629 1425 2701 blasphemie,
1442 2630 1501 2688 taec
1525 2638 1599 2703 auru,
1615 2632 1876 2705 quoecoiaqaiaoot

165 2723 265 2780 omnia
280 2718 416 2793 inteliigit
429 2734 494 2791 qua
508 2718 655 2790 scriptura
668 2717 782 2775 Veteris
796 2721 826 2774 et
836 2717 902 2774 novi
917 2718 989 2776 Tes·
1044 2718 1267 2782 tomimmmoo
1282 2719 1448 2776 totuoatem
1461 2720 1593 2778 monibus
1608 2720 1785 2790 munducare,
1815 2738 1874 2780 aaa

169 2810 293 2868 tomenti
306 2811 343 2866 de
358 2807 472 2866 Christo
486 2806 668 2864 testatur.Ad
683 2807 743 2863 hac
758 2806 847 2863 etiam
867 2823 991 2880 pensan·
1043 2811 1203 2882 mcnqaioot
1230 2809 1369 2865 hommem
1394 2808 1488 2880 (tota,
1513 2809 1614 2880 19-20).
1632 2809 1780 2885 Disposuit
1803 2811 1874 2884 pius

166 2902 238 2958 dum
254 2904 299 2956 est
312 2899 342 2954 in
352 2896 527 2970 Euangelus,
542 2895 612 2969 quia
623 2913 640 2951 a
653 2895 926 2968 quibuscunquevel
937 2899 989 2955 bo·
1043 2896 1185 2953 Dominus
1199 2900 1228 2953 et
1243 2913 1373 2963 causam,
1389 2898 1590 2955 uudedocerot
1600 2915 1690 2971 quam
1705 2900 1873 2958 necessaria

166 2989 271 3048 nisvel
300 2987 385 3044 malis
414 2986 548 3044 Christus
578 2984 823 3057 interrogabatur,
839 2988 988 3043 communi
1042 2985 1174 3056 sitfides,
1185 2986 1407 3059 constantiaque
1421 2987 1524 3044 orandi
1553 2987 1583 3043 in
1612 2987 1776 3045 chananeo
1804 3005 1871 3046 mu·

167 3079 272 3137 salutis
286 3077 422 3133 humane
437 3091 526 3131 eausa
539 3075 649 3132 factum
678 3079 723 3131 est
742 3078 775 3130 ut
798 3075 988 3148 dispositione
1042 3074 1112 3131 liene
1128 3091 1202 3147 quo,
1219 3074 1285 3132 licet
1300 3076 1336 3131 ab
1351 3092 1385 3133 eo
1400 3075 1583 3133 tamsilentio
1593 3092 1681 3149 quam
1691 3076 1788 3133 verbis
1802 3093 1870 3134 cou-

167 3163 986 3240 taliprodereturveritasdoctrinaperresponsaChristi.
1004 3149 1026 3217 C
1044 3163 1209 3220 tumeliosis
1224 3168 1390 3236 contempta
1401 3168 1430 3220 et
1442 3164 1564 3237 indigna
1586 3166 1651 3236 ejus
1681 3164 1871 3223 miseratione

167 3256 229 3313 Nisi
244 3256 323 3312 enim
340 3255 536 3327 praecederent
545 3253 784 3326 interrogationes
813 3254 990 3327 aliquorum,
1044 3252 1201 3321 videretur,
1218 3269 1275 3309 non
1286 3256 1383 3310 tamen
1394 3252 1532 3310 destitita
1545 3253 1690 3326 precibus,
1702 3255 1795 3312 donec
1806 3255 1872 3328 ipso

166 3361 224 3402 non
240 3349 353 3418 poterat
367 3344 504 3400 omuibus
520 3342 699 3414 responderi,
716 3359 773 3399 non
789 3346 903 3416 poterat
916 3361 991 3418 quo·
1045 3339 1216 3398 collaudans
1228 3342 1292 3413 ejus
1308 3342 1776 3414 fldem,ooostantiamqusorandi
1790 3344 1872 3402 dics-

166 3435 301 3507 rumdam
318 3432 430 3490 malitia
454 3436 521 3505 apte
541 3431 698 3504 increpari,
715 3449 773 3488 uon
789 3436 903 3504 potarat
918 3450 990 3507 quo·
1046 3434 1107 3486 ret:
1137 3430 1236 3501 linono
1263 3436 1302 3487 cst
1329 3429 1397 3502 ates
1421 3439 1478 3499 too,
1506 3432 1706 3504 fiattitiaices
1721 3433 1761 3490 uis
1776 3431 1873 3505 (idid,

166 3523 301 3579 rumdam
309 3520 800 3596 ignorantiacongrueedoceri.Sed
811 3525 844 3576 ut
854 3521 915 3578 haeo
925 3538 989 3595 que
1044 3518 1100 3590 ²8).
1116 3518 1209 3590 Hujus
1224 3518 1314 3591 igitur
1329 3519 1461 3577 mulieris
1476 3519 1533 3576 lide
1548 3524 1576 3578 et
1590 3520 1754 3580 constantia
1767 3536 1876 3583 cmm

165 3611 292 3668 dicimus
303 3612 433 3682 apertius
448 3611 642 3679 innotescant,
653 3608 786 3681 exempla
797 3611 988 3681 proferemus.
1045 3607 1145 3666 fideles
1160 3608 1359 3681 instruuntur,
1376 3614 1409 3665 ut
1423 3608 1596 3681 inprecibus
1607 3609 1671 3669 suis
1681 3609 1876 3671 sintstabilas

165 3701 199 3755 lu
215 3696 749 3773 Evangelionamqneltatthoetlegitur
762 3713 768 3751 :
781 3697 989 3760 Ouiadisoum-
1044 3701 1073 3753 et
1099 3696 1130 3752 in
1157 3696 1254 3753 diviua
1281 3698 1387 3770 pietate
1410 3700 1609 3757 confidentes:
1625 3700 1726 3759 eadem
1740 3715 1875 3773 namque

166 3789 252 3845 beuta
265 3788 336 3845 lesu
352 3788 382 3843 in
399 3786 531 3859 ejusdem
546 3784 673 3841 Matthaei
683 3786 770 3842 domo
781 3786 988 3860 cumpublica·
1046 3785 1161 3842 Domini
1176 3785 1268 3856 pietas
1290 3785 1320 3842 in
1343 3803 1446 3845 omnes
1459 3789 1494 3844 ad
1515 3804 1546 3846 se
1560 3788 1720 3849 clamantes
1742 3792 1875 3857 constat,

165 3878 212 3935 nis
241 3881 269 3935 et
292 3876 505 3950 peecatoribus,
535 3874 672 3931 Pharisaei
707 3876 743 3932 de
771 3879 854 3932 tanta
882 3877 989 3949 pietate
1080 3874 1209 3931 Providit
1222 3875 1309 3932 etiam
1326 3877 1467 3933 Dominus
1481 3894 1601 3934 eausam
1617 3894 1676 3950 qua
1696 3877 1875 3935 doceremur

165 3965 355 4022 scandalizati
382 3965 519 4021 dicebant
547 3963 583 4019 ad
608 3963 768 4037 dIscipulos
796 3965 878 4036 ejus:
901 3966 990 4034 Quare
1044 3969 1121 4021 recte
1136 3964 1166 4020 in
1181 3981 1249 4021 eum
1264 3966 1512 4038 orodore,quaque
1522 3967 1691 4039 pastoribus
1705 3966 1876 4027 sanctens-

164 4070 228 4111 cum
240 4054 396 4125 publicanis
414 4057 440 4109 et
466 4053 653 4125 peccatoribus
680 4053 828 4110 mottducot
856 4057 990 4125 Mopiotcr
1044 4052 1138 4110 alesia
1166 4059 1296 4127 potestas
1319 4055 1430 4128 ligandi
1451 4061 1540 4128 utque
1567 4054 1698 4113 solvendi
1738 4056 1872 4114 daretur.

164 4142 278 4199 eesoer‘l
303 4143 414 4215 (Mettis.
449 4160 488 4211 rx,
518 4142 654 4214 illitae
677 4143 912 4213 desusaudiens,
928 4146 987 4202 ait:
1044 4142 1117 4199 Nam
1133 4159 1199 4199 cum
1215 4143 1466 4216 inlocoquodam
1482 4145 1692 4220 interrogasset
1708 4144 1874 4219 disciputus

164 4232 223 4288 Non
250 4235 291 4289 est
313 4247 379 4304 opus
393 4232 548 4288 calentibus
562 4232 704 4294 medicum
718 4232 989 4291 sedmutelrotenti-
1044 4246 1125 4303 suos,
1140 4246 1227 4303 quem
1242 4231 1286 4289 vel
1301 4233 1436 4290 homines
1451 4236 1555 4304 ceteri,
1572 4232 1615 4293 vel
1631 4234 1688 4307 ipsi
1701 4251 1769 4292 eum
1787 4235 1875 4293 dice·

165 4321 233 4378 bas:
260 4337 317 4377 oon
340 4322 417 4377 euim
442 4323 506 4377 vcoi
532 4336 628 4378 vocure
650 4321 749 4392 justos,
779 4321 990 4394 sedpeccuterea
1044 4324 1118 4388 rent,
1135 4322 1314 4393 respondeus
1329 4322 1432 4379 Petrus
1447 4339 1498 4395 pro
1513 4322 1651 4380 omuibus
1665 4323 1757 4381 dixit:
1783 4323 1820 4381 Tu
1835 4338 1874 4382 ,cs

165 4410 256 4483 (ibid,
269 4411 323 4485 12).
336 4411 438 4467 Nonne
453 4411 604 4467 attondere
619 4410 732 4467 valetis:
745 4410 909 4484 quietantia
923 4414 990 4471 doc·
1044 4407 1167 4465 Christus
1193 4409 1271 4479 filius
1285 4411 1335 4468 Dei
1356 4411 1413 4468 viui
1438 4412 1543 4482 (Mettis.
1570 4429 1628 4480 xvi,
1644 4413 1699 4485 16),
1716 4411 1770 4479 Qui
1798 4428 1874 4475 mox

164 4500 247 4557 trine
260 4504 347 4557 tante
364 4500 479 4572 pietatis
490 4500 641 4572 responsio
655 4499 796 4556 aChriste
808 4500 919 4574 prolata
929 4520 988 4561 non
1004 4516 1027 4582 D
1044 4514 1095 4570 pre
1109 4502 1195 4555 tantos
1211 4499 1279 4555 fidei
1295 4500 1607 4559 contessionebcatusa
1618 4501 1740 4559 Domino
1750 4517 1875 4575 snspen-

163 4596 251 4663 esset‚
267 4590 324 4647 uisi
339 4591 528 4664 interrogatio
543 4589 611 4646 licat
627 4589 758 4663 maligna
773 4590 987 4650 Pharisaeorum
1045 4587 1131 4644 dente
1145 4587 1253 4658 dictus,
1268 4587 1364 4646 claves
1378 4590 1461 4662 regui
1476 4589 1615 4649 coelorutu
1631 4595 1660 4648 et
1678 4592 1873 4666 postestatem
1897 4646 1904 4661 ,

162 4679 362 4754 precederet?
376 4681 515 4752 Ejusdem
526 4696 643 4752 quoque
653 4677 886 4737 doctrioecausa
899 4680 989 4738 inter·
1045 4674 1155 4750 ligandi
1166 4682 1254 4749 atque
1269 4678 1399 4736 solvendi
1414 4684 1475 4737 tam
1491 4680 1521 4737 in
1536 4680 1617 4738 omlis
1634 4697 1723 4754 quam
1737 4680 1768 4737 iu
1778 4679 1870 4739 terris

164 4773 283 4843 rogatus
298 4769 385 4826 lesus
400 4786 417 4825 a
432 4768 586 4841 discipulis
597 4768 719 4825 loannis
731 4786 741 4824 .·
752 4784 841 4841 quare
851 4768 988 4842 discipuli
1045 4765 1174 4838 accipere
1190 4768 1307 4825 meruit.
1324 4767 1406 4825 Unde
1421 4775 1451 4826 et
1464 4770 1577 4827 cunctis
1600 4774 1707 4829 sancte
1731 4767 1874 4829 ttoclsna

165 4858 229 4929 ejus
244 4857 988 4930 noncumaliisjejuuareut‚respouditlesus21lou
1045 4855 1213 4928 pastoribus
1240 4857 1341 4914 sudem
1371 4861 1498 4930 potestas
1516 4858 1625 4932 ligandi
1636 4863 1724 4931 atque
1739 4857 1875 4917 solvendi

163 4950 278 5017 pessunt
304 4946 360 5017 filii
386 4948 480 5017 sponsi
507 4946 610 5017 tepere,
639 4947 763 5018 quaudiu
790 4963 854 5004 cum
876 4948 935 5005 tttu
950 4957 990 5006 est
1045 4944 1152 5001 tradita
1167 4945 1305 5002 creditur.
1318 4947 1483 5004 Notandum
1500 4964 1616 5021 quoque
1631 4948 1701 5020 quia
1716 4963 1782 5005 cum
1797 4947 1874 5008 al‘u·

163 5050 278 5107 sponsus
293 5033 385 5105 (idid,
403 5033 458 5105 15)-
471 5032 582 5099 Quibus
596 5034 692 5091 verbis
707 5036 989 5108 maguasanctallo·
1046 5050 1112 5090 rum
1125 5035 1391 5109 rerumuotitiaper
1400 5036 1642 5110 interrogationes
1654 5042 1714 5097 tam
1727 5035 1874 5097 murrum

165 5123 260 5181 closis
275 5122 435 5180 consolatio
449 5121 575 5179 traditur
590 5123 619 5178 iu
630 5139 664 5179 eo
679 5125 757 5197 quod
767 5130 834 5182 etse
845 5142 988 5197 sponsum
1045 5138 1134 5195 quam
1151 5124 1293 5179 bonorum
1306 5140 1324 5180 a
1338 5124 1461 5182 Domino
1476 5127 1620 5195 tradatur,
1637 5126 1782 5200 precipua
1802 5125 1875 5189 lidei

165 5213 317 5283 Dominus,
328 5216 357 5269 et
371 5211 532 5285 discipulos
560 5229 630 5269 suos
660 5213 735 5271 filios
761 5215 861 5286 sponsi
886 5232 988 5274 vocare
1044 5215 1151 5269 sancta
1172 5212 1317 5270 consessio
1347 5230 1399 5287 per
1420 5215 1514 5272 solam
1533 5216 1691 5275 Dominicis
1707 5216 1873 5291 interroga·

164 5303 304 5376 diguatus
318 5305 372 5370 est,
385 5302 564 5359 concordans
578 5302 784 5361 videlicetaliis
800 5306 851 5377 qui
861 5322 930 5362 eum
942 5323 987 5363 eo·
1045 5301 1134 5358 tionis
1148 5317 1268 5359 cansam
1284 5304 1433 5376 panditur.
1458 5304 1511 5362 Cui
1541 5305 1581 5364 rei
1608 5323 1683 5380 peno
1711 5303 1809 5363 simile
1824 5308 1872 5365 ut

164 5390 230 5449 dem
243 5390 362 5448 nomine
377 5391 671 5463 appellaresolsbant.
678 5392 886 5451 Verumtamen
900 5398 988 5452 tauta
1044 5391 1122 5464 quod
1137 5392 1200 5465 ipse
1213 5391 1356 5452 Dominus
1366 5411 1522 5454 assumens
1537 5397 1680 5470 quosdam
1698 5393 1875 5469 discipulos.

163 5479 372 5538 consolationis
387 5481 475 5536 verba
489 5479 632 5537 Dominus
639 5482 843 5555 respondendo
851 5499 908 5540 nou
921 5500 988 5558 pro-
1042 5481 1189 5540 duxit'eos
1206 5483 1235 5541 in
1251 5489 1381 5543 montem
1397 5484 1555 5557 excelsum,
1571 5487 1621 5543 ubi
1635 5502 1690 5543 vox
1705 5484 1808 5543 audita
1821 5488 1870 5543 ost

165 5569 262 5647 terret,
276 5568 333 5628 nisi
348 5568 612 5645 iuterrogatiojam
626 5575 856 5633 commemorata
879 5590 988 5648 prooe-
1043 5573 1079 5629 de
1108 5574 1195 5647 nube,
1224 5575 1340 5636 dicens:
1368 5578 1418 5637 liic
1445 5585 1485 5637 cat
1498 5576 1585 5636 Filius
1598 5592 1676 5635 auae
1689 5575 1812 5637 attactus
1835 5590 1869 5637 ta
