3892 6096
110 298 164 359 titi
610 300 778 363 (uitiauit
804 300 979 362 bittuntlttt
1003 299 1023 361 S
1060 296 1304 362 uuttuuntutut
1756 296 1815 359 ¹80

108 441 247 491 mearant
263 434 291 488 in
309 432 453 505 peccatis;
471 449 547 488 nunr-
559 440 656 491 uutem
674 434 850 509 increpando
861 452 928 502 eos;
946 441 971 505 Α
988 436 1062 500 sard,
1078 435 1139 504 qttis
1152 442 1244 490 noster
1258 433 1392 489 Dominus
1405 434 1463 488 est?
1477 429 1568 503 (totu,
1585 429 1627 501 5.)
1641 430 1709 496 unu
1724 429 1815 490 verbu

107 524 255 581 interdum
271 524 360 580 etiam
376 523 484 578 orando
501 527 533 578 ut
557 523 600 579 vol
625 524 784 581 vindictum
800 526 928 582 debitam
988 523 1131 595 superbiet
1142 538 1261 578 sensum
1278 520 1365 577 talem
1378 520 1514 577 videntur
1527 519 1655 578 hebere:
1672 521 1813 580 peritiam

107 613 258 688 niripiunt,
266 611 310 668 vel
321 615 423 668 eontra
430 611 530 669 tldsles
540 613 701 685 nequitiam
713 632 797 671 suam
809 615 930 688 implere
986 616 1099 668 tantam
1117 628 1151 667 ex
1168 611 1267 668 labore
1279 616 1378 668 nostro
1393 610 1615 684 acquisivimus,
1627 613 1689 667 utet
1698 611 1745 668 dis
1755 629 1813 685 pu·

61 758 67 765 ,
109 704 266 775 nequeant.
278 700 332 756 Sed
343 701 379 757 de
394 700 563 775 iniquorum
576 703 708 760 omnium
725 706 829 776 eapite,
841 705 870 761 id
886 709 932 761 est
985 700 1090 758 tatiani
1100 701 1203 757 divina
1215 699 1365 773 possimus
1376 700 1560 773 respondere.
1571 700 1704 759 uiuentes
1714 701 1812 759 enim:

108 790 286 848 Antichristo
297 789 444 863 imprimis
455 791 600 864 dieamus,
613 793 662 866 qni
674 794 740 850 ticet
751 794 780 850 in
791 795 931 867 tempori·
986 791 1052 860 Qun
1073 794 1167 846 nostu
1185 790 1317 847 Dominus
1340 797 1390 861 est,
1407 788 1568 846 ostendunt
1582 804 1614 846 ee
1628 789 1764 848 dubitare
1778 791 1814 849 de

109 880 166 937 bue
177 879 348 937 novissimis
359 885 502 938 venturus
515 881 563 948 sit,
576 882 732 940 Psalmista
742 887 840 940 tamen
852 900 931 941 more
986 879 1132 936 immense
1141 879 1193 935 Dei
1207 877 1324 935 virtute.
1338 877 1421 935 Talia
1435 882 1533 934 autem
1549 880 1582 934 ia
1595 879 1685 947 eorde,
1696 889 1722 936 et
1735 880 1816 937 eorde

109 986 164 1028 suo
173 969 274 1026 lutura
283 968 369 1041 quasi
379 971 526 1042 praeterita
536 983 660 1028 narrans
670 973 706 1029 de
716 972 766 1030 illo
776 972 805 1027 in
817 972 932 1045 psalmo
986 967 1157 1041 loquuntur,
1171 984 1229 1024 uon
1239 968 1424 1024 attendentes
1437 967 1506 1040 quia
1522 971 1659 1025 scrutans
1671 974 1717 1026 est
1726 972 1816 1027 oorda

108 1074 197 1127 nono,
207 1058 338 1131 loquitur
353 1059 437 1132 quasi
447 1060 512 1131 jam
526 1061 662 1129 venisset,
674 1061 774 1118 dicens
788 1062 865 1118 inter
879 1079 932 1119 ea·
986 1061 1015 1115 et
1025 1062 1109 1114 renes
1120 1058 1198 1114 Deus
1209 1057 1295 1129 (Psoi.
1306 1073 1355 1125 vu,
1368 1054 1423 1129 10).
1436 1057 1491 1113 Sed
1505 1057 1561 1113 oiri
1571 1057 1659 1114 dolosi
1669 1074 1724 1116 non
1735 1058 1818 1116 dimi·

108 1152 194 1206 tera:
219 1148 279 1206 Noa
302 1152 341 1204 est
364 1150 434 1205 lteus
457 1151 485 1205 in
514 1154 658 1223 conspectu
685 1153 755 1224 ejus,
780 1152 934 1223 inquinatae
987 1146 1486 1219 mmmdeessmstrsut.s1v).et
1504 1149 1616 1218 saqittae
1635 1149 1818 1220 paruulorum

112 1241 177 1297 sunt
191 1239 244 1297 uiae
259 1239 338 1295 iliius
353 1240 384 1294 in
397 1241 474 1295 omui
495 1243 623 1311 ternpore.
637 1242 809 1313 deserantur
826 1241 935 1314 jitdioio
987 1235 1447 1309 taetaesuatptapaeeorumffsal.
1461 1237 1597 1309 ax111,8);
1614 1236 1724 1308 quiain
1734 1241 1820 1295 tanta

112 1328 624 1400 tua,ltomine,afaoieeius,omnium
636 1332 936 1387 inimieorumsuornm
990 1325 1156 1399 arrogantia
1170 1331 1199 1381 et
1214 1324 1353 1398 superbia
1368 1324 1455 1397 positi
1477 1339 1553 1398 supe
1578 1330 1647 1382 ante
1670 1330 1818 1383 maturam

112 1417 311 1475 deminution
323 1418 400 1474 uiuit
412 1420 488 1474 euim
502 1420 532 1472 tu
547 1419 627 1476 corde
639 1436 697 1491 suo,
710 1437 766 1477 uon
780 1422 906 1476 munior
920 1436 937 1475 u
990 1418 1104 1471 etatem
1121 1414 1276 1470 subitanea
1292 1417 1386 1470 morte
1401 1412 1568 1486 rapiuntur,
1583 1418 1612 1471 et
1635 1418 1708 1472 tuno
1722 1416 1821 1473 omnis

114 1507 295 1580 pmeratione
316 1508 346 1562 in
360 1509 566 1576 reiterationem
578 1511 638 1565 sine
651 1510 734 1566 mab.
752 1510 836 1582 Cujus
850 1511 937 1566 mate·
990 1518 1092 1561 eorum
1103 1502 1275 1576 disputatio,
1287 1492 1378 1575 quani
1390 1501 1590 1559 invincibilem
1602 1503 1770 1573 credebaut,
1781 1506 1819 1562 ad

116 1594 235 1653 dietum
249 1610 277 1650 os
289 1596 402 1666 pureum
415 1604 455 1652 est
468 1601 493 1653 et
502 1599 691 1654 amaritudine
704 1607 731 1655 et
739 1599 810 1669 doto,
820 1599 870 1654 aab
880 1601 938 1654 tin·
992 1591 1119 1649 nibilum
1129 1591 1209 1648 velut
1218 1591 1376 1647 infantium
1386 1596 1436 1647 eut
1445 1591 1650 1664 insipientium
1661 1593 1821 1668 garrulitas

116 1699 172 1756 pua
199 1684 260 1756 ejus
288 1683 365 1741 tator
392 1693 418 1740 et
445 1684 533 1741 dolor.
561 1687 632 1742 ltem
660 1687 689 1742 in
715 1703 840 1758 persone
860 1687 940 1760 Doeg
991 1682 1109 1740 redaota
1134 1680 1165 1736 in
1191 1681 1411 1737 damnationem
1437 1696 1538 1737 eorum
1564 1682 1697 1750 vambai,
1718 1681 1823 1756 sieque

117 1773 204 1846 (Psoi.
220 1791 249 1839 x,
264 1773 292 1839 5,
306 1774 346 1841 7).
363 1772 484 1850 ldumaei
503 1775 706 1847 persequentis
730 1792 762 1832 se
782 1775 940 1832 Psalmista
993 1770 1158 1844 completur
1171 1769 1201 1826 in
1214 1769 1258 1826 eis
1270 1769 1349 1841 quod
1361 1768 1520 1826 Psalmista
1529 1769 1598 1826 alibi
1610 1770 1766 1828 dotalibus
1777 1776 1821 1828 ts·

116 1862 254 1919 eumdem
265 1859 478 1918 Antiohristum
489 1863 574 1934 qnasi
585 1869 756 1935 presentem
767 1864 939 1938 alloquitur,
994 1863 1100 1928 statur,
1114 1858 1239 1914 dicens:
1268 1857 1396 1913 Gladium
1417 1860 1635 1928 euapiaauernnt
1656 1862 1820 1932 penderes,

117 1950 220 2007 disens
232 1950 262 2005 in
280 1950 523 2022 quinquagesimo
539 1951 634 2025 primo
650 1953 782 2025 psalmo:
800 1954 871 2023 Quid
884 1954 940 2023 pio-
994 1947 1173 2005 intenderunt
1185 1963 1282 2003 aream
1296 1963 1389 2014 suurn,
1403 1956 1434 2004 nt
1455 1947 1597 2020 decipiant
1616 1964 1770 2021 pauperem
1794 1956 1823 2006 et

116 2039 203 2097 rionis
217 2039 249 2094 in
258 2039 377 2110 malitia,
389 2041 438 2110 qni
449 2048 543 2112 potens
552 2057 579 2096 es
594 2043 625 2097 in
637 2043 806 2114 iniquitate?
823 2045 885 2100 lota
896 2043 941 2113 dte
995 2040 1114 2111 inopem,
1130 2041 1160 2092 ut
1175 2037 1312 2092 trucident
1331 2045 1417 2093 reatos
1430 2036 1519 2094 eorde.
1536 2037 1652 2094 Gladius
1665 2052 1762 2096 eorem
1775 2040 1821 2094 ia·

116 2128 287 2201 injustitiam
309 2129 439 2200 capitanii
460 2128 556 2201 linqua
574 2135 622 2186 tua
637 2132 721 2204 (Psoi.
739 2149 775 2199 ιι,
791 2133 818 2200 3,
834 2132 872 2203 4).
889 2132 940 2188 Hie
995 2134 1047 2184 tret
1069 2127 1101 2183 ia
1128 2127 1214 2182 eorda
1239 2128 1375 2198 ieronem,
1400 2142 1482 2182 aran
1509 2141 1603 2183 eorum
1629 2128 1824 2199 mntrtnqatur

116 2214 208 2290 igitur
216 2216 246 2272 in
259 2220 400 2288 quantam
413 2217 554 2274 malitiam
566 2224 596 2275 et
606 2220 774 2292 superbiam
787 2219 940 2294 prolapsu·
996 2216 1082 2288 terat.
1099 2230 1193 2284 xxxvi,
1209 2216 1253 2286 14,
1271 2215 1325 2286 15).

117 2322 169 2363 rus
184 2305 305 2373 stiuam
316 2320 351 2362 ex
365 2307 553 2379 supradietis
565 2309 729 2366 Psalmistae
746 2308 840 2366 verbis
852 2326 941 2383 quam
1032 2309 1098 2360 lieo
1113 2304 1204 2377 igitur
1218 2304 1358 2376 quoniam
1374 2303 1453 2360 diota
1472 2308 1542 2360 sunt
1564 2304 1601 2360 de
1622 2304 1681 2374 bis,
1696 2320 1821 2377 quorum

118 2410 153 2453 ex
160 2393 244 2452 Pauli
255 2394 380 2467 apostoli
391 2395 509 2467 seriptis
520 2397 640 2469 agnosci
650 2398 736 2466 valet,
747 2399 775 2453 in
788 2399 896 2471 quibus
906 2399 942 2454 ds
997 2392 1099 2467 lingua
1108 2395 1153 2449 est
1163 2391 1249 2465 quasi
1260 2391 1379 2465 gladius
1391 2396 1505 2459 uentus,
1514 2392 1624 2465 quique
1633 2393 1706 2450 alios
1714 2392 1826 2451 dolosis

118 2484 184 2557 ipso
199 2482 241 2538 ita
255 2481 363 2555 tegitur
378 2499 385 2539 :
411 2485 464 2552 Qui
478 2485 640 2542 adserantur
653 2496 679 2543 et
693 2488 838 2543 extollitur
859 2504 943 2560 supra
998 2481 1152 2537 verborum
1162 2479 1271 2552 jaculis
1284 2481 1463 2537 confundere
1476 2481 1581 2547 solent,
1592 2481 1825 2539 moxPsalmista

119 2585 199 2628 omne
213 2569 286 2641 quod
298 2569 401 2626 dicitnr
416 2571 484 2627 liene
506 2581 555 2628 aut
576 2573 648 2644 quod
670 2575 780 2641 colitur,
797 2577 837 2631 ita
860 2583 890 2631 ut
914 2577 944 2630 in
999 2569 1163 2643 subjungit,
1179 2569 1280 2625 diosus
1299 2586 1305 2624 :
1330 2570 1427 2626 tlelius
1445 2572 1486 2626 est
1499 2570 1637 2628 modicum
1657 2572 1729 2643 iusto
1742 2586 1826 2644 reaper

120 2659 221 2731 tempto
244 2658 293 2714 uei
316 2658 414 2724 sedem,
436 2661 575 2718 ostendens
602 2678 631 2718 se
659 2665 790 2735 tanquam
813 2666 850 2720 eit
875 2666 945 2720 Deus
999 2658 1111 2716 divitias
1125 2663 1300 2730 peecatorum
1313 2659 1597 2732 muttas(ltid.‚16):
1614 2658 1824 2733 perhoevids·

123 2746 157 2820 (ll
173 2746 259 2803 Ttees.
276 2764 308 2815 11,
324 2747 361 2819 4).
378 2747 443 2804 llaeo
457 2765 526 2822 ergo
540 2749 601 2806 sint
616 2750 695 2808 diota
715 2753 751 2807 de
775 2745 945 2825 iniquorum
999 2744 1825 2821 lieetinsinuanspartamspiritualissaptentiaenotitiam

123 2836 256 2893 omnium
269 2836 373 2908 eapite,
385 2854 454 2906 non,
466 2842 500 2894 ut
514 2839 610 2910 ipsum
623 2840 847 2898 credamusullo
859 2842 945 2898 modo
1001 2835 1152 2893 meliorem
1181 2851 1247 2893 esse
1271 2853 1359 2909 quam
1383 2836 1824 2911 multiplicemseeularispru·

123 2925 328 2982 deterrendum
344 2930 395 2982 aut
417 2927 448 2983 in
469 2926 577 2985 melius
592 2930 831 2996 convertendum,
848 2932 898 2987 sed
914 2935 947 2986 ut
1001 2925 1104 2982 dentiae
1115 2925 1827 3005 versutiamqueprodivitiismeximisdiligitur

22 3034 28 3047 *
123 3012 167 3070 illi
190 3013 241 3087 qni
265 3013 361 3070 adbuo
384 3014 415 3070 in
442 3015 555 3073 malitia
578 3034 632 3073 sue
651 3020 947 3091 perseverantesque
1001 3013 1828 3089 epluribusldeoeutsmhujusmodibominesappellat

123 3103 255 3160 membra
266 3107 336 3159 sunt
346 3104 546 3161 deterreantur
556 3109 594 3173 et,
604 3123 670 3164 oum
682 3112 800 3180 tempus
810 3108 849 3165 sit
858 3108 946 3165 mise·
1001 3108 1178 3177 peooatores,
1195 3103 1276 3177 quia¹
1289 3103 1415 3160 maxime
1436 3108 1556 3176 peooent
1572 3104 1622 3177 qui
1637 3104 1826 3177 prudentiam

122 3191 217 3263 rendi,
232 3192 269 3248 ad
285 3191 433 3248 Christum
449 3198 664 3252 convertantur.
961 3174 982 3242 G
1001 3192 1108 3260 earnis,
1124 3209 1189 3265 qua
1204 3193 1368 3249 seeundum
1383 3192 1556 3265 Apostolum
1577 3209 1656 3250 mors
1680 3198 1735 3264 est,
1759 3193 1829 3266 plus

155 3280 221 3338 lem
233 3279 361 3337 diximus
372 3282 409 3339 de
422 3282 592 3356 iniquorum
605 3287 739 3342 omnium
752 3286 856 3360 eapite,
867 3279 956 3343 diea·'
1002 3298 1091 3356 quem
1107 3297 1226 3339 neeesse
1248 3282 1286 3338 sit
1310 3287 1421 3338 amant.
1438 3286 1531 3339 Tanta
1545 3298 1674 3354 namque
1686 3282 1830 3355 superbia

122 3386 190 3427 mus
204 3386 283 3425 nuno
307 3370 343 3427 de
368 3372 433 3443 ejus
454 3373 606 3443 membris,
622 3375 768 3446 quomodo
785 3376 947 3432 Psalmistn
1001 3371 1043 3429 eis
1054 3364 1158 3428 exinde
1168 3370 1272 3439 oritur,
1283 3376 1317 3427 ut
1331 3375 1438 3428 ounota
1453 3371 1526 3444 legis
1536 3371 1641 3427 divine
1655 3375 1767 3428 statuta
1777 3375 1830 3428 aut

120 3462 286 3515 terreantur
301 3459 396 3517 verbis
413 3476 419 3515 :
445 3461 505 3519 lion
527 3468 675 3535 resurpnnt
690 3466 773 3536 impii
787 3467 818 3520 in
832 3466 947 3534 iudicio.
1003 3459 1217 3534 blasphemare,
1227 3464 1278 3517 aut
1287 3476 1339 3533 pro
1352 3459 1444 3517 nihilo
1455 3466 1626 3533 eomputars
1637 3465 1830 3533 presumant,

29 3594 38 3603 .
121 3562 209 3620 aeque
233 3556 385 3619 peccatores
410 3551 441 3605 in
465 3551 581 3607 oonsilio
605 3553 738 3619 iustorum
762 3552 851 3624 (Psoi.
874 3571 893 3622 1,
909 3554 947 3624 5).
1004 3549 1087 3621 quasi
1112 3566 1170 3606 non
1195 3549 1255 3605 sint
1278 3553 1366 3607 tanta
1390 3549 1551 3623 sapientia,
1567 3554 1714 3622 tantaque
1733 3549 1830 3623 perle-

124 3636 196 3693 tutti
209 3637 365 3704 murinum,
378 3653 518 3711 meaeque
527 3639 606 3708 proni
614 3640 701 3709 eorde,
713 3645 742 3696 ut
754 3641 820 3713 quid
831 3641 950 3713 diliqitis
1006 3637 1112 3695 ottonis
1127 3642 1159 3693 ut
1173 3636 1278 3695 merito
1289 3639 1416 3695 debeant
1429 3637 1587 3695 observari.
1600 3642 1652 3694 Pro
1667 3654 1726 3710 qua
1740 3638 1831 3694 nimi·

123 3726 274 3780 amintam
286 3728 312 3780 et
324 3727 450 3796 queritis
463 3727 661 3785 emendacium?
674 3729 759 3800 (Psat.
774 3746 812 3800 iv,
828 3730 866 3802 3).
882 3730 951 3785 Dente
1006 3743 1071 3784 rum
1087 3726 1225 3800 snperbia
1240 3726 1317 3783 idem
1334 3744 1410 3799 sape
1422 3728 1541 3801 quidem
1555 3735 1724 3799 narratores:
1736 3725 1830 3783 inter·

120 3811 211 3887 judea
231 3813 335 3886 justus,
351 3815 430 3885 sortis
444 3820 471 3870 et
485 3817 606 3887 patiens,
621 3819 678 3873 nisi
690 3819 816 3874 conuersi
830 3820 950 3889 suentes,
1005 3817 1076 3872 dum
1096 3816 1163 3872 'vero
1185 3816 1243 3872 uiri
1264 3818 1434 3888 sanquinem
1456 3825 1482 3873 et
1502 3816 1591 3872 dolosi
1615 3815 1799 3889 appellantur
1813 3832 1833 3872 a

124 3901 253 3973 alodium
266 3917 349 3957 suum
363 3902 491 3972 uibrauit,
507 3920 606 3960 areum
618 3922 700 3962 suum
714 3906 837 3979 tetendit,
853 3911 879 3964 et
895 3924 951 3980 pa·
1006 3903 1170 3962 psalmista.
1187 3905 1343 3977 Apostolus
1364 3922 1482 3978 qnoque
1507 3904 1617 3962 similia
1639 3905 1676 3961 de
1696 3905 1831 3977 ejusdem

125 3992 199 4045 rauit
223 3989 304 4044 illum
328 3990 415 4057 (Psoi.
430 4008 482 4059 vn,
498 3992 540 4059 12,
559 3993 613 4065 13).
631 3995 723 4050 Virum
744 3998 914 4065 sanquinem
926 4004 952 4053 et
1006 3994 1201 4068 prudentibus
1216 3995 1313 4063 relert‚
1330 3995 1454 4052 dicens:
1481 3997 1556 4065 Quia
1568 4010 1631 4050 aum
1644 3996 1835 4066 eopmuirsent

126 4077 250 4135 totunm
265 4077 474 4134 abominabitur
489 4082 625 4138 Dominae
645 4082 730 4153 (Psoi.
746 4101 774 4154 v,
788 4084 827 4155 7).
843 4086 951 4156 bispei-
1006 4083 1100 4149 Deum,
1117 4099 1173 4139 riou
1196 4084 1267 4139 sieut
1290 4084 1376 4140 Deam
1399 4084 1632 4154 ptorifieaueram
1649 4088 1699 4140 aut
1721 4085 1836 4156 nautius

127 4164 175 4222 dat
185 4165 318 4222 Dominus
328 4168 457 4223 uniuersa
471 4167 547 4225 latia
562 4170 665 4241 doloro,
676 4173 802 4241 linquam
817 4174 953 4244 mannito·
1007 4180 1121 4245 eperunt
1135 4173 1221 4244 (llam
1239 4190 1258 4241 1,
1270 4173 1325 4243 il).
1343 4177 1397 4229 eto.
1414 4175 1444 4228 ln
1459 4174 1578 4230 circuita
1592 4174 1674 4245 impii
1683 4174 1837 4234 nmmum

128 4270 212 4327 qaam
227 4254 316 4326 (Prot.
333 4272 372 4322 ιιι,
390 4257 427 4325 4).
446 4257 503 4314 Viri
515 4261 684 4329 sanquinem
697 4265 724 4317 et
738 4262 825 4319 dolosi
837 4278 893 4318 non
908 4262 953 4318 di·
1008 4261 1094 4333 (Paul.
1110 4278 1149 4331 xi,
1164 4260 1202 4332 u).

127 4342 285 4400 midiabunt
306 4344 367 4401 dies
390 4362 453 4403 suos
476 4348 561 4419 (Psoi.
579 4367 635 4419 mv,
649 4350 705 4421 24).
722 4352 789 4407 Filii
811 4351 954 4409 bominum
1044 4351 1107 4414 Qua
1121 4349 1266 4406 sententia
1281 4354 1447 4423 arguuntur
1461 4367 1519 4405 non
1538 4348 1634 4407 solum
1656 4349 1686 4405 hi
1709 4349 1760 4421 qui
1783 4366 1839 4423 per

130 4431 223 4490 dentes
231 4449 328 4489 eorum
338 4451 417 4491 arma
429 4440 455 4492 et
468 4439 579 4506 sepita,
592 4443 619 4494 et
633 4438 729 4510 linqua
739 4456 833 4496 eorum
846 4441 955 4512 eladius
1009 4437 1074 4495 looa
1085 4438 1170 4511 plura
1178 4442 1316 4511 vagantes
1326 4438 1356 4494 in
1369 4438 1575 4511 temporalium
1586 4452 1683 4495 rerum
1694 4439 1838 4497 redemta

129 4526 227 4579 aranu
241 4523 329 4595 (Ptol.
346 4541 400 4593 avt,
416 4526 455 4598 5).
473 4526 585 4598 Sapittae
603 4529 784 4600 paruulorum
796 4532 879 4601 smtae
891 4532 956 4585 eunt
971 4546 995 4613 D
1011 4526 1140 4599 undique
1156 4531 1301 4600 quarunt,
1317 4527 1464 4600 quomodo
1476 4526 1619 4600 voluptati
1640 4543 1699 4583 suu
1714 4525 1838 4584 satisfa-

130 4611 331 4684 plaueeeorum
353 4617 379 4670 et
402 4615 555 4685 infirmatae
576 4621 640 4673 sunt
662 4622 758 4674 eontra
781 4634 824 4674 eos
848 4619 957 4688 tenpus
1011 4616 1107 4684 ciant;
1126 4616 1177 4673 sed
1193 4617 1282 4673 stiam
1297 4616 1390 4689 hiqni
1406 4617 1435 4672 in
1451 4633 1510 4672 uno
1523 4615 1836 4686 looootiosiexistunt,

133 4716 228 4758 eoram
239 4703 325 4774 (Petri.
339 4721 417 4770 axin,
427 4705 464 4777 8).
476 4704 588 4770 Quibus
600 4706 755 4763 sententiis
765 4704 831 4764 lieet
841 4723 957 4781 genera-
1012 4703 1143 4777 nihilque
1154 4704 1233 4761 alind
1249 4705 1305 4762 nisi
1321 4705 1443 4762 oirenire
1457 4709 1487 4761 et
1499 4704 1592 4762 vienne
1605 4703 1732 4762 aliorum
1746 4714 1839 4774 opem

132 4788 200 4873 liter
214 4806 317 4848 omnes
331 4792 434 4863 iniqua
446 4794 598 4867 loquentes
609 4795 814 4869 corripiantur,
825 4795 957 4869 speciali·
1012 4794 1142 4851 student.
1159 4793 1319 4850 inundatur
1342 4810 1441 4849 manus
1464 4802 1527 4860 tua,
1551 4792 1685 4864 Domine,
1708 4795 1838 4853 omittas

134 4881 180 4935 ter
192 4882 291 4936 tamen
306 4880 331 4936 si
354 4881 404 4952 qui
418 4882 493 4939 dolis
507 4888 630 4940 versute
646 4885 768 4943 rationis
783 4889 906 4942 utuntur
921 4887 957 4942 ad
1012 4884 1136 4939 inimicis
1151 4886 1215 4940 tuis.
1231 4885 1350 4940 Dextera
1364 4889 1416 4940 tau
1430 4885 1553 4940 inueniat
1567 4885 1722 4956 omnesqui
1735 4888 1761 4941 te
1773 4883 1839 4941 ode·

135 4965 324 5040 deripiendos
334 4969 482 5042 simpliees
493 4988 619 5045 quoque,
631 4977 663 5028 ut
672 4973 827 5042 dialectici,
836 4991 889 5031 nee
900 4991 958 5031 non
1013 4974 1078 5027 runt
1087 4973 1174 5044 (Prot.
1188 4990 1234 5043 xx,
1245 4973 1283 5044 9).
1297 4972 1507 5044 Cuttundoutur
1516 4988 1608 5029 omnes
1618 4974 1839 5045 iniquaaqintee

136 5057 299 5130 prudentia
309 5056 458 5116 secularis
471 5061 565 5133 gnari.
578 5061 700 5133 Utrique
711 5063 790 5118 enim
801 5062 831 5118 in
843 5067 959 5119 tanturn
1012 5077 1175 5133 supervacue
1188 5063 1273 5133 (Psoi.
1289 5078 1366 5132 xx1v,
1380 5063 1419 5133 3).
1435 5064 1492 5133 Qui
1503 5062 1654 5134 loquuntur
1666 5074 1763 5135 mmm
1773 5079 1839 5119 eum

135 5162 212 5222 sepe
240 5147 383 5205 inflantur
411 5164 523 5221 magne
555 5150 739 5206 verbositatis
772 5152 894 5207 seientia
926 5156 960 5207 ut
1011 5151 1581 5223 prneimoemmalaautemmcordiias
1591 5151 1838 5221 maturitate,

135 5236 240 5292 divine
250 5238 373 5295 rationis
383 5238 539 5295 subtilitati
551 5240 709 5296 eredentes
720 5256 806 5312 posse
816 5241 960 5297 contradi·
1014 5239 1145 5310 Domine,
1161 5239 1309 5296 smrtndum
1325 5256 1408 5311 opera
1424 5242 1556 5311 ipsorum.
1571 5244 1597 5296 et
1617 5239 1768 5296 seurndum
1788 5255 1837 5296 ne·

135 5325 551 5385 aereUndeetiemPsalmista
560 5333 715 5401 postquam
723 5329 961 5402 diriuuteperdut
1013 5330 1130 5403 quitiam
1144 5329 1376 5386 adinventionum
1387 5331 1512 5399 ipsorum
1521 5330 1604 5401 (Psoi.
1617 5346 1704 5396 xxvn,
1715 5329 1755 5400 3.)
1767 5330 1839 5384 lirn-

133 5414 268 5470 llominur
279 5417 411 5471 uniuersa
421 5416 496 5472 teriia
507 5417 609 5487 dolosa,
621 5418 747 5489 linquam
755 5419 960 5490 mapniloquam
1014 5417 1122 5473 merant
1137 5419 1149 5473 i
1152 5420 1229 5489 mpii,
1243 5427 1269 5474 et
1283 5417 1454 5475 deducantur
1468 5419 1498 5472 in
1514 5419 1664 5488 infantem,
1675 5420 1754 5474 muta
1768 5418 1841 5488 fient

80 5488 85 5505 ⁸
134 5505 224 5574 (Prot.
235 5505 323 5577 ιι,4),
335 5504 434 5562 statim
446 5506 609 5579 subjunxit,
621 5508 802 5577 dicens:Qni
812 5508 960 5565 eliserunt:
1014 5507 1089 5564 latia
1111 5508 1213 5576 dolosa,
1230 5523 1292 5581 quae
1306 5509 1454 5581 loquantur
1468 5506 1597 5565 aduersus
1612 5509 1716 5574 iustum
1729 5508 1839 5580 iniqui·

133 5593 404 5665 linquamnostram
412 5597 967 5673 mapnifieutimus,latianostraanoleis
1014 5600 1099 5655 talen
1122 5598 1154 5653 in
1175 5600 1307 5670 superma
1328 5601 1355 5654 et
1377 5599 1410 5654 in
1432 5596 1564 5654 alumenu
1586 5598 1674 5669 (Psat.
1698 5610 1764 5669 m,
1781 5597 1837 5671 18).
