3892 6096
113 252 190 315 itit
695 244 899 316 llPlS'lfflaAE
919 252 970 315 itt
991 254 1230 320 platonem.
1734 273 1814 334 teta

114 401 192 452 mus,
205 388 269 440 tum
281 383 350 456 quia
360 382 488 441 Ecclesia
497 387 548 440 tua
557 383 722 457 antiquitus
733 384 809 441 inter
818 388 938 442 ceteras
952 387 978 455 Α
994 387 1374 461 mensiumdiligentissimo
1384 394 1721 473 archipresuli,atqneln
1732 403 1813 460 Chri·

114 473 320 542 occidentales,
338 474 397 529 Deo
411 474 551 546 propitio,
567 473 661 529 nitore
675 473 836 544 prudentie
852 478 941 546 atque
994 479 1039 531 sto
1053 475 1244 535 dilectissimo
1258 479 1353 550 fratri,
1369 483 1494 541 salutem
1511 488 1540 541 et
1562 488 1750 560 apostolicam
1767 493 1815 551 be-

117 560 266 634 religionis
283 560 474 634 resplenduit,
490 577 524 618 ac
538 578 590 634 per
603 561 804 632 apostolicam,
820 562 866 618 cui
882 563 940 620 Deo
994 563 1201 621 nedictionem.

116 656 234 707 auctore
250 650 317 707 licet
332 650 446 724 indigni
461 651 654 717 deservimus,
667 650 778 717 sedem,
805 651 939 724 magnifl·
1029 651 1107 708 Visis
1118 653 1814 739 fraternitatistualitteris,coepisooporumquo·

116 746 181 795 cata
194 738 327 806 emicuit,
338 755 405 796 cum
422 739 535 810 eadem,
559 757 577 796 a
591 738 739 811 prioribus
760 738 897 795 Patribus
911 743 940 795 et
994 744 1248 813 quatuorum,nec
1259 761 1315 800 non
1327 751 1355 802 et
1364 747 1535 806 clericorum
1547 751 1694 811 flebilibus
1704 757 1813 814 auditis

117 829 380 901 predecessoribus
392 845 449 884 non
460 828 640 900 discrepans,
651 828 681 883 in
692 826 760 882 sinu
770 844 823 883 suo
834 832 862 883 te
872 828 940 883 reti·
994 827 1132 902 querelis,
1148 831 1325 889 sensibiliter
1349 835 1545 894 intelleximus
1569 856 1657 911 quam
1678 844 1815 903 maximis

117 932 186 973 nere
198 921 228 973 et
243 917 394 974 eharitatis
410 916 564 973 dulcedine
578 916 676 973 fovere
700 914 855 972 desideret.
870 916 939 980 Ques
995 916 1128 975 cladibus
1143 922 1327 988 eterumnis,
1340 929 1444 994 preter
1454 926 1743 996 solitum,Remensis
1754 933 1816 1007 glo·

117 1006 252 1077 querele,
264 1005 318 1062 etsi
334 1005 411 1061 inter
425 1005 534 1061 damna
559 1003 693 1061 Ecclesiae
718 1020 783 1075 que
800 1004 940 1071 referunt,
996 1004 1159 1062 riosissima
1173 1009 1356 1081 opprimatur
1370 1011 1508 1083 Ecclesia,
1523 1023 1693 1091 quantoque
1706 1025 1758 1076 tua
1769 1038 1816 1078 re-

117 1092 195 1149 inter
209 1092 324 1149 dolores
339 1097 368 1149 et
381 1093 508 1165 gemitus
523 1093 620 1149 cordis
635 1093 679 1148 tui
695 1109 769 1165 quos
783 1093 941 1166 depingere
994 1092 1100 1166 ligiosa
1114 1094 1232 1153 dileetio
1246 1096 1394 1156 immerito
1413 1107 1546 1159 versetur
1568 1105 1600 1176 [f.
1624 1111 1753 1178 vexetur]
1768 1109 1815 1165 in·

117 1182 310 1249 contendunt,
328 1180 433 1238 saltem
447 1180 510 1255 [cl.,
534 1180 672 1252 salutem]
696 1181 823 1254 pectoris
846 1181 891 1236 tui
912 1184 941 1237 et
996 1183 1160 1239 commodo.
1184 1184 1366 1259 Quapropter
1391 1205 1458 1245 vera
1486 1191 1582 1248 affecti
1597 1197 1814 1270 compassione,

119 1268 387 1341 fidelitatemquam
398 1274 503 1327 nostre
513 1270 942 1335 lfomanaadhibes,etunioam
995 1276 1060 1327 tum
1077 1286 1110 1327 ex
1126 1271 1237 1329 locicni
1248 1274 1387 1331 immeriti
1401 1278 1603 1356 praesidemus,
1615 1282 1741 1340 sollicite
1751 1300 1818 1342 con·

118 1363 148 1415 et
162 1357 307 1415 sinceram
323 1355 508 1414 dilectionem
520 1373 608 1430 quam
619 1363 676 1414 tue
692 1357 830 1415 ilamensi
844 1373 943 1414 servas
997 1358 1183 1429 sideralium,
1194 1366 1256 1417 tum
1268 1362 1356 1419 etiam
1372 1380 1406 1420 ex
1420 1369 1477 1421 tue
1486 1368 1648 1439 prudentie
1657 1374 1818 1429 necessitu-

119 1445 268 1515 Ecclesiae,
280 1445 352 1502 satis
363 1445 475 1503 urbane
483 1450 511 1502 et
520 1445 642 1504 honeste
652 1446 943 1514 monstraverint,nos
997 1447 1075 1514 dine,
1087 1463 1176 1520 quam
1187 1450 1235 1522 pio
1247 1451 1511 1525 diligimnssinceri
1522 1457 1818 1535 cordisamore‚gravi

120 1541 220 1592 tamen
238 1539 385 1607 utcunque
400 1540 529 1608 arguunt
557 1535 627 1608 quia
646 1536 792 1592 vindicem
811 1534 943 1608 gladium
997 1537 1106 1608 gemitu
1122 1538 1297 1595 detrimento
1313 1545 1369 1597 tue
1384 1543 1575 1602 condolemus
1603 1547 1746 1621 Ecclesia,
1764 1566 1817 1608 nec

119 1640 210 1679 manu
226 1622 391 1695 apostolice
407 1623 526 1680 ultionis
541 1623 571 1680 in
596 1624 778 1681 adversarios
802 1629 869 1680 tuos
879 1623 942 1694 jam
997 1640 1056 1679 non
1072 1625 1189 1682 fastidio
1202 1631 1264 1695 tuo,
1280 1628 1462 1698 charissime,
1479 1633 1579 1704 procul
1595 1635 1685 1692 dubio
1699 1654 1818 1711 compa·

119 1711 197 1783 [som
210 1727 268 1767 non
277 1712 347 1780 J'aml
361 1711 712 1782 porreximus;siquidem
724 1711 838 1782 antiqui
851 1709 944 1766 hostis
997 1712 1088 1766 timor
1102 1712 1256 1786 precipue.
1273 1717 1380 1772 auxilii
1395 1733 1512 1790 quoque
1526 1722 1685 1792 dexteram,
1697 1741 1784 1796 quam
1802 1745 1819 1784 a

120 1798 240 1866 invidia,
252 1799 465 1855 antichristum
481 1814 533 1870 per
546 1798 710 1870 iniquitatis
724 1798 941 1871 conceptionem
998 1804 1096 1855 nostro
1107 1805 1257 1872 tantopere
1267 1803 1726 1882 postularestuduistiapostolica
1738 1816 1817 1888 sede,

123 1903 245 1944 suorum
260 1886 406 1943 viscerum
421 1902 540 1959 egerens
555 1887 592 1942 de
606 1885 732 1952 sentina,
747 1887 839 1942 tantis
851 1902 885 1942 eo
899 1886 944 1942 in·
997 1888 1110 1960 integro
1125 1888 1230 1945 aflectu
1247 1893 1373 1964 prompti
1389 1910 1504 1964 somus,
1520 1913 1572 1969 pro
1583 1899 1694 1956 viribus
1710 1903 1819 1962 nostris

121 1975 423 2050 gruenteliomanam
439 1974 595 2032 Ecclesiam
625 1992 677 2048 per
694 1975 943 2048 quinquennium,
998 1993 1109 2049 proque
1123 1979 1264 2052 temporis
1279 1979 1431 2051 qualitate,
1447 1987 1612 2042 necessitati
1626 1991 1683 2044 tue
1693 1989 1819 2064 benigne

120 2082 200 2123 nunc
228 2064 334 2122 callida
358 2064 608 2137 tergiversatione,
636 2080 715 2120 nunc
739 2063 838 2120 hostili
866 2063 944 2120 inva·
997 2064 1166 2137 impendere
1182 2071 1270 2138 atque
1284 2067 1451 2140 apostolice
1476 2075 1659 2132 auctoritatis
1682 2077 1817 2151 clypeum

120 2154 204 2212 sione
218 2154 366 2226 oppressit
379 2151 527 2225 periculis,
544 2157 577 2209 ut
596 2152 736 2209 intestina
757 2156 863 2209 nostra
878 2169 944 2224 spe·
999 2154 1137 2210 omnibus
1148 2154 1441 2213 Remensislloclasia
1452 2159 1626 2219 adversariis
1638 2163 1762 2222 libenter
1771 2183 1820 2239 op-

121 2242 208 2300 cialis
231 2242 365 2300 Ecclesia
395 2241 513 2315 negotia
537 2241 584 2297 vix
612 2257 767 2314 possemus
793 2239 944 2307 ventilare,
999 2258 1116 2314 ponere.
1129 2242 1185 2298 Sed
1201 2244 1357 2314 prenuntii
1372 2246 1415 2300 tui
1431 2247 1626 2317 festinatione,
1656 2252 1707 2324 qui
1726 2269 1819 2311 seas·

121 2331 233 2388 nedum
261 2329 423 2402 longinqua
453 2330 489 2386 ad
514 2327 634 2404 plenum
663 2329 813 2387 extricare.
840 2329 945 2385 Verum
999 2329 1453 2404 screbatcollegasnullomodo
1468 2352 1554 2408 posse
1573 2334 1819 2412 relinqueresne

122 2424 191 2493 post
213 2418 331 2492 longam
362 2421 566 2490 tempestatem
597 2422 626 2474 et
653 2419 769 2474 crebras
793 2416 945 2491 procellas,
1000 2434 1094 2474 cause
1110 2416 1234 2485 babilas,
1250 2424 1350 2491 utpote
1373 2420 1403 2477 in
1421 2430 1819 2501 momentotemporum,mi-

120 2525 239 2576 sereno,
254 2507 332 2564 nube
357 2505 489 2579 expulsa,
514 2506 572 2563 Deo
592 2507 724 2578 jubente,
753 2505 876 2576 reddito,
901 2506 947 2561 fo·
1001 2507 1080 2562 nime
1094 2510 1174 2574 tunc,
1191 2507 1363 2564 absentibus
1376 2510 1464 2566 otiam
1481 2513 1589 2570 nostris
1605 2515 1744 2574 fratribus
1758 2535 1821 2576 car·

122 2597 263 2655 rensibus
284 2599 347 2668 jam
363 2611 512 2652 occurrere
534 2594 677 2665 valemus,
700 2595 779 2667 qnia,
804 2595 862 2651 Deo
877 2610 947 2667 pro·
1001 2593 1161 2662 dinslibus,
1178 2597 1305 2666 reperire
1319 2597 1467 2657 valuimus
1481 2602 1820 2678 consilinmlpsiautem

122 2685 210 2761 pitio,
240 2685 318 2741 unde
345 2683 388 2741 ire
415 2684 575 2741 debeamus
600 2687 675 2740 viam
704 2684 849 2741 videmus.
878 2684 946 2755 (lvo,
1002 2682 1822 2769 postpanlulum,tuelegationiscommunicatasuppli-

122 2792 155 2850 p.
173 2775 217 2844 li,
234 2790 258 2831 c.
274 2774 331 2846 41.)
346 2773 409 2829 Non
423 2777 521 2829 minen
533 2773 624 2846 juste,
642 2777 674 2828 ut
686 2777 783 2829 vestre
796 2771 949 2846 diligentia
1002 2772 1125 2837 natione,
1141 2777 1169 2827 et
1183 2776 1284 2846 aptum
1299 2775 1456 2832 consilinm
1471 2779 1600 2837 invenire
1613 2787 1642 2838 et
1670 2784 1820 2843 inventum

124 2863 217 2934 novit,
229 2866 325 2936 potest
340 2862 402 2918 fieri
417 2867 451 2918 ut
465 2861 546 2935 prius
561 2861 814 2934 quisaquoquam
830 2860 948 2934 prelato
1003 2876 1062 2916 una
1076 2876 1142 2917 oum
1156 2859 1263 2934 legato,
1280 2878 1366 2934 qnam
1382 2881 1400 2921 a
1422 2865 1511 2924 latere
1537 2875 1636 2927 nostro
1651 2874 1820 2948 poposcisti,

124 2951 399 3010 excommunicetur
420 2967 508 3024 quam
536 2950 628 3007 missa
650 2950 789 3023 synodica
810 2950 949 3007 canonice
1002 2947 1160 3004 auxiliante
1174 2953 1240 3021 Deo,
1256 2951 1447 3022 quamcitius
1463 2957 1634 3027 poterimus,
1651 2963 1822 3022 curabimus

122 3042 163 3098 ad
189 3039 425 3113 respondendum
453 3041 580 3094 vocetur.
608 3043 670 3110 Age
696 3037 793 3106 modo,
818 3037 949 3096 debitum
1004 3035 1137 3107 partibus
1147 3037 1252 3094 vestris
1263 3038 1398 3113 dirigere.
1407 3042 1680 3105 lnterimverohanc
1690 3059 1821 3112 nostram

120 3133 260 3186 tenentes
275 3127 408 3184 ordinem
423 3129 453 3183 et
463 3125 638 3183 adversariis
652 3125 712 3182 tuis
724 3126 886 3182 vocatorias
900 3124 948 3181 lit·
963 3107 985 3175 C
1004 3125 1223 3196 responsionem
1239 3127 1431 3201 suffraganeis
1444 3132 1503 3188 tuis
1513 3135 1669 3208 episcopis,
1681 3141 1731 3211 qui
1742 3143 1824 3198 simi·

120 3223 205 3275 teras
215 3215 387 3289 dirigemus,
403 3219 432 3271 et
446 3214 499 3271 tibi
514 3219 630 3286 tueque
644 3213 777 3271 Ecclesia
799 3214 948 3286 justitiam
1003 3212 1071 3267 titer
1083 3216 1216 3268 nostrum
1225 3212 1397 3286 perlitteras
1411 3217 1639 3290 imploraverunt
1648 3227 1821 3300 suffragium

126 3305 250 3377 exsequi
260 3303 361 3377 procul
374 3303 463 3359 dubio
478 3301 659 3377 pollicemur.
676 3303 949 3375 Quapropterquia,
1004 3317 1063 3355 sue
1075 3301 1159 3356 matri
1169 3300 1303 3359 Ecclesia
1318 3303 1466 3377 ilamensi,
1482 3307 1620 3367 intimare
1631 3328 1668 3368 ne
1678 3314 1821 3389 negligas,

123 3392 269 3462 nteiunt,
293 3408 446 3464 nunqnam
476 3390 686 3464 consequimur
708 3391 871 3462 victoriam,
894 3390 951 3448 nisi
1004 3387 1267 3461 apostolicaesedis,
1279 3390 1337 3447 nisi
1348 3397 1441 3449 morte
1451 3394 1595 3455 fuerimus
1604 3404 1751 3475 preventi,
1763 3421 1824 3462 cer·
1876 3421 1881 3427 ·

123 3483 213 3558 prius
225 3481 368 3556 precedat
378 3496 496 3554 pugne;
513 3484 546 3536 ut
558 3484 628 3548 tue,
642 3479 719 3536 sicut
728 3479 951 3537 amantissimus
1004 3476 1119 3534 tissime
1135 3478 1326 3549 prestolando
1340 3479 1480 3554 legatum.

125 3574 294 3645 sponsuset
303 3568 439 3644 egreglus
449 3573 600 3641 patronus,
613 3567 748 3625 Ecclesiae
759 3566 952 3625 virilitersub
1356 3604 1477 3663 XXXIX·

124 3656 953 3758 venies,etRomaneperbeatumOPetrum3velutbontus
1006 3689 1198 3747 mam-15
1223 3693 1338 3763 ,qn-,3010
1365 3694 1401 3750 aa
1429 3695 1589 3756 ommium
1612 3704 1768 3762 mmmm
1782 3723 1827 3764 ar,

126 3747 224 3817 filius,
239 3753 358 3804 strenue
378 3745 685 3818 adjuvandoobedras,
696 3748 724 3801 et
738 3761 827 3802 vinea
837 3745 954 3802 Domini
1041 3763 1251 3834 cppepixopum,
1270 3794 1302 3805 -
1318 3767 1520 3824 umiferum
1535 3776 1565 3827 ns
1579 3773 1696 3832 dmm
1709 3778 1827 3835 amco.

126 3836 298 3894 indefessus
313 3835 506 3893 collaborator
515 3837 669 3890 oenmnnm
679 3835 807 3890 fructum
823 3839 955 3907 tempore
1043 3849 1105 3888 ram
1120 3834 1294 3891 nemesium
1307 3851 1421 3893 curuum
1434 3843 1572 3898 terminet.

129 3924 292 3984 messionis
315 3923 450 3996 recipies,
475 3923 511 3980 ad
536 3922 693 3997 synodum,
717 3922 774 3980 Deo
795 3927 954 3996 annuente,
1284 3923 1378 3996 (Anno
1403 3927 1545 4003 loti-et.)

128 4013 236 4089 quinto
262 4012 375 4071 decimo
401 4012 448 4068 die
469 4016 536 4084 post
561 4010 727 4084 proximum
753 4011 865 4068 Pascha
887 4027 955 4068 cnm
1231 4011 1608 4093 [Mans1,Cencit.ll1X,9.]

126 4101 295 4176 presentie
304 4105 362 4158 tue
377 4099 532 4156 dilectione
544 4097 759 4171 celebrandam,
770 4099 956 4157 sanctitatem
1045 4101 1216 4156 damnosa
1229 4101 1396 4175 episeopus,
1411 4122 1673 4168 servasservorum
1683 4113 1742 4181 Dei,
1754 4118 1830 4172 Gra·

126 4196 215 4249 tuam
226 4191 325 4248 venire
338 4190 551 4255 desideramus,
565 4205 599 4244 ac
614 4192 714 4244 sancto
739 4189 893 4245 conventui
911 4189 956 4245 in·
1009 4203 1092 4245 vasto
1105 4189 1264 4246 venerabili
1279 4191 1417 4248 confratri
1428 4194 1586 4254 Remorum
1597 4201 1831 4278 archiepiscopo,

127 4279 240 4337 terlore
254 4278 414 4353 apostolica
430 4277 603 4335 auctoritate
617 4275 787 4332 invitamus.
802 4275 957 4333 adhaesi
1011 4276 1136 4333 salutem
1151 4282 1180 4333 et
1194 4279 1386 4351 apostolicam
1401 4281 1644 4345 benedictionem.

128 4368 259 4426 dilectus
274 4367 352 4424 filius
363 4370 462 4424 noster
473 4366 576 4422 Petrus
587 4368 693 4421 sancta
710 4363 847 4420 Romana
863 4364 958 4422 Eccle·
1047 4364 1189 4420 Miramur
1202 4365 1386 4439 diligentiam
1410 4374 1503 4438 tuam,
1524 4373 1714 4434 dilectissime
1732 4379 1832 4450 freter,

128 4457 183 4514 siae
200 4457 409 4526 subdiaconus,
426 4458 455 4511 et
469 4459 569 4510 noster
583 4451 785 4520 cancellarius,
803 4468 890 4524 quem
906 4469 958 4526 pro
974 4473 997 4540 D
1012 4453 1215 4509 auctoritatem
1231 4459 1362 4511 nostram
1378 4455 1420 4513 ita
1434 4460 1645 4531 parvipendere
1660 4470 1693 4521 ut
1720 4481 1754 4522 ea
1768 4482 1849 4539 qne.

128 4546 285 4620 responsis
299 4543 506 4602 ecclesiasticis
522 4547 632 4599 vestras
647 4541 681 4597 ad
698 4545 795 4614 partes
809 4541 958 4611 misimus,
1013 4539 1124 4596 crebris
1139 4541 1320 4598 orationibus
1336 4545 1444 4601 nostris
1458 4546 1544 4621 digne
1560 4551 1726 4609 admoneris
1745 4559 1834 4627 atque

130 4651 186 4710 per
200 4651 251 4691 vos
266 4633 425 4700 transierit,
442 4633 483 4689 ita
497 4648 566 4705 erga
584 4644 651 4687 eum
668 4645 699 4687 se
725 4634 776 4686 tua
790 4629 958 4687 fraternitas
1012 4630 1125 4702 rogaris
1140 4630 1260 4687 minime
1275 4631 1399 4688 videaris
1419 4636 1566 4705 perlicere.
1587 4638 1616 4693 Si
1633 4640 1711 4696 enim
1728 4641 1835 4714 aliquis

131 4722 540 4795 habeatutquemedmodum
552 4736 605 4776 nos
617 4718 868 4792 diligatostendat.
876 4717 958 4786 Quod
1013 4718 1043 4774 in
1055 4718 1098 4774 tui
1111 4717 1213 4775 auxilii
1229 4719 1324 4776 favore
1339 4722 1479 4793 confisus,
1495 4726 1658 4797 apartibus
1673 4730 1832 4787 nostrised
1860 4789 1868 4798 ,

135 4816 238 4870 autem
254 4811 342 4868 citius
356 4810 489 4884 apicibus
503 4807 562 4865 tuis
585 4824 643 4863 non
668 4807 884 4879 respondimus,
901 4823 959 4864 non
1014 4807 1188 4864 inveniendi
1204 4806 1355 4864 fastidium
1371 4809 1511 4881 arriperet
1519 4816 1772 4874 etincontldentia
1781 4835 1836 4879 sua

132 4899 233 4968 nobis,
259 4901 310 4957 sed
339 4901 382 4956 tui
407 4897 495 4972 legati
519 4896 616 4952 nimie
631 4896 754 4968 deputes
768 4894 958 4952 festinationi.
1014 4898 1153 4970 deceptos
1168 4895 1241 4953 nihil
1256 4896 1418 4969 proficeret,
1442 4901 1592 4960 credimus
1614 4906 1690 4978 quod
1707 4906 1835 4964 charites

474 5019 621 5076 ΧΧΧἯΠΙ
1014 4990 1065 5042 tna
1077 5002 1135 5042 non
1150 5001 1255 5058 parum
1272 4985 1392 5042 doleret.
1406 4986 1443 5044 Ut
1458 4990 1580 5048 enimde
1589 4993 1837 5065 patientianostra

131 5112 358 5170 Mamm
381 5112 387 5126 ,
401 5111 458 5167 ma
485 5109 522 5166 ad
549 5108 709 5165 camum
732 5108 889 5164 Romam
913 5124 960 5164 ar·
1014 5073 1693 5146 interimtaceamus,qoaffduciabeatissimum
1705 5085 1836 5153 Petrum,

171 5128 435 5256 chiepmopmssf‘-
459 5181 589 5237 emole,
612 5179 815 5235 „emmim
833 5180 960 5235 pmcn-,3
1015 5161 1232 5235 ooelestisregni
1245 5162 1471 5236 clavigerum,in
1483 5167 1542 5224 tuis
1553 5170 1744 5242 petitionibus
1756 5172 1837 5231 vales

171 5255 321 5326 Remi„
337 5256 416 5328 ,ique
429 5253 570 5309 auxilium
582 5250 738 5322 pollicetur.
1014 5250 1137 5307 invitare
1152 5267 1218 5307 cum
1229 5252 1294 5323 jam
1309 5269 1362 5324 per
1376 5254 1529 5312 biennium
1543 5256 1563 5312 ii
1579 5260 1629 5330 qui
1639 5260 1702 5331 ejus
1714 5262 1838 5334 patroci-

451 5341 546 5414 (nnnc
562 5338 654 5410 1066.)
1015 5339 1097 5395 nium
1113 5339 1207 5413 longis
1222 5340 1377 5398 itineribus
1402 5344 1598 5418 gravibusque
1621 5347 1771 5408 laboribus
1787 5369 1837 5426 ps-

342 5431 461 5505 [Macra
478 5428 579 5487 Cuncti.
596 5425 666 5493 Xlll,
680 5425 757 5497 955.]
1014 5427 1125 5485 tierent
1140 5429 1198 5485 fere
1208 5428 1293 5500 nihil,
1305 5428 1390 5488 nobis
1401 5431 1461 5489 vice
1475 5449 1530 5490 sua
1539 5435 1730 5512 instantibus,
1740 5440 1837 5498 adhue

171 5524 356 5594 Ammona,
372 5536 476 5579 servus
491 5533 641 5578 sercorum
667 5512 961 5588 Dei,vaas1olte·
1014 5518 1451 5599 potueruntimpetrarefssum
1475 5522 1604 5585 enimin
1629 5527 1837 5611 hsepetra,lq
