3892 6096
141 272 199 335 'llS
667 272 700 332 S.
721 270 885 333 JOANNlS
908 272 1134 334 sustentant
1156 272 1325 335 nossnrls
1791 276 1849 339 reo

138 405 237 463 Casari
256 408 397 476 tanquam
413 401 637 474 probabiliorem
653 402 806 477 amplexus
821 408 875 469 est,
890 408 919 459 et
933 404 963 459 in
978 408 1005 474 Α
1019 404 1145 460 breviter
1159 406 1311 461 tractanda
1327 408 1382 462 est.
1396 405 1523 461 llidacus
1547 404 1711 463 Franchius
1735 406 1767 463 in
1791 408 1849 465 rita

136 495 217 552 dieta
233 493 341 550 scheda
354 495 460 563 preter
471 490 529 548 alia
544 491 585 548 sic
595 492 718 549 candide
733 498 836 549 notat:
854 516 868 543 a
881 498 964 549 llunc
1018 494 1117 549 ltalice
1133 494 1211 551 edita
1225 494 1276 550 lib.
1289 500 1315 561 2,
1328 495 1478 551 contendit
1492 512 1509 551 a
1524 496 1552 550 S.
1569 495 1692 552 ilenrico
1722 494 1848 569 impera·

135 598 208 640 sane
219 598 276 637 non
285 580 425 655 exiguum
434 581 561 638 fructum
572 581 707 638 existimo
718 582 857 654 propositi
867 581 962 648 dubii,
1017 586 1079 639 tore
1090 585 1125 639 ad
1142 600 1241 655 preces
1252 583 1441 640 llildebrandi
1452 584 1581 656 episcopi
1593 584 1756 641 Florentini
1771 592 1844 643 tem·

135 669 254 728 etiamsi
265 687 317 743 per
330 670 384 727 hoc
399 672 559 745 contingat,
571 677 702 728 nostram
713 688 830 744 quoque
841 672 876 726 dc
887 672 960 726 San·
1017 671 1161 744 plumbeo
1173 678 1370 729 restauratum
1381 690 1454 729 esse.
1462 674 1569 729 Contra
1576 672 1721 747 Ughellus
1730 675 1845 733 tomlll

41 794 49 811 ι
137 760 176 816 cti
187 760 490 832 patriaoonjecturam
501 777 666 817 ruereznec
677 761 755 817 eninr
766 761 962 816 talesdiutius
1017 760 1104 816 ltalia.
1119 779 1218 830 sacrm,
1235 762 1289 817 col.
1306 764 1351 827 aa,
1369 763 1504 818 adductis
1527 761 1710 820 authenticis
1733 764 1844 821 instra·

137 848 234 906 valore
245 848 392 921 volumus,
403 867 492 923 quam
503 850 580 921 quod
596 850 714 906 aliunde
726 849 905 919 refellantur,
917 848 961 905 vel
1016 851 1132 919 mentis,
1146 853 1187 906 ita
1197 851 1285 906 sentit
1297 869 1303 906 :
1317 874 1330 901 «
1342 851 1533 907 lldebrandus
1544 857 1643 907 autem
1656 852 1736 909 inter
1751 860 1842 912 cetera

137 939 245 996 melius
256 940 406 1012 quidpiam
419 939 626 996 substituatur.
637 964 650 991 a
663 944 724 996 lloe
734 939 892 995 candidum
902 939 961 994 Ma-
1015 938 1131 1010 pietatis
1146 939 1251 1007 ollrcia,
1264 941 1373 1012 quibus
1385 940 1531 1011 inclaruit,
1543 941 1743 999 collabentem
1753 946 1781 998 S.
1793 943 1842 999 lli·

138 1029 221 1101 gistri
237 1029 330 1085 nostri
343 1028 509 1100 exemplum
527 1029 638 1084 imitari
658 1027 803 1099 roloniae,
821 1027 915 1082 sicubi
943 1044 960 1082 a
1016 1027 1101 1083 niatis
1117 1029 1253 1101 nrartyris
1265 1029 1417 1085 basilicam
1434 1031 1619 1099 restauravit,
1636 1048 1670 1087 ae
1687 1032 1840 1106 magnillec

137 1134 204 1175 vero
216 1118 397 1175 aberremus.
408 1118 473 1183 Hac
485 1134 519 1174 ex
528 1118 679 1174 occasione
690 1117 767 1173 dicta
777 1121 881 1187 sunto;
895 1117 958 1187 jam
1014 1117 1171 1173 estimavit.
1189 1120 1321 1173 Ceterum
1348 1124 1379 1173 ut
1403 1120 1466 1190 ojus
1492 1119 1544 1190 piae
1568 1121 1780 1178 munificentiae
1794 1138 1840 1195 po-

138 1208 174 1263 ad
189 1208 373 1279 propositum
388 1213 522 1264 nostrum
544 1208 708 1262 redeamus.
1014 1206 1840 1284 rennaretmemoria,illorumquejugulareturerrorqui

171 1298 215 1353 34.
226 1297 295 1354 Post
302 1293 958 1370 utramquehachitarnpraelocommittemus
1012 1296 1077 1365 ejus
1092 1295 1221 1351 basilica
1232 1297 1418 1367 magnificam
1435 1299 1681 1355 restaurationem
1694 1299 1725 1356 in
1741 1300 1839 1356 Heari-

76 1378 79 1383 ’
134 1386 164 1443 S.
179 1386 303 1443 loannis
318 1385 468 1442 Gualberti
484 1385 635 1448 miracula,
652 1385 688 1440 ab
710 1384 884 1455 Hieronymo
900 1383 955 1437 lia·
1014 1400 1080 1438 cum
1093 1383 1301 1456 Imperatorem
1313 1402 1345 1441 ac
1357 1386 1563 1458 Cunigundnm
1575 1388 1641 1458 ejus
1657 1405 1791 1457 uxorem,
1801 1389 1839 1446 in·

130 1472 954 1545 diolensicollecta,etllenseheniiPapebroehiiquomanu
1014 1472 1109 1544 signis
1121 1472 1236 1544 pietatis
1248 1474 1398 1545 sentinam,
1411 1474 1584 1543 retulerunt,
1599 1476 1676 1533 banc
1689 1479 1836 1552 antiquam

128 1564 646 1638 descripta,dequibusinsaepcjam
659 1560 954 1633 memorataepistola
1012 1561 1189 1633 scripturam
1215 1561 1261 1616 hic
1290 1562 1504 1633 subjiciendam
1528 1566 1712 1639 curavimus,
1728 1567 1759 1624 in
1782 1585 1834 1641 qua

129 1653 171 1709 sic
186 1653 275 1710 babet
289 1653 426 1710 Aurelius
441 1654 561 1709 caseri:
588 1676 602 1702 a
620 1651 716 1707 Inveni
738 1651 813 1705 duos
837 1650 951 1705 codices
1004 1650 1189 1722 apertissime
1202 1651 1267 1722 ejus
1282 1648 1480 1710 aedificationis
1500 1657 1561 1711 tota
1575 1653 1671 1727 gloria
1681 1656 1712 1712 in
1744 1656 1833 1714 llildo-

129 1742 199 1799 Mss.
216 1742 393 1814 pecudineos
417 1758 481 1797 vere
505 1739 702 1812 autographas
726 1738 760 1794 D.
784 1737 951 1809 Hieronymi
972 1781 997 1847 B
1012 1738 1157 1794 hraudum
1171 1741 1327 1809 redundat,
1340 1742 1391 1812 qui
1403 1742 1442 1797 ibi
1455 1743 1542 1799 etiam
1555 1761 1572 1800 a
1584 1762 1616 1801 se
1627 1744 1828 1803 uionachorum

138 1828 332 1898 ltadiolensis,
349 1846 454 1901 nempe
470 1828 612 1885 miracula
627 1828 656 1883 S.
672 1827 795 1884 loannis
810 1826 958 1882 Gualberti
1015 1826 1168 1899 collegium
1184 1828 1352 1885 institutum
1377 1848 1394 1885 a
1419 1832 1654 1890 Florentinorum
1682 1834 1824 1907 presulum

135 1922 164 1975 et
177 1934 327 1975 sermones
340 1919 473 1990 eJusdem
484 1918 661 1991 Hieronymi,
673 1918 703 1972 in
715 1916 822 1989 quibus
835 1916 961 1971 breviter
1015 1916 1134 1972 arbitrio
1145 1918 1308 1989 dependere
1318 1919 1454 1976 decrevit.
1468 1944 1481 1969 »
1494 1922 1567 1977 Tum
1581 1922 1663 1979 subit
1674 1924 1824 1981 donationis

137 2008 198 2065 vita
208 2008 237 2064 S.
248 2008 370 2064 loannis
381 2007 530 2065 Gualberti
547 2006 694 2075 inseritur,
707 2007 736 2061 in
748 2005 833 2076 cujus
849 2004 906 2060 linc
918 2005 960 2062 sie
1014 2004 1256 2073 instrumentum,
1273 2008 1350 2079 quod
1375 2007 1421 2063 hic
1445 2009 1596 2066 brevitatis
1619 2029 1712 2069 causa
1725 2014 1819 2069 omitto.

137 2097 284 2154 babetur:
309 2098 367 2153 lete
391 2095 465 2153 liber
489 2101 534 2153 est
562 2096 619 2152 mei
649 2094 761 2151 Domini
792 2094 959 2165 llieronymi
1015 2093 1817 2168 UghelliopinionemsequiturllabilloniusinAnnalibrs
1863 2160 1865 2169 ,

138 2186 258 2244 Prioris.
275 2208 289 2237 a
313 2187 350 2243 Ut
368 2190 466 2242 autem
481 2185 572 2242 lector
586 2186 677 2257 hujus
692 2184 855 2240 collectoris
871 2183 958 2237 fidem
1014 2183 1211 2238 liencelictinis
1222 2188 1293 2239 tom.
1306 2185 1352 2240 lV.
1363 2186 1397 2239 ad
1409 2204 1518 2242 annum
1529 2188 1639 2244 Christi
1653 2191 1815 2263 1013;quan

138 2278 334 2351 pietatemque
349 2277 473 2344 noverit,
488 2275 612 2331 breviter
627 2274 702 2330 addo
726 2277 836 2345 partem
861 2271 958 2343 elogii,
1014 2271 1101 2327 etiam
1117 2288 1169 2345 ego
1185 2277 1218 2328 ut
1231 2274 1472 2331 verosimiliorem
1489 2277 1660 2349 amplector.

136 2367 215 2438 quod
231 2366 400 2421 Vincentius
414 2365 526 2421 Simius
545 2366 573 2420 in
597 2363 731 2436 catalogo
746 2362 874 2417 virorum
889 2360 957 2415 illu·
1048 2363 1092 2416 30.
1109 2362 1170 2417 Non
1187 2379 1308 2434 possum
1325 2364 1396 2435 quin
1419 2364 1466 2420 hic
1488 2367 1582 2423 obiter
1596 2369 1741 2443 corrigam
1753 2386 1812 2426 erro·

137 2455 243 2511 sirium
257 2453 497 2527 congregationis
511 2451 764 2509 Vallis-Umbrosa
780 2452 815 2507 ad
832 2450 957 2506 litteram
1013 2449 1265 2506 neamillabillonii
1275 2453 1580 2527 conjecturam,quam
1592 2457 1622 2512 in
1634 2458 1813 2515 iisdemdnre·

134 2541 159 2598 H
170 2558 237 2616 pag.
248 2543 309 2611 134,
319 2542 361 2599 sic
370 2542 568 2599 concinnavit:
583 2539 957 2612 ollicronymusltadiolen·
1012 2538 1090 2594 libus
1102 2541 1137 2594 ad
1150 2557 1260 2595 annum
1270 2540 1376 2597 Christi
1389 2544 1667 2612 lt·128,‹lonationem
1678 2549 1810 2621 quamdam

136 2631 178 2687 sis
202 2630 284 2688 Prior
306 2630 462 2687 abbatialis
478 2631 572 2687 sancti
588 2630 693 2686 Donati
708 2629 737 2684 in
752 2628 865 2695 Vincla,
881 2628 958 2683 inter
1012 2627 1158 2683 Lamberti
1170 2629 1298 2701 episcopi
1311 2630 1468 2687 Florentini
1480 2636 1659 2692 monasterio
1669 2638 1697 2693 S.
1706 2635 1809 2693 titulat

133 2716 955 2793 scriptoresVallumbrosanosvaldecclebris,scripsitin
1011 2716 1117 2771 laetam
1132 2732 1376 2791 commemorans
1393 2720 1435 2776 sic
1450 2723 1597 2794 proponit.
1624 2725 1705 2783 «llis
1727 2723 1808 2781 litteris

135 2807 240 2882 primis
262 2809 353 2865 vitam
377 2809 468 2865 beate
491 2807 586 2864 Mariae
611 2805 750 2878 Virginis,
775 2822 844 2878 erga
867 2820 956 2876 quam
1011 2804 1211 2877 subscribunt,
1225 2810 1257 2861 ut
1271 2824 1339 2864 mcx
1355 2808 1497 2879 dicebam,
1510 2812 1566 2869 Leo
1579 2814 1671 2871 abbas
1685 2816 1720 2871 de
1733 2830 1808 2871 mom·

133 2895 301 2954 tenerrimae
322 2895 484 2961 devotionis
508 2896 614 2953 ellectu
642 2898 704 2950 crat
731 2894 954 2951 inflammatus:
1011 2894 1099 2949 sterio
1113 2896 1142 2949 S.
1154 2895 1294 2963 ltliniatie,
1308 2901 1337 2953 et
1351 2903 1417 2969 post
1432 2915 1499 2955 enm
1515 2901 1633 2959 'l'heuzo
1648 2904 1808 2977 presbytorel

136 2982 805 3042 deindemiraculasanctilosnnisGualberti
830 2984 858 3036 et
882 2996 956 3052 opus
1011 2983 1190 3049 monachus,
1221 2985 1331 3042 Ottriso
1364 2989 1516 3060 presbyter
1544 2994 1573 3045 et
1601 2993 1807 3063 monaobuaet

136 3072 191 3129 boo
220 3074 364 3131 dedicavit
390 3074 545 3147 magnilica
575 3073 727 3129 Laurentio
756 3070 891 3136 lllealiceS,
908 3068 955 3124 cui
1009 3070 1158 3127 lohannes
1169 3074 1632 3146 presbyteretmonachus.l·'orte
1643 3081 1669 3138 is
1682 3080 1805 3137 sitlohar·

134 3161 804 3236 extititipsesingnlariteracccptus3preterea
814 3162 956 3214 tractatus
971 3145 992 3210 C
1012 3177 1064 3215 nes
1074 3161 1259 3229 Gualbertus,
1271 3163 1321 3234 qui
1333 3163 1387 3220 hoc
1401 3164 1465 3238 ipso
1477 3171 1609 3240 tempore
1620 3171 1655 3226 ad
1667 3171 1696 3227 S.
1707 3166 1805 3227 Mirialis

134 3250 225 3307 edidit
240 3269 329 3325 super
342 3253 433 3326 gestis
444 3252 609 3324 aliquorum
624 3251 787 3316 beatorum,
800 3264 886 3319 super
901 3247 956 3302 tri·
1010 3250 1221 3305 monasterium
1236 3268 1268 3307 se
1284 3258 1403 3325 recepit.
1418 3277 1428 3303 a
1446 3254 1533 3311 bliror
1546 3258 1644 3314 virum
1659 3259 1689 3314 in
1704 3254 1803 3328 antiqni-

133 3340 190 3397 bus
204 3342 280 3399 votis
291 3343 482 3409 solemnibus,
492 3357 580 3414 super
589 3340 730 3413 gradihus
741 3338 917 3394 humilitatis
928 3340 956 3392 ct
1011 3340 1119 3393 tatibus
1130 3340 1300 3396 monasticis
1311 3343 1545 3401 versatissimum
1557 3345 1604 3402 hic
1617 3347 1659 3403 ita
1673 3346 1802 3405 heliacim·
1863 3375 1865 3379 ·

133 3446 222 3503 super
232 3431 338 3487 virtute
347 3431 509 3505 patientiae;
524 3429 762 3502 epistolaeautem
772 3427 808 3483 ab
824 3444 857 3483 en
869 3428 953 3494 datm,
1010 3431 1072 3481 tum
1083 3428 1565 3493 esse,utiohannemGuslbertum
1575 3436 1729 3494 crediderit
1736 3434 1801 3492 otro

132 3524 162 3576 et
171 3519 234 3577 aliae
244 3536 335 3577 sacrae
344 3520 581 3576 elucubrationes
591 3521 709 3574 luerunt
720 3515 956 3572 lcreinnumern-
1010 3517 1222 3588 presbyterum,
1238 3523 1393 3590 postquam
1410 3521 1440 3576 in
1454 3522 1513 3579 vita
1529 3524 1624 3595 ipsius
1638 3543 1690 3599 per
1702 3526 1730 3582 B.
1743 3526 1800 3578 lito·

133 3608 217 3666 biles.
229 3609 271 3665 Ne
284 3615 434 3666 momento
446 3608 565 3681 quidem
584 3606 724 3678 temporis
739 3606 819 3660 visus
834 3609 877 3660 est
892 3621 955 3659 um·
1011 3620 1075 3658 ncur
1092 3606 1201 3678 scripta
1211 3606 1282 3679 legit
1293 3607 1352 3663 hac
1367 3610 1474 3667 verba:
1490 3635 1504 3663 (ι
1522 3613 1630 3670 Eorum
1642 3626 1799 3688 quoquemt·
1861 3660 1865 3675 .

132 3714 223 3770 quam
233 3697 337 3765 otiari3
354 3698 426 3771 quin
441 3698 500 3754 imo
511 3712 627 3767 semper
642 3699 707 3750 actu
724 3693 780 3748 luit
795 3696 955 3764 occupatus
1009 3691 1100 3763 gister
1110 3710 1212 3751 ornnes
1223 3695 1435 3755 ecclesiasticos
1445 3701 1562 3757 ordines
1574 3702 1803 3775 plurimumhoro·

131 3780 954 3860 inaliquolaudabiliexercitiovellegendovelscribendo
1010 3782 1102 3854 rabat,
1119 3801 1193 3856 ques
1208 3786 1372 3843 Catholicae
1395 3806 1461 3846 esse
1486 3791 1607 3861 sciebat,
1631 3794 1673 3850 ita
1698 3800 1728 3850 ιιι
1747 3790 1803 3846 lora

131 3877 178 3934 vel
191 3878 313 3933 orando.
325 3876 430 3932 Praeter
444 3875 532 3931 horas
547 3873 703 3930 canonicas
715 3871 760 3927 bis
775 3871 806 3926 in
821 3869 868 3925 die
883 3872 954 3927 rcci-
1009 3870 1137 3927 eeclesia
1150 3890 1207 3928 non
1217 3882 1409 3945 praesumeret
1419 3878 1541 3949 aperire,
1554 3881 1611 3937 nisi
1625 3878 1801 3954 priusortlirr·

132 3960 953 4037 tabatOlficiumVirgiuisDeiparae,semelindioollicium
1009 3966 1056 4016 tus
1071 3959 1177 4032 aliquis
1194 3965 1359 4034 aperiret.»
1387 3965 1501 4024 Clarius
1526 3968 1554 4024 id
1581 3971 1671 4027 etiam
1693 3962 1801 4027 inormi

133 4053 496 4121 defunctorum‚Psalmos
512 4049 715 4108 Gradualeset
736 4048 954 4105 Poenitentiales
1007 4048 1066 4103 vita
1094 4066 1175 4106 num.
1201 4053 1236 4106 29
1261 4054 1397 4126 exprimit
1422 4056 1453 4111 Β.
1480 4058 1613 4116 Andreas
1638 4059 1685 4117 his
1708 4054 1799 4115 verbis:

133 4157 201 4197 eum
212 4141 333 4198 litaniis
345 4146 374 4198 et
387 4142 533 4214 precibus.
545 4139 626 4195 Ultra
636 4142 791 4195 consuetas
802 4137 953 4210 religionis
1008 4160 1023 4187 o
1039 4139 1145 4193 lterum
1169 4140 1305 4212 Magister
1328 4147 1356 4198 et
1384 4143 1467 4199 Pater
1491 4150 1605 4203 tantam
1630 4149 1706 4207 cirea
1725 4154 1799 4205 annot

132 4231 376 4305 Quadragesimas
392 4235 420 4287 et
430 4230 555 4303 jejunia,
570 4229 659 4285 etiam
675 4227 740 4283 aliis
755 4227 952 4299 superadditis
1006 4226 1220 4286 ecclesiasticos
1230 4232 1538 4303 gradusreverentiam
1552 4254 1671 4311 semper
1679 4234 1798 4299 hebuitrt

130 4319 318 4378 abstinentiis
332 4337 449 4377 carnem
466 4319 640 4385 macerabat,
657 4317 733 4373 sicut
756 4322 784 4372 et
807 4315 910 4372 ciliciis
924 4321 952 4372 et
1007 4315 1174 4373 nullatcnus
1188 4318 1344 4391 aliquando
1357 4324 1483 4394 potuerit
1494 4326 1569 4399 cogi,
1581 4344 1637 4384 nee
1646 4320 1799 4385 eduntote

130 4409 335 4482 frequentibus
350 4408 606 4484 flagellationibus.
623 4430 637 4458 »
662 4407 731 4463 llein
746 4405 856 4462 Simius
871 4406 950 4478 piam
1005 4406 1067 4462 rius
1080 4408 1140 4462 lieri
1155 4425 1161 4462 :
1178 4409 1227 4464 sod
1240 4426 1307 4464 cum
1318 4411 1470 4469 ecclesiam
1482 4413 1597 4488 ingredi
1608 4415 1733 4485 vellet,et
1743 4412 1797 4469 tora

128 4500 193 4571 ejus
208 4505 331 4557 mortem
346 4504 471 4555 enarrat.
488 4498 553 4554 Haec
568 4496 731 4552 dictasunt
746 4495 782 4550 ad
797 4493 949 4549 clariorem
965 4514 989 4579 D
1004 4500 1104 4551 essent
1115 4495 1231 4564 clausae,
1242 4514 1291 4554 ees
1303 4500 1415 4573 ingredi
1428 4502 1508 4559 nullo
1522 4506 1609 4561 modo
1623 4500 1796 4578 praesumem}

128 4589 322 4661 quaestionum
340 4594 543 4646 secuturarum
554 4584 777 4658 intelligentiam
792 4609 800 4652 ;
815 4600 893 4639 nune
904 4582 948 4637 hi·
1004 4585 1096 4640 donce
1113 4585 1269 4653 Catienus,
1285 4588 1335 4658 qui
1351 4587 1416 4645 illas
1432 4591 1568 4663 aperiret,
1585 4599 1757 4653 vocaretur.»

126 4677 223 4735 storia
239 4684 344 4735 nostre
360 4678 541 4734 illustranda
558 4673 640 4732 illum
661 4689 856 4730 resumamus.
1037 4674 1081 4728 37.
1098 4674 1181 4729 Nunc
1197 4674 1287 4731 altera
1311 4677 1492 4736 instituenda
1514 4686 1560 4737 est
1585 4683 1714 4755 questio,
1725 4688 1795 4751 ecquo

123 4783 257 4850 §lane
277 4786 448 4841 monasterio
472 4786 500 4840 S.
529 4784 665 4847 dilatetis,
682 4780 752 4852 quod
775 4781 803 4834 S.
828 4784 948 4836 Joanuee
1003 4763 1159 4834 dlffissiliffl',
1183 4763 1294 4819 scillcet
1319 4782 1407 4837 ‘luam
1434 4769 1470 4824 ⁰1)
1499 4787 1621 4829 elusam
1646 4776 1674 4829 S·
1694 4770 1794 4828 ΜΝ

160 4854 323 4911 Gualbertos
336 4857 475 4924 inpressae
490 4860 540 4920 est,
557 4871 642 4926 quiere
657 4852 727 4908 iilud
748 4851 909 4907 deseruerit.
1002 4851 1176 4908 Gualbertus
1193 4854 1345 4925 praelatum
1360 4857 1388 4910 S.
1401 4857 1529 4913 liiniatis
1546 4861 1746 4919 monasterium
1756 4856 1793 4911 ds·

158 4943 188 5000 S.
199 4942 523 5009 JoannesGualhertus‚
535 4943 670 5015 praedicto
681 4940 828 4997 crucifixa
839 4940 944 5012 imagi-
1000 4942 1132 4996 seruerit.
1149 4948 1221 4997 Acta
1237 4945 1336 4999 omnia
1355 4962 1418 5017 que
1442 4946 1514 5002 mihi
1530 4949 1632 5006 videre
1645 4948 1792 5006 trinitare·

120 5032 167 5089 nis
182 5032 314 5106 prodigio
330 5037 438 5102 motus,
450 5029 556 5087 seculo
572 5032 706 5086 nuntium
720 5030 866 5085 remittere
881 5033 942 5084 sla·
998 5034 1067 5083 rant
1082 5031 1160 5101 quod
1175 5031 1341 5088 Simoniaco
1356 5034 1465 5103 abbati,
1478 5052 1529 5107 per
1544 5035 1737 5095 Florentinum
1748 5028 1791 5105 epi·

118 5123 184 5178 tuit.
214 5127 329 5195 ltaque,
358 5122 519 5196 premissis
548 5121 596 5192 pia
628 5120 729 5175 fraude
758 5117 876 5175 l'amulis
905 5118 941 5173 ad
997 5134 1118 5189 scopum
1134 5126 1277 5192 promoto,
1292 5121 1416 5178 noluerit
1430 5125 1563 5183 subesse.
1580 5127 1725 5191 Quomodo
1737 5124 1791 5179 bau

118 5210 148 5266 S.
161 5211 291 5269 bliniatis
302 5211 512 5269 monasterium
526 5208 732 5277 revertitur‚et‚
743 5208 834 5263 inscio
846 5212 939 5279 patre,
995 5206 1193 5264 Sirnoniacam
1209 5212 1324 5268 abbatis
1345 5211 1391 5267 sui
1416 5214 1634 5284 promotionem
1649 5218 1678 5274 S.
1692 5216 1791 5273 tunae

117 5296 147 5352 in
171 5301 382 5358 monachorum
407 5316 564 5356 numerum
593 5303 755 5369 cooptatur,
784 5302 815 5352 ut
842 5295 938 5351 insius
994 5294 1791 5376 cunibertuscognoverit,tonganarratione,neaetonnto

116 5393 237 5444 narrant
251 5394 375 5463 utraque
389 5394 470 5447 Acta.
487 5390 543 5446 Sed
568 5388 622 5443 lrac
644 5387 795 5443 occasione
810 5385 937 5442 occurrit
992 5390 1086 5452 eruta,
1102 5386 1248 5458 explicant
1263 5390 1439 5446 recentiores
1453 5392 1527 5447 Vitae
1550 5395 1710 5468 scriptores
1729 5398 1792 5463 ⁸qu

113 5476 238 5550 questio
248 5479 284 5533 de
295 5481 508 5536 restauratione
523 5475 651 5535 ecclesie
666 5481 694 5530 S.
709 5475 847 5542 titulatis,
858 5492 933 5547 quae,
990 5473 1141 5531 interillos
1153 5476 1315 5547 primos,ut
1326 5472 1793 5552 opinor,andreastanuensirqri
1859 5520 1865 5555 :

110 5582 179 5633 oum
195 5583 253 5625 non
269 5566 309 5627 sit
319 5568 354 5627 ab
365 5568 420 5625 hoc
432 5574 531 5627 nostro
545 5566 681 5635 instituto
694 5565 813 5623 omnino
828 5564 933 5635 aliena,
988 5563 1193 5639 ir1Vita,qunm
1202 5565 1489 5645 lricmanuecriptem
1497 5570 1707 5657 habemue,slo
1714 5566 1795 5651 nami
1840 5632 1865 5653 d
