3892 6096
63 356 72 371 ,
112 289 189 350 reas
331 323 337 335 ·
775 278 777 283 ’
908 295 1013 356 vrrs.
1737 300 1813 361 145⁴

110 420 196 490 siam,
211 419 291 476 verbi
306 419 358 477 Dei
372 420 480 492 pabulo
501 421 668 478 satiantem.
694 423 814 480 Videres
828 424 859 479 in
875 442 934 481 uno
950 431 976 495 Α
992 428 1135 498 nequiret,
1152 443 1246 498 neque
1259 428 1412 498 disponere
1423 427 1493 500 quid
1507 429 1583 499 quod
1595 429 1651 484 sibi
1661 429 1705 485 vel
1717 430 1815 502 reipu-

111 508 229 564 homiae
242 509 364 565 Mariam
380 515 408 565 et
431 509 587 577 Martham,
613 529 692 567 nunc
707 513 783 567 circa
798 513 937 585 frequens
992 515 1114 571 bublicre
1124 516 1285 572 utileforet.
1299 516 1427 572 Libertas
1437 521 1534 572 autem
1546 516 1645 588 patrie
1654 516 1816 574 Lietbertas

112 596 308 653 ministerium
324 602 507 671 satagentem
528 615 606 655 nanc
622 601 658 655 sd
675 602 763 672 pedes
783 602 852 657 Jesu
868 618 936 657 cum
991 621 1057 659 cum
1075 621 1107 659 eo
1124 605 1261 661 assiduas
1277 622 1340 661 esec
1356 621 1415 660 non
1442 609 1565 677 poterat,
1582 605 1721 677 quoniam
1738 607 1815 678 apud

112 685 249 758 lacrymis
265 690 294 742 et
307 687 427 743 attentis
438 688 621 744 orationibus
636 705 686 744 cer
697 693 858 761 pectusque
872 694 938 745 tua·
992 693 1104 748 Novam
1120 692 1279 749 Castellum
1294 695 1358 764 ejas
1374 693 1514 750 custodia
1527 695 1701 766 deputatum
1717 710 1817 751 mane·

112 774 208 830 deado
221 773 394 847 suppliciter
403 776 662 848 procumbentem
675 779 761 834 modo
772 779 938 836 cumtecob
992 783 1051 837 bat.
1070 781 1109 836 lbi
1127 781 1211 838 miles
1226 781 1332 838 Christi
1349 782 1439 837 totius
1460 782 1614 855 provincie
1638 786 1756 854 propter
1769 782 1817 837 in·

113 862 144 918 in
160 879 229 935 agro
244 863 400 921 centrariis
416 865 492 921 aeris
504 868 728 938 tempestatibus
744 867 937 939 afficiebatur,
993 870 1175 926 cursantium
1189 870 1337 928 latronum
1354 871 1482 942 rapinas,
1500 875 1679 942 opportunas
1693 870 1817 928 vicinias

114 952 202 1008 modo
218 952 333 1009 rediens
348 953 469 1010 domam
484 953 569 1011 lactis
580 956 719 1028 coagulos
731 956 885 1029 mellisque
895 958 938 1012 fa·
992 960 1154 1026 tutabatur,
1165 960 1201 1016 de
1211 958 1660 1031 cujusdefensieaisauxiliatam
1670 959 1715 1015 sai
1725 975 1814 1030 qaam

114 1056 164 1097 vos
176 1040 276 1113 pueris
287 1041 469 1113 partiebatur
481 1061 488 1111 ;
502 1060 581 1101 nanc
592 1044 621 1099 ia
633 1045 837 1101 naviresidens
849 1045 939 1101 diver·
993 1048 1179 1114 exterritam
1190 1048 1277 1103 vicini
1287 1063 1376 1118 quam
1392 1046 1543 1118 longinqui
1559 1046 1769 1119 gloriabantur.
1780 1047 1812 1104 si

114 1146 214 1185 aarum
226 1135 438 1202 tempestatum
449 1133 573 1188 marinis
584 1133 723 1190 fluctibus
733 1135 936 1206 premebatur:
993 1136 1140 1208 quomodo
1151 1136 1275 1206 quilibet
1285 1135 1377 1192 hostis
1391 1137 1547 1192 incursans
1559 1135 1654 1207 ipsius
1664 1134 1817 1206 provincia

115 1235 194 1275 nanc
208 1218 396 1276 introductus
410 1220 440 1276 ia
457 1219 559 1276 cellam
575 1221 728 1290 vinariam,
741 1239 793 1295 per
808 1222 939 1279 dilectio·
993 1224 1066 1280 fines
1082 1225 1191 1297 positos
1206 1225 1355 1292 intrasset,
1367 1223 1476 1280 auditis
1488 1223 1543 1279 viri
1556 1223 1716 1280 virtutibus
1728 1227 1757 1279 et
1768 1240 1819 1280 ao·

114 1324 182 1364 aem
197 1302 252 1365 Dei'
262 1310 421 1366 extendens
437 1326 469 1367 se
483 1309 512 1365 iu
532 1327 662 1367 amorem
678 1311 813 1382 proximi,
831 1318 938 1367 saactae
994 1312 1083 1383 mine,
1100 1312 1198 1369 statim
1212 1312 1400 1385 retrogradus
1415 1317 1557 1383 tanquam
1570 1313 1665 1367 viator
1678 1311 1740 1368 viso
1755 1327 1817 1368 ser·

115 1397 268 1454 charitatis
283 1398 435 1454 exercebat
458 1398 583 1455 fructus.
607 1400 650 1455 lla
676 1406 775 1455 noster
790 1400 938 1469 Salomon,
994 1407 1079 1472 pente
1095 1401 1212 1474 refugit,
1225 1417 1338 1456 necnon
1353 1400 1432 1456 intra
1444 1416 1562 1457 securas
1574 1400 1699 1456 latebras
1709 1399 1819 1458 accele-

114 1486 173 1542 veri
190 1485 279 1542 David
296 1485 384 1554 filias,
401 1487 545 1558 templum
557 1488 673 1544 Domini
686 1490 834 1562 sapienter
846 1488 940 1545 admi·
994 1490 1085 1546 raudo
1101 1506 1165 1546 sese
1179 1489 1290 1561 recipit.
1303 1490 1385 1545 Pacis
1397 1494 1460 1545 erut
1474 1488 1653 1554 subsidium,
1664 1488 1746 1545 salus
1757 1504 1822 1561 pro·

117 1574 232 1644 nistret,
247 1575 278 1633 ia
294 1576 380 1648 cujas
394 1581 543 1632 structura
559 1594 610 1632 nec
621 1578 733 1634 securis
749 1587 801 1633 neb
817 1578 941 1634 malleus
995 1578 1105 1644 vincire,
1115 1576 1818 1650 pesclaudo,larnencaecis‚det'ensi0pauperum,

117 1667 212 1719 sonat.
229 1664 366 1721 fleveras
377 1664 491 1735 Moyses
505 1665 596 1719 saeris
609 1664 697 1719 undis
713 1670 855 1734 servatur,
871 1669 900 1720 et
910 1664 940 1720 in
995 1682 1062 1738 spes
1077 1666 1242 1736 viduarum,
1260 1666 1400 1739 protectio
1416 1664 1607 1737 pupillorum,
1621 1664 1710 1720 timor
1724 1664 1818 1721 bostis

115 1753 238 1806 domum
247 1751 406 1807 Pharaonis
415 1752 602 1819 constitutas,
612 1752 708 1823 gladio
718 1752 849 1825 spiritus,
862 1752 939 1824 qued
955 1795 980 1860 B
995 1759 1024 1808 et
1039 1770 1120 1809 arma
1136 1770 1268 1810 saiorum.
1285 1754 1343 1808 Nec
1358 1753 1436 1810 euim
1447 1753 1689 1819 incursione„neo
1702 1753 1818 1809 eminus

116 1838 296 1893 estverbam
310 1838 361 1895 Dei
365 1879 419 1894 .....
445 1838 551 1895 transit
565 1841 601 1895 dc
616 1844 700 1910 perta
721 1841 752 1895 in
768 1844 893 1913 portam,
909 1846 942 1898 ut
997 1842 1090 1898 bostis
1105 1847 1156 1897 aut
1184 1842 1318 1898 cominus
1333 1842 1439 1914 gladiis
1466 1841 1612 1908 utebatur,
1627 1841 1677 1896 sed
1693 1841 1816 1909 ratione,

119 1927 260 1996 destruat,
277 1925 390 1994 evellat,
407 1931 436 1982 et
450 1926 571 1983 edificet
585 1931 614 1982 et
629 1927 748 1999 plantet.
762 1928 942 2001 Temporum
997 1930 1118 1986 condeio
1134 1934 1163 1986 ct
1178 1929 1309 1986 scientia.
1325 1929 1360 1984 at
1372 1929 1508 2001 quamvis
1523 1928 1558 1984 ad
1575 1933 1747 1984 cunctorum
1763 1945 1818 1984 au·

120 2015 516 2073 labentecarriculetlerardo
525 2016 654 2087 pontiflci
661 2017 848 2090 vergentibus
856 2018 942 2076 annis
996 2022 1060 2074 tam
1071 2018 1211 2091 penderet
1222 2023 1251 2073 et
1262 2017 1426 2086 arbitrium,
1439 2017 1609 2090 preferebat
1620 2020 1717 2075 tamea
1728 2016 1820 2073 omni·

119 2106 154 2161 ad
170 2120 306 2160 occasum
321 2110 426 2177 quarta
438 2110 590 2178 supererat
604 2106 746 2162 senectuti
762 2123 861 2174 causa,
876 2123 940 2179 que
997 2108 1052 2162 bus
1067 2106 1167 2162 domni
1183 2104 1330 2178 pontificis
1345 2105 1513 2178 imperium,
1528 2121 1615 2176 quem
1627 2104 1734 2177 saepias
1745 2105 1831 2175 reri-q

119 2194 358 2266 maximeangere
369 2198 456 2266 atque
467 2193 622 2251 sollicitam
634 2193 741 2251 babere
751 2211 814 2251 eam
826 2199 940 2252 atatem
995 2196 1088 2263 sebat,
1106 2211 1217 2251 nocnon
1234 2194 1459 2250 amaritudinem
1475 2192 1650 2250 dolorumet
1662 2193 1818 2248 infirmata·

118 2282 242 2349 videtur,
258 2282 503 2354 appropinquatio
513 2283 625 2340 scilicet
635 2284 749 2350 mortis,
762 2300 826 2356 que
836 2289 941 2341 certea
994 2290 1068 2354 tum,
1085 2284 1381 2355 conturbationesque
1403 2298 1558 2338 causarum
1583 2280 1816 2336 consolationum

117 2375 265 2428 senectute
280 2387 337 2426 aon
354 2375 448 2442 petest
473 2370 759 2444 lengeabesse3sed
776 2373 940 2430 lietbertus
995 2390 1116 2429 saturum
1143 2372 1262 2428 mellitis
1287 2371 1544 2427 refocillationibus
1569 2370 1755 2426 dulcorabat:
1784 2372 1818 2425 at

79 2510 83 2517 .
117 2459 204 2516 levita
218 2459 939 2534 magnificus,cariaepontificalisprovisorsolli·
994 2458 1817 2531 enimadotesceatibusbonatnaotepreditissapientes

116 2549 202 2619 citus,
215 2565 301 2621 quem
313 2548 474 2606 bonoribus
484 2550 670 2622 exaltaverat,
681 2550 712 2606 in
723 2551 861 2607 omnibus
871 2567 938 2607 eam
995 2569 1080 2608 senes
1091 2552 1283 2616 delectantur,
1296 2549 1445 2622 leniorque
1456 2552 1608 2604 csteorum
1620 2552 1756 2604 senectus
1766 2547 1817 2619 qui

116 2638 263 2709 sapienter
272 2637 405 2709 J'avabat.
994 2641 1175 2712 ajuventute
1185 2638 1323 2695 coluntur
1334 2643 1363 2694 et
1377 2637 1549 2709 diliguntur,
1562 2636 1604 2693 sic
1619 2636 1817 2693 adolescentes

424 2743 538 2800 cppUT
558 2744 631 2802 v111‚
994 2724 1817 2802 senumpreceptisgaudent‚quibusadvirtatumstadia

116 2833 153 2889 be
178 2833 294 2889 Walterc
310 2832 500 2889 Cameracensi
522 2833 683 2902 castellano,
703 2841 730 2889 er
742 2834 847 2890 Ioanne
861 2835 939 2891 Atre·
976 2818 1152 2873 'ducunfflb

398 2903 503 2960 batensi
522 2903 659 2960 monento.
1320 2939 1436 2996 CAPUT
1454 2939 1487 2994 Χ.

152 2992 941 3095 Emt⁰f¹⁰tmp‘frisWfflm‘uwamemffensis‘ml'
995 3032 1031 3087 lte
1043 3034 1130 3086 morte
1145 3029 1259 3087 Gernrdi
1280 3034 1305 3085 et
1327 3030 1457 3085 electione
1470 3028 1600 3084 lietberti
1618 3026 1815 3085 archidiaconi.

117 3081 273 3154 lanus,qu1
288 3088 325 3138 ob
337 3099 458 3138 nimiam
470 3099 515 3138 sur
529 3082 809 3154 fastussaperbram‚
821 3099 940 3155 suaeque

118 3171 252 3244 potentiae
267 3170 447 3228 indicibilem
471 3170 658 3228 insolentiam
674 3171 711 3227 ab
734 3171 862 3227 inimicis
877 3157 976 3228 saisG
1029 3171 1272 3244 Supervenientes
1282 3166 1816 3240 saavccalioaistemporepraesulGe·

118 3259 941 3332 interfectasiateriit;unicumquefiliumcamaxoreeuu
994 3256 1817 3333 rardusdefungitur;toannestamearemanetiucivitate

117 3349 293 3422 superstites
300 3348 420 3421 reliquit
430 3366 509 3422 ;qure
521 3349 640 3422 quidem
652 3350 941 3418 uxor,llrmcatradis
995 3348 1181 3406 castellatura
1196 3349 1361 3403 indonatus.
1374 3363 1459 3418 porro
1469 3345 1584 3417 sepulto
1599 3343 1735 3416 poutissce
1748 3358 1816 3398 cam

117 3438 248 3507 nemine,
259 3440 295 3494 ab
312 3437 427 3494 insania
438 3438 534 3494 mariti
545 3439 591 3494 sui
607 3454 665 3494 nen
676 3439 820 3510 cessabat,
832 3438 882 3494 sed
895 3456 942 3511 pc·
995 3439 1223 3509 reverentiaque
1233 3437 1354 3493 decebat
1364 3441 1391 3490 et
1403 3436 1520 3501 bonore,
1535 3431 1669 3490 convenit
1679 3431 1710 3487 in
1724 3446 1817 3487 anam

113 3528 181 3599 jora
190 3544 312 3600 queque
322 3528 365 3599 [s.,
376 3528 505 3600 quoque]
514 3543 639 3599 operans
648 3520 745 3583 mariti
755 3527 940 3584 malitiessu·
995 3527 1213 3585 Cameracensis
1226 3525 1354 3582 Ecclesia
1367 3524 1428 3597 pari
1442 3539 1585 3579 consensu
1596 3520 1724 3578 electura
1733 3521 1817 3575 dom·

117 3615 350 3689 perexcellebnt:
374 3621 403 3672 et
427 3616 496 3688 quia
519 3621 552 3671 ut
577 3616 771 3687 desiderabat,
798 3616 828 3672 id
843 3632 895 3689 per
910 3632 942 3673 se
998 3633 1068 3673 num
1085 3615 1262 3672 Lietbertam
1278 3613 1395 3686 provehi
1411 3614 1446 3669 ad
1463 3611 1650 3684 pontificatus
1665 3609 1814 3665 honorem.

118 3705 279 3778 adimplere
293 3721 350 3761 ana
361 3704 467 3777 potuit,
480 3704 559 3761 lilius
569 3705 647 3760 enim
659 3706 723 3776 ejus
734 3722 807 3777 puer
816 3710 887 3772 eret,
899 3711 942 3778 ty·
997 3706 1080 3760 Ilnnc
1096 3706 1194 3776 itaque
1208 3705 1303 3759 clerus
1328 3705 1356 3758 et
1370 3701 1497 3774 populas
1520 3699 1589 3756 totis
1603 3698 1718 3754 nisibus
1732 3711 1819 3767 expe·

119 3810 246 3850 ranaum
273 3795 431 3866 quemdam
457 3794 575 3849 nomiae
598 3794 753 3867 ioannem,
770 3794 942 3850 advocatum
998 3798 1064 3850 tunt
1075 3799 1231 3866 pastorem,
1243 3808 1330 3865 quern
1342 3791 1423 3864 pium
1435 3792 1589 3846 senserant
1604 3792 1704 3844 contra
1720 3785 1819 3841 hostes

120 3884 351 3954 atrebatensem,
367 3883 396 3938 ia
412 3881 582 3955 conjugium
599 3883 654 3939 sibi
670 3882 824 3955 copulavit,
840 3901 943 3940 saum·
999 3888 1189 3956 protectorem
1200 3873 1821 3952 ,sciunteumrnpacibusnoncederelupie,

119 3989 177 4044 que
193 3976 222 4028 et
237 3972 289 4027 frlii
300 3972 346 4028 sai
359 3975 483 4028 tutorem
493 3989 557 4028 esse
567 3971 731 4028 constituit.
746 3971 835 4028 filius
846 3977 944 4029 autem
999 3988 1087 4046 quem
1094 3971 1213 4028 Gerardi
1224 3975 1252 4026 et
1261 3969 1822 4038 loannisereteroramquetyrannorum

120 4060 171 4118 ille
186 4078 253 4117 mcx
267 4067 391 4118 mortem
416 4060 497 4132 obiit,
519 4062 681 4118 secundum
707 4061 784 4134 qaod
799 4061 944 4135 scriptam
999 4079 1057 4117 noa
1072 4060 1195 4117 cessisse
1211 4063 1350 4115 noverant
1364 4056 1464 4113 armis.
1483 4054 1576 4128 lgitur
1589 4053 1653 4126 pari
1664 4067 1821 4120 consensu,

120 4154 186 4206 eet:
204 4152 338 4222 Coqnctrc
351 4152 500 4223 impiorum
511 4151 615 4222 peribit
633 4151 726 4221 (Pron.
742 4166 771 4218 x,
786 4151 842 4220 28).
858 4151 945 4207 loan-
1000 4149 1089 4208 simili
1112 4147 1243 4215 coasilio,
1265 4162 1395 4203 consona
1417 4161 1486 4201 saoce
1507 4142 1636 4201 ordinari
1662 4140 1718 4198 sibi
1733 4142 1821 4212 depo·

122 4239 945 4311 pesaatemsatagebatquecunquepeteratpoetmertem
1000 4243 1088 4295 scunt
1102 4238 1283 4310 episcopam,
1301 4251 1389 4308 quem
1410 4233 1528 4306 plenum
1543 4233 1649 4305 pietate
1664 4234 1692 4286 et
1707 4226 1824 4285 miseri·

120 4327 247 4400 privigni
263 4326 480 4384 castellaturam
497 4324 553 4382 sibi
577 4328 785 4392 transducere,
807 4325 885 4396 quud
902 4325 948 4381 lex
1001 4328 1101 4383 cordis
1114 4327 1258 4382 hactenus
1272 4324 1435 4380 habuerant
1445 4318 1827 4388 archidiaconumrjustaar

120 4415 206 4472 nulla
220 4416 425 4490 permittebat:
442 4415 579 4471 obstabat
589 4414 710 4486 insuper
720 4417 815 4469 rector
828 4413 947 4484 sapien·
1001 4415 1109 4486 quippe
1121 4415 1214 4469 fuerat
1223 4416 1255 4466 ut
1265 4411 1314 4465 ubi
1326 4412 1426 4466 devote
1434 4409 1620 4477 militaverat,
1633 4405 1741 4461 ibidem
1754 4419 1824 4474 pra·

120 4504 269 4571 tissimus,
280 4505 326 4561 cai
341 4505 500 4576 subrepere
514 4501 615 4560 nullus
630 4507 742 4575 poterat
756 4501 852 4558 dolus.
866 4500 947 4558 Unde
963 4525 985 4590 D
1002 4501 1140 4558 motionis
1155 4498 1271 4556 culmea
1297 4497 1459 4564 obtineret;
1477 4494 1527 4551 sed
1551 4511 1584 4550 eo
1599 4490 1824 4560 contradicente,

120 4595 256 4651 confictis
272 4594 370 4650 causis
384 4597 513 4650 loannes
522 4591 693 4648 inimicitias
705 4591 730 4647 ei
742 4590 946 4657 insimulabat,
1003 4585 1409 4660 simulhamanrefrsgilitatis
1420 4578 1826 4640 multimodadiscrimiaasa·

122 4683 483 4754 quinetiameimcrtem
508 4680 682 4738 collaturum
705 4679 852 4752 plerisque
867 4696 948 4736 reve·
1003 4679 1116 4753 pientur
1145 4681 1319 4749 opponente,
1346 4674 1470 4745 capitur,
1500 4669 1636 4734 trabitur,
1665 4662 1825 4739 pontificali

121 4771 222 4837 labat;
240 4773 289 4828 sed
308 4771 447 4844 quoniam
467 4772 568 4842 justas
592 4770 620 4824 in
639 4771 694 4826 beo
719 4769 850 4837 confidit,
867 4767 948 4841 parvi
1003 4769 1107 4824 throno
1120 4764 1256 4821 sublimis
1268 4757 1668 4819 exaltetur.Victusliberalis
1681 4752 1827 4810 archidia-

121 4860 271 4933 peadebet
284 4860 407 4933 signifer
418 4860 522 4916 matris
533 4859 667 4915 Ecclesia
678 4856 947 4929 coasiliameligni·
1003 4873 1095 4914 conae
1112 4853 1198 4910 modo
1215 4851 1361 4925 precibus,
1384 4851 1470 4906 modo
1493 4847 1614 4914 ratione,
1631 4861 1687 4900 aon
1704 4843 1767 4899 siae
1781 4839 1827 4898 la·

120 4949 204 5020 tatis,
219 4949 341 5022 implere
356 4950 478 5006 studens
488 4964 574 5022 opere
587 4964 672 5020 quern
684 4947 818 5020 gestabat
829 4946 949 5002 nomiae
1004 4943 1110 5018 crymis
1127 4941 1215 4998 cessit
1227 4945 1397 5014 precantum
1410 4939 1495 5005 votis3
1512 4938 1545 4991 frt
1559 4934 1700 5008 gaudium
1716 4929 1828 5030 celebre

121 5043 269 5110 “098³um
285 5038 439 5095 libellati&
1004 5033 1114 5107 pariter
1125 5028 1354 5086 consonantibus
1366 5027 1470 5101 siguis,
1481 5024 1571 5081 divini
1581 5026 1729 5095 respectae
1740 5032 1829 5074 mise·

445 5146 561 5203 CAPUT
581 5145 629 5200 lx,
1004 5120 1160 5178 ricordiam
1178 5117 1367 5174 laudantibus
1381 5114 1504 5171 cunctis.
1520 5113 1621 5185 Neque
1637 5106 1830 5183 parvipende-

122 5237 213 5305 Qucm
238 5241 350 5294 strenue
377 5245 403 5293 ct
423 5235 574 5307 prudenter
601 5233 757 5290 lietbertus
773 5235 879 5288 Nouem
895 5230 950 5287 Co·
1004 5212 1076 5267 bant
1091 5225 1156 5266 ⁸0⁸0
1171 5207 1292 5307 adelfi&
1316 5206 1392 5278 ‘tUOd
1412 5203 1576 5302 P⁰²feffll¹l²
1602 5198 1706 5297 mefst⁰
1721 5195 1831 5295 ‘lufflll‘⁰

391 5308 502 5364 clettam
516 5305 682 5362 custodierit.
1005 5297 1210 5373 gratulabatur
1225 5312 1274 5367 qur
1290 5311 1341 5367 per
1356 5294 1445 5349 Deam
1461 5292 1530 5347 bom
1546 5292 1672 5362 pastores
1687 5284 1830 5342 electione

162 5399 275 5455 Interea
284 5397 391 5470 praesul
401 5395 618 5461 infirmabatur,
630 5398 735 5450 etcum
745 5391 840 5448 atatis
852 5392 950 5447 decre·
1005 5385 1238 5462 gratulabantur.
1255 5381 1317 5437 Non
1333 5382 1410 5437 enim
1426 5379 1480 5435 viri
1495 5378 1617 5434 uirtutes
1639 5380 1667 5432 et
1678 5372 1829 5474 justitiam

123 5487 194 5565 pitae
204 5487 341 5545 molestia
351 5485 440 5543 febris
451 5489 542 5542 acuta
553 5481 721 5541 valetudine
731 5481 902 5554 angebatur,
912 5479 953 5537 ita
1006 5473 1106 5551 populi
1119 5472 1260 5529 noverant
1270 5470 1356 5537 fama,
1369 5468 1419 5524 sed
1430 5467 1509 5523 dicto
1522 5464 1655 5522 crebrius
1664 5463 1694 5520 ia
1705 5477 1769 5519 sare
1778 5474 1830 5516 ue·
1938 5556 1941 5563 Ι

125 5580 278 5638 alstemo
288 5592 344 5635 sua
354 5575 411 5635 atsi
421 5573 542 5634 uanus
553 5569 865 5649 manibueasportatas
874 5567 953 5633 exire
1007 5561 1197 5626 caecitatibus
1212 5560 1365 5625 senserant
1387 5554 1575 5643 experientip.
1600 5556 1673 5627 Cqm
1691 5547 1841 5642 taudtbue
