3892 6096
113 314 177 389 'ssa
800 334 915 397 nisan
936 330 1142 402 vistouuu.
1762 324 1823 403 att

151 456 265 517 Interea
277 458 422 518 referebat
435 476 467 519 se
481 462 567 535 quasi
582 462 613 521 in
627 462 817 526 interioribus
836 468 866 525 in
888 469 943 528 hoc
956 468 984 539 Α
998 469 1258 529 cfficiodeiunctus
1268 471 1389 544 astque
1400 470 1533 546 speciosa
1547 469 1636 529 nimis
1650 472 1680 529 et
1693 470 1822 530 iormosa

114 548 228 606 mando
239 548 351 607 aidisse
360 550 463 624 igneos
473 557 576 626 puteos
587 553 763 613 horrendam
775 563 943 617 eructantes
997 575 1062 616 csse
1077 559 1140 617 visa
1153 564 1207 629 est,
1224 578 1312 634 quam
1329 558 1450 635 maligni
1461 561 1583 634 spiritus
1595 562 1741 635 rapientes
1751 578 1820 619 oon·

114 639 268 695 dammam
288 637 432 712 plurimos
456 645 485 697 et
507 650 680 717 erumpente
703 650 779 705 tetre
804 648 944 706 terribilis
995 649 1822 725 tendebantsortisaorumatconditionialaissaliespon·

114 728 239 784 damma
265 727 343 801 ignis
367 727 515 800 volitasse,
539 738 567 789 et
588 734 763 792 miserorum
788 737 943 794 hominum
998 738 1341 812 ditcrgounnsexchoro
1357 740 1821 814 angelorumdicens:0stendam

113 817 250 890 spiritus,
264 816 296 873 in
308 817 502 877 similitudine
513 822 665 896 nigrarum
680 824 778 882 avium
792 843 844 899 per
857 828 941 884 tlem-
997 828 1081 885 vohis
1091 829 1160 896 cito,
1172 828 1330 886 miserrimi
1340 829 1546 903 spiritus,quia
1555 833 1657 886 vestra
1667 828 1822 901 potestatis

114 922 195 963 mam
208 905 370 979 plorantes,
385 911 414 965 et
437 909 595 978 ululantes,
611 918 638 969 et
657 915 754 971 verbis
764 920 793 972 et
804 932 873 972 voce
886 917 941 972 hu·
998 916 1099 973 anima
1114 917 1164 973 ille
1178 918 1320 991 probetur
1334 935 1392 974 nen
1407 935 1482 975 esse.
1496 916 1586 973 'bithis
1601 918 1687 974 dictis
1702 921 1822 990 repente

114 1000 205 1053 mana
220 995 422 1066 stridentes,et
432 998 565 1072 lugentes
581 1003 699 1076 proprie
714 1005 819 1061 merita
834 1010 862 1062 et
873 1023 942 1079 pra·
998 1006 1155 1064 intervenit
1175 1024 1282 1081 magna
1305 1007 1409 1064 cohors
1435 1007 1626 1063 candidarum
1643 1005 1821 1075 animarum,

114 1100 185 1143 sens
199 1083 393 1159 supplicium,
404 1089 573 1146 consedisse
588 1091 739 1163 paululum
755 1092 897 1153 horrentes
912 1096 941 1153 in
999 1113 1062 1169 quae
1078 1096 1214 1153 dicebant
1230 1115 1237 1152 τ
1253 1097 1357 1155 Senior
1371 1102 1400 1154 et
1415 1097 1516 1153 doctor
1530 1101 1629 1154 noster
1642 1095 1698 1151 fuit
1712 1095 1777 1161 iste,
1792 1099 1822 1152 et

114 1175 303 1248 marginibus
318 1180 521 1250 puteorum,et
531 1179 638 1237 iterum
648 1182 791 1254 ejulantes
802 1185 943 1243 cecidisse
998 1202 1051 1242 nos
1065 1202 1166 1242 omnes
1182 1203 1236 1244 suo
1251 1186 1418 1259 magisterio
1433 1185 1565 1242 lucratus
1580 1189 1625 1242 ast
1640 1184 1710 1252 Deo,
1723 1189 1752 1241 et
1766 1184 1821 1241 hoc

112 1263 145 1321 in
159 1268 277 1337 puteos.
289 1264 325 1320 lit
335 1282 413 1322 unus
424 1282 457 1323 ex
470 1268 582 1341 angelis
593 1270 665 1326 dixit
677 1289 683 1327 :
695 1270 872 1330 Par'vissima
882 1274 942 1333 hac
997 1275 1089 1348 pretio
1105 1276 1275 1348 redemptus
1289 1280 1334 1332 est
1348 1279 1377 1332 et
1391 1274 1479 1332 vestri
1487 1275 1564 1348 juris
1574 1291 1633 1332 non
1644 1290 1708 1331 esse
1719 1274 1821 1348 digno·

112 1353 234 1426 requies
246 1352 634 1430 indicatqulaemnipotens
653 1359 731 1417 Deus
746 1360 775 1417 in
792 1363 839 1420 die
852 1364 943 1421 iuturi
997 1364 1099 1421 scitur.
1111 1365 1147 1420 Et
1161 1364 1246 1438 quasi
1262 1382 1330 1421 cum
1346 1364 1457 1439 angelis
1477 1369 1579 1421 contra
1602 1365 1750 1421 daemones
1765 1380 1819 1437 pn·

111 1440 943 1525 ludiciihisenimabusretrigsriumsuppliciietrequiern
997 1469 1086 1526 gnam
1101 1453 1221 1520 inirent,
1235 1458 1264 1511 at
1278 1454 1456 1512 adminiculo
1471 1453 1641 1527 angelorum
1663 1452 1821 1526 eripientes

113 1534 289 1605 perpetuam
305 1532 491 1604 prestiturus
511 1539 567 1592 est.
582 1536 643 1593 Sub
659 1536 718 1595 illis
733 1543 831 1596 autem
847 1542 943 1614 puteis
997 1540 1080 1599 illam
1095 1544 1225 1600 animam
1241 1545 1277 1601 de
1291 1548 1434 1617 potestate
1449 1542 1645 1617 malignorum
1660 1542 1820 1617 spirituum

113 1619 212 1677 'adhuc
228 1620 259 1676 in
276 1620 465 1679 interioribus
479 1627 508 1681 et
522 1624 553 1680 in
567 1624 627 1684 imo
642 1627 799 1699 profundo,
815 1630 899 1702 qnasi
913 1629 943 1687 in
996 1630 1240 1690 liberaveruntllt
1255 1638 1326 1690 tunc
1347 1634 1502 1706 increpans
1526 1630 1649 1707 angelus
1674 1632 1821 1689 demones

113 1708 230 1767 inferno
240 1709 371 1767 interiori
383 1711 494 1769 audivit
503 1712 694 1785 horrendum,
710 1722 739 1773 at
756 1719 942 1776 tremendum
997 1720 1069 1777 dixit
1094 1739 1101 1778 ε
1126 1722 1232 1778 Scitote
1256 1721 1344 1779 modo
1372 1725 1400 1778 et
1422 1720 1578 1794 intelligite
1597 1719 1675 1794 quod
1690 1720 1821 1778 animam

115 1798 237 1857 'etdictu
250 1798 399 1856 difficilem
411 1803 544 1874 genitum
557 1805 697 1861 cttletnm
707 1806 870 1880 lugentium
880 1809 942 1865 ani·
998 1809 1087 1867 istam
1103 1811 1166 1868 sine
1176 1813 1245 1884 jure
1258 1810 1410 1884 rapuistis,
1435 1815 1464 1867 et
1487 1808 1637 1882 discedite,
1663 1809 1821 1867 miserrimi

114 1888 284 1945 marnmd'd
296 1888 370 1945 dixit
379 1888 406 1946 ei
420 1891 542 1964 angelus
555 1911 561 1949 :
573 1894 707 1951 Murmur
717 1899 744 1952 et
757 1896 943 1971 tlctus‚qnem
998 1899 1132 1973 spiritus,
1146 1900 1176 1956 in
1191 1900 1289 1974 ignem
1304 1905 1455 1957 aternum.
1467 1900 1539 1957 Cum
1553 1915 1619 1955 vero
1635 1898 1690 1956 hoc
1700 1898 1822 1955 dixisset

114 1976 145 2034 ln
158 1976 353 2036 inferioribus
376 1980 471 2046 audis,
497 1979 617 2039 illarum
642 1988 687 2040 est
710 1985 886 2056 animarum,
908 1988 943 2044 ad
998 1989 1131 2062 angelus,
1148 1988 1225 2046 illico
1236 1989 1357 2064 maligni
1368 1989 1490 2062 spiritus
1499 1988 1779 2046 lavaverunttletum
1793 1991 1823 2045 et

115 2082 189 2142 quas
204 2082 359 2140 nunqnam
375 2068 424 2142 pia
440 2070 590 2129 miseratio
605 2073 720 2130 Domini
732 2076 943 2148 perveniet,scd
998 2077 1146 2135 ululatum
1168 2094 1308 2153 magnum
1323 2080 1353 2134 in
1369 2082 1528 2150 momento,
1551 2082 1580 2135 et
1600 2077 1683 2152 qnasi
1708 2078 1738 2133 in
1760 2076 1821 2134 ictu

116 2162 225 2215 eterna
238 2156 306 2214 illas
321 2158 442 2216 ilamma
458 2160 522 2216 sins
536 2161 595 2217 fine
611 2163 765 2220 cruciabit.
999 2166 1076 2225 oculi
1093 2168 1201 2240 pernici
1220 2167 1316 2225 volatu
1329 2168 1484 2240 jactabant
1507 2184 1538 2224 sa
1562 2167 1591 2222 in
1617 2183 1707 2240 supra
1727 2166 1822 2224 dictos

148 2244 233 2303 Vidit
257 2262 374 2320 quoque
396 2248 476 2304 miras
500 2251 677 2308 amoenitatis
701 2252 809 2323 locum,
832 2254 861 2311 in
886 2273 945 2329 quo
999 2262 1103 2330 puteos
1117 2255 1821 2330 ignisardentis.iitpostmodicumintervallum

115 2334 385 2479 pulcherrimorum
395 2336 550 2395 hominum
562 2340 690 2414 gloriosa
700 2342 859 2401 multitudo
870 2344 944 2402 rniro
999 2347 1106 2403 emersi
1122 2351 1266 2404 certantes
1281 2347 1311 2402 in
1327 2345 1377 2403 illo
1392 2350 1533 2403 conventu
1544 2345 1651 2402 iterum
1667 2346 1702 2401 de
1713 2344 1824 2403 anima-

127 2424 273 2481 etabatur
286 2425 406 2498 gaudio,
419 2427 469 2500 qni
485 2445 553 2484 eum
568 2429 730 2487 invitabant
745 2436 777 2488 ut
792 2434 828 2489 ad
844 2450 945 2490 eorum
999 2453 1066 2492 rum
1082 2435 1195 2493 meritis
1210 2435 1415 2509 disputabant;
1427 2440 1455 2491 et
1465 2435 1645 2492 diversorum
1657 2432 1822 2491 maritaba-

117 2513 267 2587 gxudia,si
282 2514 308 2571 ei
318 2512 433 2571 licitum
444 2516 558 2588 luisset,
573 2535 640 2575 cum
651 2520 694 2576 eis
703 2520 859 2595 gavisurus
869 2523 946 2579 veni·
1000 2523 1115 2581 minum
1127 2524 1157 2580 in
1171 2522 1295 2580 hacvita
1309 2523 1554 2580 commorantium
1565 2522 1680 2579 dicebat
1689 2538 1721 2578 se
1730 2521 1780 2578 illo
1792 2521 1822 2580 in

117 2604 168 2659 ist.
183 2601 222 2659 st
236 2602 307 2660 inde
328 2604 410 2661 mira
434 2604 598 2663 dulcedinis
623 2608 778 2683 llagrantia
800 2612 944 2680 veniebat,
1000 2617 1131 2687 tempore
1145 2613 1290 2686 speculari
1305 2613 1436 2686 potuisse
1450 2617 1479 2669 et
1492 2610 1570 2679 illos,
1590 2611 1641 2684 qui
1663 2608 1824 2668 sceleribus

118 2702 179 2763 quas
195 2691 353 2749 beatorum
368 2693 485 2751 habitus
501 2695 565 2767 luit,
577 2696 617 2752 ibi
629 2698 878 2771 congaudentium
888 2701 946 2774 spi·
1000 2700 1117 2758 obnoxii
1133 2719 1190 2758 non
1207 2702 1326 2759 fuerunt
1339 2708 1369 2759 et
1381 2701 1442 2775 qui,
1452 2699 1562 2757 sanctis
1576 2700 1735 2757 virtutibus
1746 2700 1824 2771 irati,

117 2780 241 2850 rituum,
272 2796 360 2854 quem
382 2781 481 2840 locum
510 2786 605 2843 sancti
635 2786 731 2861 angeli
758 2788 946 2847 aitirmabant
999 2789 1397 2864 propitiumomnipotentem
1411 2788 1826 2847 Dominumhahuiasenosce-

117 2868 265 2927 iamosnm
283 2886 348 2929 esse
364 2871 606 2947 Deiparadisnm.
627 2875 759 2934 Necnon
775 2882 803 2935 at
824 2880 945 2952 igneum
1000 2879 1117 2946 bantur,
1133 2878 1246 2952 angelis
1261 2896 1378 2953 semper
1402 2883 1481 2936 tutos
1507 2896 1540 2936 ac
1564 2878 1710 2948 defensos,
1730 2881 1758 2933 et
1781 2878 1824 2934 eis

117 2956 293 3034 piceumque
308 2960 431 3030 ilumen,
446 2962 573 3021 bulliens
588 2969 617 3021 et
632 2967 833 3038 ardens,mira
844 2970 945 3025 lormi-
1001 2967 1142 3025 charitate
1157 2973 1186 3024 et
1200 2968 1419 3043 propinquitate
1442 2967 1612 3040 conjunctos
1634 2967 1741 3034 luisse;
1764 2964 1824 3024 illis

116 3049 195 3106 dinis
209 3054 240 3106 et
253 3050 401 3107 teterrinae
427 3053 548 3110 visionis
573 3056 740 3120 cernebam,
757 3072 846 3130 super
867 3058 944 3130 quod
999 3056 1130 3128 varo,qui
1146 3057 1281 3114 nefandis
1296 3057 1471 3115 criminibus
1485 3062 1514 3114 et
1525 3055 1750 3113 maculatavite
1761 3072 1823 3112 snr-

116 3134 246 3213 ilgnum,
259 3139 440 3213 pentiselea,
457 3142 585 3215 positum
602 3148 675 3211 erat,
690 3145 727 3201 ad
743 3144 822 3218 quod
837 3152 945 3204 sancta
1000 3144 1088 3201 dibus
1098 3144 1202 3218 polluti
1213 3146 1545 3218 luerunt‚adversarium
1560 3145 1695 3216 spiritum
1706 3144 1826 3201 assidue

118 3226 312 3303 'gloriosaque
323 3229 426 3287 anime
438 3231 475 3287 ab
486 3231 711 3291 illoseoadentes
722 3240 866 3292 conventu
878 3254 947 3309 pro·
962 3216 985 3291 fl
1003 3233 1147 3292 sociatum
1163 3237 1192 3291 et
1205 3234 1365 3307 semperad
1376 3234 1667 3291 scelerasuadentem
1678 3231 1780 3301 luisse,
1796 3233 1826 3287 et

118 3316 421 3391 parabantoeattario
432 3320 554 3377 alterius
564 3321 633 3395 ripae
644 3322 769 3380 transire
781 3325 944 3397 cupientes.
1001 3323 1236 3395 quandocunque
1258 3322 1345 3379 verbo
1367 3321 1411 3378 vel
1440 3322 1515 3378 facto
1545 3324 1745 3393 peccaverunt,
1770 3318 1826 3375 hoo

116 3404 154 3462 st
171 3405 310 3479 quadam
324 3423 379 3465 non
394 3409 556 3467 titubantes
572 3415 741 3469 constanter
760 3414 945 3485 transibant3
999 3412 1110 3485 jugiter
1124 3410 1209 3485 quasi
1223 3411 1259 3467 ad
1270 3410 1401 3466 letitiam
1412 3414 1441 3466 et
1450 3408 1591 3482 gaudium
1602 3406 1668 3464 aliis
1678 3406 1824 3479 nequissi-

119 3494 258 3568 qnaedam
271 3510 338 3553 varo
350 3496 500 3556 labefacta
516 3500 553 3556 de
566 3499 646 3574 ligno
657 3502 802 3559 cadebant
816 3503 847 3558 in
860 3506 948 3561 tarta·
1002 3501 1058 3557 mis
1069 3499 1223 3574 spiritibus
1234 3500 1264 3555 in
1276 3499 1407 3556 medinm
1419 3497 1569 3570 proterens
1580 3492 1826 3553 manifestavitiit

122 3600 203 3642 mum
220 3586 346 3656 ilumen,
362 3590 391 3644 st
406 3586 469 3644 alia
484 3589 674 3662 tingebantur
689 3607 763 3664 pene
786 3591 871 3664 quasi
887 3594 947 3650 toto
1001 3590 1118 3662 quando
1134 3590 1222 3645 horno
1237 3588 1377 3661 peccavit,
1394 3601 1581 3659 nequaquem
1601 3583 1750 3657 malignus
1764 3582 1824 3656 spi-

124 3689 241 3749 corpora
255 3692 379 3746 maram
395 3676 458 3734 alia
469 3682 568 3736 autem
579 3696 613 3735 ex
623 3683 705 3752 parte
716 3681 843 3752 quadam
858 3680 947 3738 veluti
1002 3680 1077 3735 ritus
1092 3678 1244 3748 sustinuit,
1261 3694 1373 3733 moram
1388 3676 1498 3734 iaciens
1512 3672 1717 3748 exspectando,
1734 3672 1826 3730 donec

126 3779 215 3836 nsque
244 3765 281 3822 ad
308 3781 419 3839 genua;
445 3767 578 3840 quadam
604 3786 697 3841 usque
726 3768 762 3825 ad
792 3769 947 3839 medium;
1001 3768 1108 3825 iterum
1129 3771 1272 3840 peccaret,
1288 3767 1338 3824 aad
1354 3764 1526 3841 singillatim
1541 3763 1773 3836 unumquodque
1787 3762 1827 3818 vi·

127 3846 254 3924 quadam
265 3870 334 3912 varo
344 3872 437 3929 usque
447 3857 484 3913 ad
495 3855 647 3927 ascellam
660 3862 689 3914 et
699 3861 798 3915 tamen
810 3877 947 3932 unaque·
1002 3858 1077 3913 tium
1094 3856 1130 3912 ad
1145 3856 1280 3912 notitiem
1299 3854 1423 3912 aliorum
1445 3853 1602 3927 spirituum
1627 3851 1780 3920 offerebat;
1797 3854 1827 3907 at

129 3957 174 4013 qne
186 3944 357 4002 cadentium
373 3943 466 4003 multo
481 3946 586 4003 clarior
610 3946 827 4020 speciosiorque
841 3948 877 4005 de
892 3948 948 4005 tlu-
1002 3945 1100 4003 subito
1115 3946 1193 4018 apud
1209 3945 1358 4001 hominem
1373 3947 1492 4017 peccata
1505 3940 1599 4001 suasit
1611 3944 1640 3998 et
1655 3938 1732 3998 illico
1748 3939 1826 4013 apud

130 4030 197 4089 bine
209 4031 241 4088 in
258 4032 380 4090 aiteram
395 4034 591 4092 descendebat
605 4037 699 4108 ripam
715 4053 805 4109 quam
820 4037 903 4110 prius
917 4038 947 4094 in
1002 4036 1150 4092 demones
1163 4037 1328 4107 perpetrata
1338 4032 1559 4090 demonstravit.

131 4118 235 4191 picem
243 4120 376 4180 bulliens
387 4124 541 4181 cecidisset
551 4124 711 4182 ilumenEt
722 4143 800 4183 unus
810 4126 948 4184 exbeatis
1039 4126 1152 4180 Interea
1165 4123 1294 4179 narravit
1308 4139 1339 4180 se
1353 4123 1461 4179 vidisse
1477 4120 1605 4195 puellam
1621 4116 1780 4192 quamdam
1797 4117 1828 4175 in

133 4209 231 4283 engeis
243 4212 281 4269 de
293 4210 353 4270 illis
364 4212 538 4271 cadentibus
549 4215 788 4272 animabusdixit
800 4231 807 4271 :
819 4214 867 4271 lim
878 4220 949 4273 sunt
1001 4211 1057 4269 hac
1071 4217 1188 4270 terrena
1201 4212 1260 4268 vita
1275 4212 1433 4269 molantem
1447 4212 1478 4267 in
1494 4209 1648 4283 molaque
1664 4208 1736 4266 vidit
1742 4206 1829 4280 Juxta

134 4299 236 4370 alma,
250 4318 317 4374 qna
332 4307 399 4375 post
413 4303 525 4360 exitum
541 4303 675 4361 mortalis
690 4303 754 4359 vita
769 4304 947 4376 quibusdam
1002 4319 1034 4360 sa
1049 4301 1170 4358 alterius
1185 4317 1289 4358 novam
1310 4300 1415 4368 colam,
1439 4299 1593 4373 sculptura
1616 4298 1775 4365 variatam,
1800 4301 1829 4353 et

134 4376 232 4447 tonus
246 4389 330 4447 vitiis
344 4408 403 4448 non
419 4393 540 4449 omnino
551 4394 586 4450 ad
598 4408 705 4466 purum
721 4391 839 4449 abolitis
850 4392 949 4466 aliqua
1002 4389 1126 4466 pulchra
1140 4392 1166 4448 ei
1181 4392 1244 4447 visa
1259 4390 1327 4458 luit;
1344 4394 1373 4446 et
1388 4390 1484 4445 iurata
1497 4392 1543 4445 est
1557 4388 1732 4443 illam.Tunc
1743 4385 1827 4456 quasi

135 4472 172 4543 tte
183 4476 351 4537 miserentis
368 4480 418 4537 Dei
438 4480 631 4555 castigatione
645 4481 824 4555 indigebant,
841 4485 875 4538 ut
890 4482 948 4538 Deo
1002 4478 1115 4554 ingenti
1131 4480 1238 4553 gaudio
1262 4477 1363 4552 repleti
1388 4478 1518 4551 quinque
1533 4474 1676 4533 teterrimi
1692 4472 1826 4548 spiritns,

136 4554 208 4637 liudo
221 4566 518 4627 offerantquiltcirca
532 4569 603 4627 illud
621 4568 731 4627 flumen
743 4569 949 4642 speculabatur
963 4589 987 4656 D
1003 4569 1058 4627 hoo
1074 4570 1185 4626 lurtum
1201 4568 1267 4625 aliis
1281 4568 1310 4624 in
1327 4565 1377 4623 illo
1392 4561 1826 4633 reserabantconventu,tastiti-

137 4658 221 4712 ltttros
236 4654 396 4730 ltrlgentes,
411 4656 569 4715 clarissimi
595 4658 771 4731 splendoris,
796 4660 948 4733 stupendae
1004 4662 1103 4717 cantas
1114 4658 1195 4715 illam
1208 4658 1277 4714 lurti
1290 4673 1369 4713 ream
1380 4660 1409 4712 et
1418 4653 1608 4728 peccatricem
1619 4648 1828 4708 inisselntnlit

136 4724 314 4818 longitudinis
328 4750 357 4803 et
372 4746 536 4804 altitudinis
550 4747 712 4811 immensa.
725 4752 754 4804 et
767 4752 884 4806 sanctos
895 4767 948 4806 an·
1002 4764 1119 4821 quoque
1134 4746 1239 4803 ethaeo
1256 4763 1262 4801 ε
1280 4745 1388 4802 Fratris
1403 4743 1569 4815 cujusdam,
1585 4740 1636 4815 qui
1649 4740 1737 4814 paula
1760 4743 1829 4797 ante

136 4822 201 4903 telos
214 4834 326 4893 dixisse
342 4851 349 4891 ε
365 4838 432 4892 Hac
447 4839 492 4892 ast
506 4835 585 4893 anim
608 4834 660 4893 illa
681 4841 783 4894 sancta
798 4842 826 4894 et
839 4837 948 4912 inclyta
1003 4836 1158 4893 deidnctus
1169 4834 1478 4904 est,animamtristem
1488 4829 1732 4895 ihividebam‚cui
1743 4830 1829 4886 antea

69 4904 74 5009 i
135 4916 221 4981 haas
231 4923 362 4983 caelestis
370 4924 597 4997 Hierusalem,in
606 4926 732 5000 queistae
741 4928 949 5001 perpetualiter
1002 4925 1110 5000 ipsein
1127 4924 1298 4981 intirmitate
1314 4922 1408 4980 exitus
1419 4922 1466 4979 sui
1477 4920 1639 4979 ministravi
1651 4923 1680 4977 et
1690 4917 1828 4992 exsequia

69 5020 71 5039 ²
133 5014 225 5071 “deth
247 5014 421 5089 gaudebunt
443 5015 643 5073 animalitas
667 5016 768 5089 itaque
786 5018 900 5074 animas
919 5020 949 5073 et
1003 5016 1125 5090 prebui.
1142 5014 1196 5081 Qui
1212 5013 1286 5070 mihi
1300 5013 1429 5070 moriens
1445 5009 1582 5085 pracepit
1596 5014 1629 5066 ut
1643 5008 1725 5066 tratri
1748 5006 1829 5065 illius

69 5118 71 5127 ·
130 5094 207 5159 itlius
220 5101 357 5176 gloriose
371 5104 497 5162 civitatis
512 5105 661 5174 muros,ad
676 5121 765 5177 quam
776 5110 948 5179 posttrans-
1003 5121 1143 5180 germano
1157 5102 1254 5160 verbis
1270 5100 1350 5159 illius
1365 5101 1527 5159 testificans
1550 5098 1770 5167 demandarem,
1795 5096 1829 5152 ut

129 5182 193 5249 itm
208 5190 345 5251 hominis
357 5192 546 5261 festinabant,
557 5199 618 5251 tam
634 5210 742 5269 magne
756 5196 893 5253 immensi
903 5196 948 5253 lu·
1003 5193 1139 5252 ancillam
1153 5194 1416 5265 quemdamquarn
1431 5191 1460 5246 in
1476 5192 1619 5262 potestate
1632 5184 1829 5244 communiter

129 5274 212 5338 minis
227 5280 363 5340 claritate
377 5286 406 5340 at
419 5283 531 5359 fulgore
542 5282 731 5357 splendentes
745 5300 809 5342 essa
823 5284 905 5353 dixit,
917 5288 950 5341 ut
1003 5284 1204 5359 possederant,
1229 5298 1281 5355 pro
1305 5280 1405 5337 anima
1429 5282 1493 5351 ejus
1517 5277 1748 5334 manumitteret.
1770 5274 1827 5331 Sed

128 5370 317 5430 merberath
341 5370 494 5431 oculorum
509 5373 629 5447 pupillis
639 5389 698 5446 pra
710 5373 801 5431 nimio
812 5374 948 5446 splendo·
1003 5388 1161 5446 germanus
1172 5369 1372 5442 ejus,averitia
1384 5365 1745 5441 impediente,petiti0nem
1762 5364 1827 5437 ejus

123 5468 152 5516 re
164 5460 195 5518 in
210 5472 262 5521 eos
277 5461 448 5522 nullatanus
463 5463 593 5538 aspicere
608 5462 761 5537 potuisset.
1003 5479 1060 5518 non
1077 5458 1224 5534 impiavit3
1240 5460 1319 5516 etde
1334 5458 1389 5514 hoc
1405 5474 1495 5530 supra
1505 5456 1583 5512 dicta
1598 5454 1697 5512 anima
1707 5469 1758 5528 per
1768 5452 1827 5509 elta

154 5548 292 5611 Narravit
305 5568 424 5627 quoque
439 5554 476 5610 ad
490 5552 576 5611 illum
592 5556 768 5611 conventum
784 5551 948 5609 intersitas
1002 5549 1132 5623 suspiria
1146 5565 1289 5606 accusans
1305 5549 1424 5604 tratrem
1447 5543 1595 5601 infidelem
1620 5548 1649 5601 at
1671 5543 1826 5616 increpans

118 5640 706 5716 teubasottlnsdatnhomlnisanimam,
722 5641 818 5714 quiin
834 5638 948 5700 abbatis
1003 5638 1129 5715 graviter
1151 5638 1337 5713 querebatur.
1359 5636 1394 5694 lit
1416 5632 1555 5693 similiter
1575 5634 1703 5693 testatus
1722 5633 1767 5688 ast
1789 5628 1826 5689 d's
