3892 6096
20 1040 23 1046 -
128 1001 192 1054 ceto
203 1001 233 1054 et
247 995 327 1069 gravi
343 995 454 1052 oileusa
477 994 526 1050 Dei
543 995 751 1051 administrare
767 1012 824 1051 non
840 999 949 1068 posset.

127 252 205 350 irs-1
705 282 908 347 caussari
931 280 1251 345 usasrnnunnsrs
1760 279 1830 345 uas

127 421 289 478 tationibus
305 416 466 474 fremebant
487 417 575 488 quod,
600 415 728 473 maximo
754 417 798 473 sui
825 409 953 491 piaculo,
967 417 995 484 Α
1011 415 1106 472 verbis
1120 413 1304 488 supplicibus
1318 431 1349 471 se
1363 429 1464 487 pacem
1476 410 1705 487 quambellum,
1717 411 1831 472 clemen·

128 511 252 567 minimo
267 508 307 563 rei
323 504 446 579 publica
468 504 667 577 emolimento,
691 523 798 563 manus
822 523 891 563 suas
907 505 953 541 ¹⁸⁸³
1006 505 1078 562 tiam
1094 505 1158 579 ejus
1186 521 1275 576 quam
1301 503 1532 577 indignationem
1557 503 1601 540 ¹⁴⁹¹
1630 518 1752 576 semper
1776 521 1830 561 ma·

128 597 252 655 innoxiae
267 594 361 668 plebis
376 593 520 669 sanguine
534 594 719 668 polluissent.
1005 593 1109 662 luisse,
1121 599 1149 650 et
1163 610 1227 650 earn
1244 594 1268 649 si
1284 593 1340 650 alio
1350 591 1447 668 precio
1459 609 1549 667 quam
1560 592 1687 666 proprio
1698 594 1832 666 sangnine

1007 683 1150 740 redimere
1170 681 1346 756 potuissent,
1371 699 1523 755 nunquam
1552 683 1590 739 ad
1621 680 1688 737 haec
1712 686 1832 739 extrem

1006 773 1141 829 audenda
1156 772 1389 845 experiendaque
1410 787 1602 843 processuros
1632 768 1748 840 ttriss03
1764 773 1830 844 quod

1006 862 1030 918 si
1046 860 1090 918 vel
1103 878 1182 918 nunc
1192 860 1296 918 saltem
1308 859 1493 935 postillatam
1508 859 1628 917 cladem
1641 859 1830 931 corejnstcti·

1006 951 1198 1024 gissetDeus,
1229 955 1261 1006 ut
1289 948 1507 1006 calamitatibus
1533 965 1644 1037 eqrum
1675 947 1830 1007 condoleret

1005 1056 1079 1113 quos
1090 1056 1163 1112 pene
1173 1055 1269 1112 usque
1280 1040 1327 1075 ¹²⁹⁹
1338 1039 1372 1096 ad
1383 1037 1605 1096 internitionem
1621 1037 1828 1111 prostravisset,

1006 1144 1037 1185 se
1052 1129 1106 1184 hoc
1121 1133 1271 1202 gratanter
1284 1128 1433 1201 amplecti,
1457 1132 1496 1196 et,
1513 1125 1704 1184 oblitteratis
1728 1127 1829 1185 scorta

1005 1233 1058 1273 suo
1074 1217 1212 1273 omnibus
1228 1216 1313 1273 malis
1329 1216 1436 1289 quibus
1452 1216 1481 1272 in
1501 1232 1553 1272 eos
1573 1215 1658 1272 iram
1682 1214 1829 1291 odiumque

1005 1322 1093 1362 suum
1107 1306 1261 1379 explesset,
1278 1306 1416 1379 deinceps
1429 1305 1455 1362 ei
1471 1305 1545 1362 lidos
1560 1305 1753 1378 devotusque
1765 1305 1829 1360 lutu-

163 731 223 787 Rex
237 729 300 803 ipse
315 746 405 802 quem
420 728 583 802 plurimum
598 729 753 786 verebatur
764 745 799 785 ns
810 728 905 799 miles,
921 729 951 783 in

126 819 243 877 irritum
260 818 317 875 lusi
329 818 401 875 tanti
410 818 563 890 sanguinis
575 818 730 890 poenitens,
742 816 891 891 religionis
903 815 952 873 ob-

127 911 209 966 tentu
221 907 359 987 deinceps
371 906 506 963 militiam
515 907 699 974 detrectaret,
712 923 800 978 quam
812 907 875 962 sine
885 922 950 978 pec-

126 1087 264 1144 Pessime
280 1084 320 1142 rei
335 1085 497 1157 pessimum
513 1084 700 1156 Mogontinus
715 1084 951 1157 archiepiscopus

126 1175 290 1232 remedium
299 1173 443 1230 adhibuit.
453 1172 636 1229 Collatocum
645 1173 746 1244 paucis
758 1173 951 1230 familiaribus

127 1263 204 1350 regis
219 1261 354 1331 consilio,
376 1265 495 1335 repente
520 1261 663 1334 processit
689 1263 719 1318 in
735 1261 897 1334 publicum,
922 1264 951 1318 et

126 1350 948 1427 principes'lhuringiae,necoanoniceadsinodnmevo·
1006 1411 1073 1452 ms·
1092 1393 1402 1452 siautemhoouliter
1433 1410 1500 1450 uam
1532 1391 1828 1450 erdedicionemffl

128 1443 219 1510 catos,
236 1456 288 1497 nec
300 1439 425 1497 sinodali
434 1439 585 1496 audientia
595 1441 758 1496 seeundum
773 1439 949 1497 ecclesiasti·
1068 1439 1074 1464 ’
1412 1411 1429 1466 q
1512 1411 1530 1465 p

128 1547 177 1587 cas
187 1530 266 1604 leges
279 1530 430 1586 discussos
441 1528 584 1602 precipiti
594 1529 739 1586 sententia
749 1529 949 1585 excommuni-
1004 1483 1567 1639 ξὲἓθρὲῑὲῗξῃοὲοἳὶῗὲξηῗὴῗξῒᾏῖἒῐὶξξ
1576 1481 1830 1644 {dagam

1004 1660 1121 1731 publica
1147 1665 1338 1732 morerentur,
1360 1677 1448 1734 quam
1476 1659 1569 1717 dediti
1601 1660 1666 1715 ritu
1697 1661 1829 1732 pecudum

963 1782 988 1847 B
999 1749 1219 1823 jugularentur,
1234 1748 1278 1805 vel
1302 1749 1352 1805 diu
1380 1749 1410 1804 iu
1426 1749 1560 1806 custodia
1592 1746 1706 1818 babiti,
1724 1747 1829 1823 insuper

1004 1840 1080 1895 fame
1104 1844 1132 1896 et
1156 1839 1206 1895 siti
1224 1837 1349 1912 aliisque
1372 1836 1551 1893 cruciatibus
1586 1837 1750 1906 macerati,
1763 1839 1828 1894 omni

1003 1933 1096 1985 morte
1107 1929 1265 1984 tristiorem
1275 1930 1364 1985 vitam
1373 1926 1529 1999 exigerent.
1539 1926 1587 1982 Ad
1598 1925 1748 1982 ultimum
1756 1926 1827 1998 jussu

1003 2018 1079 2091 regis
1104 2017 1251 2091 proiectus
1277 2015 1491 2089 estepisccpus
1516 2015 1723 2088 Mogontinus
1747 2014 1828 2073 etabi

126 2150 246 2205 adortus
261 2148 376 2220 luisset,
402 2148 519 2220 quando
534 2148 625 2206 tantis
650 2150 779 2222 undique
803 2150 946 2207 bellorum
1002 2107 1122 2180 quidam
1138 2123 1173 2163 ⁰³
1188 2104 1382 2179 primipibm’
1408 2109 1437 2161 οἱ
1460 2104 1521 2161 hm
1547 2105 1659 2160 “adem
1686 2103 1753 2161 Viva
1773 2120 1828 2161 Μ

125 2236 374 2311 procellisjactati
404 2237 575 2293 nonaausis
603 2237 734 2296 dicendis
762 2256 874 2306 vacare,
895 2241 945 2296 sed
1001 2200 1274 2268 ⁰⁰¹¹¹⁰¹⁵⁸g⁰ffl⁰t'
1304 2195 1492 2295 ⁰bi³⁰r⁸⁰t⁰⁸
1521 2210 1574 2250 ⁶⁰⁸
1602 2209 1660 2296 pes
1679 2193 1826 2295 ‚Deumui‘

123 2326 214 2383 vitam
229 2343 314 2384 suam
330 2326 400 2400 luga
413 2325 458 2383 vel
473 2325 564 2382 armis
588 2344 702 2384 servare
723 2328 946 2384 necesschabe·
1001 2290 1157 2357 p⁰stqu³m
1173 2283 1414 2356 m³¹³⁸u⁸p¹⁰⁸t⁰
1436 2298 1496 2338 rem
1522 2289 1689 2340 “mmmm
1720 2298 1826 2340 mmm

907 2417 912 2429 .
1000 2373 1109 2431 sissent
1123 2378 1152 2430 et
1167 2373 1279 2429 cladem
1295 2371 1397 2428 multis
1413 2371 1536 2445 posthac
1553 2371 1673 2429 seculis
1694 2390 1754 2429 non
1769 2373 1825 2429 aba·

125 2420 208 2483 ”inti
226 2415 266 2471 ait
280 2432 298 2471 ἃ
312 2414 443 2471 R⁰m⁰¹¹⁰
459 2415 596 2515 ΡΟἾῘῨΗῨΘ
608 2417 657 2516 ,¹⁴⁸⁶
672 2417 728 2516 sibi
751 2417 806 2473 1¹⁰⁰
821 2433 946 2518 permmf
1000 2463 1118 2520 landam
1133 2462 1315 2534 accepissent
1341 2478 1418 2517 nunc
1433 2460 1536 2518 saltem
1564 2460 1650 2518 malo
1663 2478 1722 2518 suo
1734 2457 1824 2529 coeefi,

124 2520 190 2559 sum
205 2503 743 2576 esseut,absqueleg1trm1sindueus,
756 2507 867 2578 absque
877 2507 945 2578 leg1·
1000 2551 1204 2625 resipiscerent
1214 2567 1231 2607 a
1240 2507 1373 2617 emma,
1385 2567 1437 2607 nec
1449 2566 1480 2606 se
1491 2504 1681 2623 gen'wmque
1697 2552 1744 2589 ,m
1752 2566 1823 2607 mm

122 2591 196 2648 tima
207 2590 401 2660 discussione,
417 2591 464 2648 die
479 2593 604 2664 quesibi
620 2599 793 2665 occurreret,
806 2599 943 2667 eosJusto
998 2641 1145 2706 obstinata
1160 2638 1363 2712 desperatione
1379 2638 1499 2695 omnino
1513 2639 1674 2712 perditum
1691 2639 1784 2709 irem
1798 2655 1822 2695 κ

122 2681 307 2738 anathemate
322 2682 358 2736 ab
374 2679 497 2738 ecclesia
525 2681 674 2738 recideret.
701 2681 821 2739 Nullum
844 2688 941 2741 tumen
999 2729 1004 2743 .
1289 2727 1295 2740 .
1450 2727 1456 2739 .
1530 2726 1537 2740 .
1746 2730 1751 2740 .

997 2746 1027 2785 rn
1042 2731 1198 2802 conspectu
1216 2744 1315 2784 omnia
1328 2730 1473 2785 cernentis
1490 2728 1538 2783 Der
1565 2727 1663 2785 iidem
1681 2730 1731 2766 ¹⁸⁹⁸
1743 2733 1821 2785 rubr·

996 2835 1103 2893 ponere
1129 2817 1217 2890 quod,
1241 2817 1266 2873 si
1282 2833 1313 2873 se
1344 2816 1420 2874 ultro
1444 2815 1645 2886 dedidissent,
1664 2822 1719 2875 aut
1733 2818 1821 2875 eaden

996 2909 1043 2965 die
1058 2912 1107 2963 aut
1122 2905 1295 2962 brevissimo
1317 2908 1383 2979 post
1396 2909 1527 2978 tempore
1552 2905 1719 2965 dedicione
1733 2905 1818 2964 msul-

994 2996 1080 3053 vendi
1097 3001 1204 3061 essent,
1230 2993 1319 3051 salvis
1347 2993 1403 3049 sibi
1432 2992 1646 3068 dignitatibus,
1679 2994 1818 3053 beneficiis

995 3084 1110 3158 praediis
1126 3088 1155 3139 et
1168 3082 1234 3139 aliis
1249 3080 1437 3138 facultatibus
1453 3083 1524 3139 suis.
1542 3083 1680 3141 lleontra
1700 3085 1743 3142 illi
1757 3084 1817 3143 setis

996 3174 1051 3231 sibi
1068 3173 1186 3230 aiebant
1200 3185 1230 3229 re
1244 3171 1310 3244 ipsa
1325 3171 1474 3244 cognitam
1489 3176 1518 3228 et
1532 3177 1708 3245 spectatam
1724 3177 1817 3232 aseeet

995 3264 1163 3338 principum
1178 3261 1265 3317 fidem
1283 3264 1312 3316 et
1333 3260 1409 3334 regis
1425 3263 1507 3318 atrox
1532 3265 1628 3335 atque
1642 3261 1819 3337 implacabile

995 3353 1042 3388 ¹⁴⁹⁶
1056 3350 1220 3424 ingenium,
1244 3365 1321 3417 eum,
1348 3353 1415 3422 post
1440 3348 1506 3406 illae
1529 3351 1729 3411 conditiones
1751 3352 1817 3427 pecie

154 3435 246 3509 Igitur
260 3436 351 3492 movit
378 3438 522 3494 exereitus
548 3440 584 3496 de
611 3439 675 3496 loco
701 3440 882 3508 certaminis,
912 3443 941 3497 et
996 3457 1068 3514 quas
1079 3440 1176 3513 priore
1185 3454 1262 3494 anno
1273 3437 1303 3494 in
1315 3438 1492 3511 Geretinguu
1505 3439 1555 3475 ¹⁸⁹⁰
1567 3456 1633 3512 rex,
1645 3440 1817 3516 principibus

121 3526 247 3581 transita
272 3527 435 3600 Thuringia
462 3528 508 3564 ¹⁸⁸⁸
523 3529 673 3600 ingressus
701 3533 746 3584 est
773 3529 938 3601 Saxoniam,
995 3527 1169 3601 suffragium
1185 3526 1356 3598 ferentibus,
1372 3542 1462 3599 quam
1478 3528 1522 3564 ¹⁸⁸²
1539 3535 1661 3588 sanctae
1673 3532 1816 3597 nemausi,

122 3615 221 3670 omnia
247 3615 478 3689 circumquaque
506 3617 582 3672 terro
597 3621 625 3673 et
651 3617 719 3690 igne
747 3618 938 3691 depopulans,
993 3622 1053 3674 tam
1070 3616 1225 3674 crudeliter
1239 3616 1269 3672 in
1280 3632 1330 3672 eos
1341 3615 1443 3690 culpae,
1455 3633 1547 3690 quam
1557 3622 1636 3675 tunc
1647 3621 1817 3678 condonare-

119 3705 276 3776 tantasque
289 3704 538 3778 invillissingulis
554 3706 749 3779 reperitopes,
766 3707 940 3763 secundissi-
994 3712 1048 3778 rat,
1070 3706 1228 3762 vindictam
1252 3705 1439 3772 exercuisset,
1468 3721 1521 3762 neo
1552 3707 1734 3783 principum
1757 3709 1816 3766 tides

117 3792 292 3850 masellieet
321 3793 438 3867 regiona
467 3800 495 3851 et
523 3794 612 3851 nullis
640 3796 762 3852 antehac
790 3795 875 3852 bellis
895 3804 938 3852 at·
994 3793 1228 3869 periclitantibus
1239 3793 1396 3866 quicquam
1407 3795 1471 3866 opis
1480 3796 1814 3870 presidiiquecoutulis

117 3885 196 3939 tacta
212 3883 268 3951 ¹⁸⁸⁹,
280 3889 314 3939 ut
329 3882 504 3940 avidissime
519 3883 596 3957 plebi
612 3889 863 3958 castrorumque
878 3885 940 3942 sola
993 3888 1056 3954 sct;
1073 3882 1195 3956 proinde
1209 3883 1378 3939 trustraeos
1388 3898 1490 3955 rogare
1500 3888 1534 3938 ut
1545 3885 1642 3943 fidem
1656 3904 1742 3945 suem
1752 3899 1813 3944 nune

53 4035 59 4042 ¹
117 3986 169 4044 spe
181 3971 351 4043 rapinarum
362 3972 521 4029 exercitum
533 3973 718 4045 sequebatur,
732 3973 814 4047 copia
824 3978 939 4047 pareret
992 3973 1179 4046 experiantur
1188 3971 1273 4044 quasi
1283 3970 1573 4044 incognitam‚quam
1583 3975 1618 4030 in
1630 3975 1813 4051 eampisme

116 4059 280 4116 fastidium.
297 4061 357 4115 Rex
371 4064 469 4117 tamen
482 4061 617 4117 assiduas
631 4061 667 4116 ad
682 4062 828 4134 principes
846 4062 938 4119 Saxo·
992 4061 1092 4134 ringiae
1107 4060 1172 4117 lucc
1187 4059 1296 4117 clarius
1311 4059 1404 4117 multo
1419 4077 1472 4117 suo
1496 4061 1700 4123 incommodo
1722 4060 1811 4138 experti

116 4146 171 4202 niae
188 4147 347 4219 legationes
366 4152 430 4204 tum
460 4155 590 4205 suctum
621 4149 786 4222 principum
815 4166 937 4208 suorum
992 4151 1128 4207 tuissent.
1145 4148 1346 4218 lta,dcllxiin
1362 4150 1507 4205 sententia
1532 4150 1812 4226 persistentes,haut

118 4235 237 4290 nomine
251 4236 426 4304 destinabat,
454 4237 577 4294 hortans
605 4254 654 4295 eos
679 4242 711 4294 nt
734 4256 766 4295 es
788 4237 937 4307 dederent,
992 4237 1328 4312 proculaidagadaburg
1337 4236 1410 4295 locis
1421 4236 1644 4299 munitissimis
1655 4259 1689 4300 se
1699 4241 1810 4300 confine

116 4326 204 4395 atque
218 4324 248 4379 in
263 4323 417 4382 elementia
432 4328 495 4399 ejus
504 4327 602 4400 potius
615 4344 703 4400 quam
715 4327 744 4384 in
757 4329 847 4386 armis
862 4329 936 4401 suis,
992 4330 1072 4394 bant,
1088 4327 1168 4400 quia,
1178 4325 1684 4400 licetmultitudinehabundarent,
1697 4341 1809 4403 congre*

115 4428 179 4486 qua
194 4413 284 4471 semel
301 4414 456 4472 infeliciter
468 4419 672 4489 temptassent,
683 4434 765 4490 spem
784 4418 838 4475 sibi
855 4419 936 4476 dein·
992 4416 1124 4473 sionibus
1136 4420 1234 4471 tamen
1246 4413 1384 4487 deinceps
1397 4414 1626 4487 abstinendum,
1637 4418 1698 4475 nisi
1708 4414 1808 4475 insub-

112 4518 182 4575 ceps
193 4508 343 4576 ponerent.
356 4505 410 4561 Sed
426 4504 469 4561 illi
482 4505 552 4561 baut
562 4507 660 4563 dubiis
673 4505 790 4564 indiciis
806 4524 938 4582 comper·
954 4510 977 4578 1]
992 4505 1059 4563 bilis
1071 4502 1611 4573 necessitasincidisset,decreverant.
1623 4508 1737 4565 'l'ameu
1746 4503 1808 4562 liade

113 4595 177 4648 tum
197 4592 464 4666 habentesquauto
491 4594 520 4650 in
536 4611 585 4651 eos
601 4595 667 4652 odio
682 4600 828 4671 estuaret,
843 4603 937 4656 extre·
994 4596 1037 4631 '⁴⁹⁸
1053 4593 1184 4652 marchio
1214 4595 1277 4665 [pro
1293 4593 1396 4664 se¹⁴⁹⁸l
1413 4596 1440 4649 et
1467 4591 1632 4666 episcopus
1663 4595 1806 4653 Mersebur·

114 4697 168 4737 mas
185 4682 231 4718 ¹⁴⁹⁰
245 4682 399 4739 dementia
425 4699 490 4740 esse
509 4683 684 4757 judicabant
705 4689 738 4741 ut
761 4687 786 4741 ai
805 4687 937 4760 pracipi-
992 4685 1092 4758 gensis
1106 4687 1135 4739 et
1148 4682 1233 4755 pauci
1249 4680 1299 4737 alii
1316 4680 1574 4737 nobilesSaxoniae
1588 4682 1741 4741 dedicioni
1753 4697 1807 4738 con·

114 4773 214 4826 tenter
228 4771 381 4845 sanguinis
402 4773 447 4828 sui
468 4773 519 4844 jus
543 4768 777 4847 potestatemque
799 4775 935 4849 lacerent,
992 4776 1158 4831 senserunt.
1184 4772 1224 4828 lla
1238 4768 1346 4844 quibus
1361 4769 1440 4825 Uodo
1457 4769 1503 4806 ¹⁸⁹⁹
1517 4771 1672 4846 marchio,
1687 4774 1750 4831 date
1768 4784 1808 4843 pet

114 4859 202 4928 eujus
217 4859 290 4916 irum
304 4860 395 4917 tantis
410 4867 478 4918 ente
493 4863 705 4935 expeditionem
719 4861 938 4936 supplicationi·
993 4880 1023 4920 se
1036 4861 1137 4919 obside
1152 4859 1211 4915 tilio
1227 4875 1292 4927 suo,
1308 4857 1407 4914 statim
1424 4855 1579 4915 dedicione
1594 4861 1752 4919 absolutus
1764 4864 1805 4926 est

115 4946 172 5004 bus
187 4948 321 5022 mitigare
337 4951 545 5022 nequivissent.
557 4953 667 5007 Tamen
683 4952 896 5009 mandaverunt
911 4955 937 5010 ei
992 4948 1192 5026 episcopusin
1216 4947 1427 5005 monasterium
1457 4948 1606 5006 Loressan
1623 4952 1672 4989 ¹⁸⁰⁰
1695 4950 1806 5015 misaue;

127 1619 222 1688 cavit;
238 1635 272 1675 ea
287 1617 399 1676 scilicet
413 1633 502 1673 causa
518 1618 595 1689 quod
610 1634 678 1674 eum
695 1634 771 1675 anno
786 1618 882 1690 priore
897 1619 950 1675 Er-

126 1707 280 1780 phesiurth
290 1707 347 1775 ¹⁵⁸⁴,
355 1723 422 1763 cum
434 1707 468 1762 ad
478 1706 634 1779 exigendas
643 1705 772 1762 decimas
780 1706 947 1774 assedisset,

125 1795 267 1853 districtis
278 1795 385 1868 gladiis
395 1793 473 1850 iutra
483 1795 528 1830 “⁸⁵
538 1794 691 1851 eeclesiam
707 1794 903 1867 impetissent.
915 1797 949 1851 Et

125 1901 161 1940 ne
177 1884 245 1957 quis
255 1884 281 1940 ci
297 1884 371 1940 forte
387 1883 441 1938 buo
456 1882 572 1938 crimini
587 1883 669 1938 daret
691 1885 769 1955 quod
785 1889 886 1940 contra
900 1901 947 1939 ca·

124 1989 234 2029 nonum
251 1970 324 2028 scita
333 1972 456 2028 miseros
468 1972 611 2041 homines,
622 1977 682 2028 tam
694 1972 947 2045 inexplicabilibus

125 2059 253 2136 negociis
264 2061 300 2116 ad
311 2076 439 2132 presens
448 2059 619 2132 implicitos,
631 2064 691 2117 tam
706 2062 807 2134 iniquo
816 2065 947 2135 tempore

123 2771 284 2842 sapientem
299 2769 388 2826 latere
403 2768 570 2842 potuitque
595 2770 781 2842 potissimum
798 2777 943 2845 spectaret

122 2859 177 2915 hoo
194 2850 312 2926 lactum,
329 2875 362 2914 eo
378 2857 490 2914 scilicet
501 2858 685 2915 utexercitus
696 2860 943 2934 regispromptior

122 2946 259 3020 deinceps
270 2945 465 3019 fidentiorque
475 2947 629 3003 adversum
641 2964 690 3004 eos
698 2947 806 3005 bellum
818 2955 939 3023 gereret,

121 3034 156 3090 de
167 3052 293 3108 quorum
309 3035 465 3102 occisione,
481 3035 587 3107 sipost
609 3039 940 3095 excommunicationem

118 3123 206 3181 occisi
214 3123 349 3197 luissent,
359 3128 473 3197 putaret
483 3141 514 3181 se
525 3142 577 3181 neo
588 3127 715 3198 peccatis
724 3127 770 3164 ¹⁴⁸⁷
782 3129 939 3185 obnoxium
955 3146 976 3215 c

118 3213 189 3284 loro,
205 3229 258 3270 nec
274 3215 368 3286 poenis
392 3231 467 3287 quas
481 3213 561 3287 leges
585 3215 789 3274 ecclesiastice
805 3222 941 3274 statuunt

115 3300 283 3360 homicidis.

788 5158 907 5217 VARIAE
925 5157 1132 5218 LEGTIONES.

149 5322 329 5382 madeestis.
368 5326 662 5402 ¹⁸⁸⁴llrpbeslurdtl.
702 5325 879 5387 ¹⁴⁸⁸interl.
918 5329 964 5369 ¹⁸⁸⁶
979 5330 1036 5387 sibi
1059 5329 1089 5386 h.
1106 5346 1134 5402 p.
1150 5328 1176 5383 3.
1217 5324 1309 5384 ¹⁸⁸⁷se
1331 5324 1458 5399 peccatis
1483 5328 1630 5387 necui.
1671 5324 1806 5386 ¹⁸⁸⁸tnrin·

115 5393 344 5470 giattsemper).
362 5400 388 5454 l.
429 5401 476 5436 ¹⁸⁰⁹
489 5406 568 5458 tecta
581 5401 608 5456 3.
648 5401 735 5456 ¹⁴⁹⁰e.
753 5400 781 5456 d.
798 5417 822 5456 e.
839 5399 858 5458 i.
875 5402 1017 5460 desueti.
1056 5403 1102 5438 ¹⁸⁹¹
1119 5399 1325 5507 indgnitatem
1341 5399 1367 5454 1.
1406 5399 1452 5437 ¹⁸⁰²
1468 5399 1504 5456 sd
1520 5400 1751 5460 internicionem
1768 5413 1806 5453 us·

112 5466 214 5539 quet.
254 5468 301 5504 ¹⁸⁹³
314 5476 431 5576 gentem
448 5473 474 5528 1.
514 5471 794 5529 ¹⁸⁹⁸i.suemt.5‘l
832 5472 879 5510 ¹⁸⁹⁸
892 5473 1071 5548 implicabile
1085 5472 1111 5535 i·
1151 5473 1173 5507 ¹⁸
1211 5468 1663 5548 Gerstungen3.Gerstinginl.
1701 5472 1805 5553 “iiim

111 5538 158 5654 ζέω
178 5539 359 5678 amm?
375 5542 435 5602 Udo
450 5559 553 5604 omnes.
595 5544 641 5583 ¹⁸⁹⁹
653 5545 695 5603 ita
708 5543 736 5602 3.
762 5543 788 5600 l.
803 5544 831 5602 5.
855 5546 902 5605 aed
919 5547 1004 5607 uerba
1026 5562 1079 5627 pro
1094 5561 1126 5605 se
1150 5559 1185 5606 ec
1209 5559 1264 5619 seq.
1290 5541 1343 5600 aaa
1363 5541 1501 5601 translate
1514 5560 1575 5605 ease
1588 5534 1805 5604 emarcet
