3892 6096
762 278 868 346 virs.
1608 286 1668 355 678

93 414 411 475 nohiicellcrarineiuit
424 420 582 488 etcoqnus,
594 430 788 487 necunquam
803 416 831 483 A
845 415 976 474 tionibus
985 408 1066 490 prius
1082 419 1110 475 in
1127 418 1253 493 hospitio
1275 419 1394 491 eruditi,
1408 428 1509 494 postea
1532 423 1562 479 in
1585 429 1669 482 exte-

93 522 134 563 rre
147 504 225 562 cella
241 505 280 578 (l)
290 505 419 561 deseruit
433 505 564 561 officium
579 503 720 577 coquinae,
736 519 789 560 nec
845 504 913 561 riori
929 506 1105 587 celledenuo
1120 510 1291 581 probantur.
1300 511 1412 576 Quibus
1423 529 1499 570 anno
1511 515 1667 588 completo,

93 611 134 653 rra
149 594 282 667 coquina
296 594 375 651 cella
390 610 491 650 curam
505 593 616 650 omisit.
628 594 711 649 Tunc
721 610 791 665 quo·
843 597 1498 667 vesteeoptatasdabat,faciontibusmanifeste
1504 601 1669 677 regularem

93 683 250 759 guarimue
265 684 360 740 'leuzo
371 683 409 755 (5)
423 683 514 752 venit,
530 682 579 753 qui
593 682 636 738 sic
647 697 739 754 usque
754 680 791 736 ad
846 683 1068 754 professionem.
1094 686 1206 751 Quibus
1226 688 1331 744 exinde
1356 707 1413 746 non
1436 688 1544 749 licebat
1558 692 1669 766 aliquid

93 791 116 832 n
130 772 271 832 charitate
285 773 398 829 larveus
413 772 533 843 exstitit,
562 775 595 828 nt
609 788 667 828 non
695 769 790 828 solum
847 787 963 829 sumere
976 773 1020 831 vel
1035 791 1174 846 quarere,
1190 777 1241 832 sed
1256 778 1355 834 omnia
1370 796 1387 834 a
1403 779 1497 850 priore
1512 782 1669 840 dabantur.

93 880 138 934 us,
152 862 205 920 sed
227 862 314 918 etiam
339 861 513 934 corporibus
537 859 598 917 illic
612 860 792 917 venientium
849 861 978 919 ilabebat
986 864 1075 920 etiam
1086 863 1291 937 bancgratiam
1303 866 1482 939 singularem
1493 874 1575 944 pater
1583 876 1671 929 Joen-

93 952 205 1011 roorde
220 951 347 1024 prebere
364 968 416 1023 pro
429 967 515 1023 posse
530 950 685 1007 medelam.
848 966 911 1016 nee,
927 954 960 1007 ut
973 951 1003 1008 in
1033 952 1129 1025 prima
1156 953 1268 1010 visione
1291 970 1342 1011 seu
1360 955 1507 1029 colloquio
1531 966 1631 1017 nosset
1645 961 1671 1018 si

280 1040 398 1098 CAPUT
418 1040 487 1097 xlv.
847 1039 969 1097 veniens
996 1040 1121 1113 quilibet
1144 1047 1222 1098 recto
1250 1059 1287 1098 an
1303 1043 1371 1100 lictu
1400 1053 1484 1102 corde
1510 1048 1673 1118 postularet

93 1135 143 1191 sut
164 1132 200 1188 de
223 1129 342 1204 prefato
373 1129 504 1187 coenobio
529 1128 661 1202 plerique
678 1128 794 1198 iratres,
848 1128 1274 1202 introitumlithooeidonum
1290 1132 1385 1190 aJesn
1407 1133 1520 1192 Christo
1533 1135 1673 1194 collatum

93 1220 185 1280 essub
198 1236 232 1277 eo
242 1236 318 1275 nova
330 1219 519 1275 conversione
528 1217 656 1275 libenter
669 1215 794 1274 institui.
850 1221 905 1287 est,
923 1222 955 1272 ut
970 1233 1125 1290 personam
1140 1221 1268 1292 potentie
1281 1220 1325 1278 vel
1343 1222 1441 1279 divitis
1457 1241 1514 1281 non
1531 1223 1673 1282 libentius

93 1308 170 1385 gistri
181 1307 350 1380 exemploet
360 1306 683 1377 exhortatione,dumiu
694 1309 796 1363 ennete
851 1309 981 1362 sumeret
996 1323 1084 1380 quam
1098 1308 1236 1381 pauperie
1251 1315 1280 1366 et
1300 1311 1418 1382 abjecti.
1431 1312 1552 1371 Dicebat
1566 1314 1674 1387 quippe

93 1401 130 1457 nt
142 1397 330 1456 conversione
345 1397 466 1464 lervare,
490 1396 580 1469 ooepit
601 1412 703 1453 eorum
719 1396 798 1452 lama
852 1417 867 1446 «
883 1395 966 1451 diviti
982 1411 1124 1469 magnum
1136 1413 1201 1454 esse
1216 1397 1459 1471 impedimentum
1470 1402 1505 1458 ad
1519 1403 1675 1461 corbumi·

93 1503 105 1546 s
117 1486 228 1563 spargi.
242 1486 326 1552 Quod
337 1485 459 1542 audiens
475 1485 531 1542 ltta
545 1484 645 1542 Sancti
655 1484 747 1541 Hilari
757 1485 797 1557 (6)
852 1483 998 1554 lieudum,
1012 1501 1047 1542 ea
1061 1503 1152 1559 quam
1167 1503 1267 1543 secum
1283 1490 1437 1560 pecuniam
1450 1490 1540 1548 ducit.
1556 1514 1570 1544 a

93 1592 134 1642 sa,
143 1575 295 1648 cujnsjuri
305 1574 389 1631 locus
399 1575 461 1647 ipse
471 1574 799 1648 precipuepertinebat,
1155 1575 1272 1632 CAPUT
1291 1576 1390 1634 XVlll.

93 1663 265 1725 islibrcrum
275 1669 305 1721 et
315 1664 447 1720 victuum
459 1663 625 1720 subsidium
635 1663 800 1734 aliquantu·
889 1661 1676 1728 Audiensinterimlttaabbatissimaloouminnomine

93 1771 126 1812 uo
139 1754 170 1810 in
184 1758 315 1826 tempore
330 1756 397 1808 tem
416 1769 535 1826 gravem
549 1751 766 1809 infestationem
782 1767 799 1807 a
854 1754 882 1807 et
896 1749 1035 1823 religione
1049 1752 1183 1820 crevisse,
1201 1769 1252 1826 per
1266 1754 1410 1813 diiiinitos
1424 1759 1567 1816 terminos
1582 1763 1678 1817 tradi·

93 1844 154 1901 lam
164 1843 235 1900 viris
247 1841 368 1915 iniquis,
380 1842 509 1914 maligno
520 1840 625 1914 spiritu
640 1839 798 1914 instigatis,
852 1839 1045 1913 dit(7)ecripto
1056 1841 1085 1895 in
1097 1840 1433 1918 circuitulocicongruas
1445 1849 1679 1916 possessioneset

93 1938 146 2004 snt,
163 1948 231 1989 cum
246 1932 282 1987 de
297 1931 362 2003 ipso
378 1929 441 1986 loco
455 1929 651 2000 vellentipsos
666 1928 800 1986 extermi-
853 1928 884 1984 in
899 1927 1105 1984 remotioribus
1117 1929 1182 1985 aliis
1192 1929 1370 2004 locisplnres
1382 1950 1501 1992 mansos
1511 1937 1606 1993 eidem
1616 1943 1679 1995 loco

93 2025 109 2079 t
130 2022 249 2079 tederet
272 2018 339 2076 illos
354 2020 441 2075 etiam
461 2017 566 2074 vivere.
581 2018 636 2073 Sed
654 2032 800 2074 memores
855 2016 1008 2074 concessit.
1024 2017 1058 2073 ct
1071 2018 1143 2074 dum
1162 2018 1292 2076 famulus
1307 2021 1414 2077 Christi
1427 2023 1566 2094 loannes,
1583 2027 1680 2084 adbuc

93 2109 265 2168 idicentis:
294 2107 391 2165 daenes
418 2109 468 2179 qai
480 2108 527 2178 pic
548 2107 642 2162 volunt
668 2107 757 2162 vium
770 2106 802 2159 io
855 2105 961 2179 prioris
975 2106 1104 2162 officium
1120 2122 1234 2180 gerens,
1250 2111 1365 2166 animas
1378 2111 1501 2168 iratrum
1516 2119 1545 2169 et
1560 2132 1681 2189 corpora

93 2203 162 2258 lasa
169 2199 385 2272 resecationem
397 2195 546 2269 potiuntur
554 2196 591 2268 (ll
602 2197 669 2251 Tim.
681 2211 723 2262 ιιι,
740 2195 799 2263 12);
856 2195 979 2252 sollicite
995 2197 1233 2270 procuraret‚sibi
1250 2199 1408 2255 maximam
1424 2201 1633 2261 abstinentiam
1648 2210 1678 2262 et

93 2289 176 2346 iliam
191 2291 221 2345 et
239 2285 410 2359 patientiam
429 2283 650 2358 amplectentes,
666 2299 802 2357 persecu·
856 2284 986 2341 validum
1010 2284 1140 2341 laborem
1163 2286 1314 2359 imposuit.
1329 2287 1402 2345 Nam
1432 2292 1549 2362 quando
1565 2296 1682 2365 tempus

107 2378 171 2436 suis
184 2392 261 2450 sepe
281 2392 333 2448 pro
358 2373 446 2431 malis
464 2375 541 2430 bona
556 2373 722 2445 reddentes,
737 2374 804 2444 post
858 2372 1005 2431 reficiendi
1015 2374 1266 2446 erat,parvissimo
1282 2375 1346 2433 cibo
1360 2376 1405 2434 vel
1422 2383 1492 2450 potu
1508 2397 1568 2437 sue
1584 2398 1682 2439 neces·

93 2462 602 2535 umeiscertamina,demumadepti
613 2466 802 2535 suntpaoem,
858 2463 938 2520 sitati
952 2462 1152 2530 subveniebat,
1177 2464 1339 2521 intantum
1360 2471 1391 2522 ut
1415 2484 1473 2524 non
1488 2469 1636 2526 videretur
1650 2488 1682 2528 se

93 2554 314 2614 netvictoriem.
327 2553 498 2609 Manscrunt
508 2551 549 2607 ibi
560 2549 653 2608 multo
664 2554 804 2623 tempore,
859 2568 999 2620 recreare,
1005 2552 1056 2609 sed
1073 2557 1220 2624 utcunque
1236 2552 1323 2610 lamis
1335 2559 1364 2610 et
1378 2555 1445 2612 sitis
1460 2572 1558 2615 arcere
1571 2559 1685 2632 pericu·

93 2639 804 2713 nhabcntestantummodoparvulumoratorium.
860 2639 1434 2714 lumcumveroantetempusreliciendi
1443 2644 1570 2716 sitiebat,
1582 2653 1684 2721 utpote

93 2732 318 2790 atiamvictnum
331 2734 442 2787 tantam
454 2734 524 2786 tuno
535 2728 667 2802 perpessi
682 2733 763 2800 sunt,
775 2734 807 2784 ut
860 2729 1002 2804 quioperi
1026 2745 1169 2787 manuum
1185 2730 1368 2804 frequentius
1382 2733 1545 2800 insistebat,
1566 2740 1637 2794 tunc
1653 2737 1683 2793 in

93 2839 157 2897 ique
165 2826 225 2879 tres
244 2837 337 2877 unum
353 2836 406 2893 per
419 2820 498 2875 diem
512 2818 676 2875 dividerent
688 2834 805 2890 panem.
862 2819 998 2893 frigidam
1013 2836 1119 2892 aquam
1142 2836 1248 2876 manus
1272 2823 1419 2894 pedesque
1443 2824 1587 2897 mittebat,
1603 2831 1636 2882 ut
1651 2843 1686 2883 ex

92 2929 170 2987 nque
184 2916 268 2969 erant
282 2909 446 2978 camerula,
470 2907 610 2974 vestiarii,
626 2907 714 2963 unius
729 2908 807 2964 sacci
862 2909 953 2965 nimio
969 2908 1076 2983 frigore
1091 2908 1157 2965 sitis
1172 2908 1334 2981 periculum
1347 2911 1563 2984 aliquantulum
1574 2914 1686 2989 tempe-

93 3019 133 3060 >aa
162 3001 350 3067 continebat;
381 3014 470 3070 quam
499 2997 651 3069 penuriam
674 2995 725 3051 diu
740 3012 807 3053 cum
862 3002 949 3053 raret.
960 2996 1079 3071 Aliquid
1094 2997 1183 3054 etiam
1194 3015 1311 3056 sumere
1320 3004 1477 3058 recusabat
1487 3008 1568 3061 extra
1578 3004 1687 3061 consti·

93 3089 190 3166 prndio
205 3093 234 3146 et
247 3087 440 3152 exsultatione
451 3086 514 3142 sine
522 3100 674 3142 murmure
684 3085 809 3142 sustine·
862 3090 942 3142 tutas
952 3087 1101 3158 regulares
1112 3086 1208 3142 boras.
1222 3086 1303 3144 Unde
1311 3088 1489 3148 debilitatem
1501 3097 1617 3150 tantum
1628 3111 1690 3151 car·

93 3179 191 3236 {xinde
201 3179 237 3236 de
250 3176 421 3249 longinquis
431 3176 520 3232 ctiam
532 3174 666 3247 partibus
676 3172 772 3231 clerici
783 3157 846 3229 atG
865 3176 912 3232 nis
924 3174 1048 3231 incurrit
1062 3178 1095 3230 ut
1105 3175 1135 3229 in
1145 3173 1225 3231 illam
1237 3193 1406 3250 syncopem,
1421 3179 1512 3237 fracto
1523 3183 1687 3253 stomacho,

93 3271 222 3343 eperunt
235 3268 271 3324 ad
287 3282 355 3324 eum
370 3265 525 3321 confluere.
867 3263 1012 3332 ceciderit,
1029 3279 1119 3334 quam
1133 3262 1260 3335 legimus
1272 3265 1391 3321 beatum
1407 3267 1578 3341 Gregorium
1590 3276 1688 3343 pertu-

303 3355 422 3413 CAPUT
441 3353 498 3410 llV.
868 3355 946 3410 lisso.
974 3351 1100 3418 Etenim,
1125 3351 1182 3408 nisi
1205 3354 1309 3410 iratres
1333 3370 1410 3426 sepe
1437 3372 1504 3412 eum
1538 3359 1691 3417 reficerent

93 3464 112 3506 ,c
125 3447 202 3506 veuit
223 3446 273 3504 ille
289 3462 414 3518 magnus
441 3441 595 3510 Rodulius,
611 3440 663 3514 qui
677 3444 813 3513 tempore
868 3442 999 3499 emittere
1009 3440 1146 3512 spiritum
1156 3439 1315 3508 videretur;
1328 3458 1519 3516 quamneque
1531 3445 1567 3502 ad
1578 3446 1690 3504 obitum

94 3537 125 3594 in
136 3536 237 3595 codem
247 3536 310 3594 loco
322 3551 423 3591 curam
439 3530 648 3605 hospitalitatis
659 3530 773 3601 babuit,
784 3533 814 3587 et
868 3530 1047 3587 sustinuisse
1062 3528 1160 3585 sciunt
1174 3529 1301 3601 quicum
1317 3530 1391 3588 lorte
1402 3539 1553 3591 noverunt.
1565 3535 1687 3600 Quando

93 3626 241 3684 nonasterii
257 3624 417 3683 biuecetani
433 3637 534 3679 curam
549 3620 642 3694 gessit
654 3620 683 3675 in
700 3619 815 3675 abbatis
870 3624 968 3676 autem
984 3618 1072 3674 lamis
1085 3616 1223 3674 violentia
1237 3617 1404 3692 frequenter
1418 3637 1449 3677 se
1464 3621 1633 3696 deprimens
1643 3626 1692 3682 in·

93 3760 95 3773 .
113 3720 218 3773 Petrus
233 3731 360 3788 quoque,
376 3713 426 3785 qui
453 3713 504 3768 diu
520 3713 691 3783 procurator
705 3710 816 3765 assino-
870 3709 995 3765 discrete
1009 3711 1170 3779 superaret,
1187 3711 1238 3763 aut
1261 3708 1446 3766 reiectionem
1466 3711 1583 3770 differre
1606 3730 1693 3772 oona·

93 3810 187 3878 ¹>osten
202 3819 356 3861 vaccarum
372 3802 447 3867 luit,
472 3800 577 3856 deinde
598 3798 628 3854 in
642 3797 815 3855 passiniano
870 3799 967 3861 batur,
983 3812 1041 3868 pras
1057 3794 1207 3852 nimietate
1224 3796 1405 3855 infirmitatis
1424 3800 1496 3856 adeo
1512 3802 1614 3859 dentes
1628 3805 1693 3877 ejus

93 3913 98 3950 ι
113 3894 204 3967 gessit
218 3892 359 3961 cilicium,
375 3889 493 3946 exhinc
509 3888 599 3945 abbas
613 3887 644 3943 in
660 3886 776 3955 Ficiclo,
787 3890 817 3942 et
871 3884 1148 3959 constringebantur
1162 3886 1251 3957 quod,
1277 3886 1334 3942 nisi
1350 3903 1399 3944 eos
1414 3888 1522 3962 aliquis
1541 3891 1695 3949 cultellum

94 3999 144 4040 mc
156 3982 292 4038 Romane
304 3978 438 4036 Ecclesia
455 3976 613 4033 cardinalis
624 3976 818 4048 etepisccpus
873 3973 1095 4032 intromittendo
1110 3972 1262 4041 divideret,
1278 3975 1444 4048 etaliquem
1460 3977 1605 4051 liquorem
1615 3980 1646 4037 in
1661 3997 1695 4037 ce

93 4071 171 4130 angis
185 4069 306 4128 exstitit,
873 4066 938 4137 ejus
952 4062 1232 4137 poneret,exspirare
1242 4063 1697 4126 continuocredebatur.verum-

301 4156 417 4214 CAPUT
436 4155 508 4211 XVI.
873 4160 984 4220 tamen,
1004 4153 1047 4208 sic
1061 4150 1226 4207 incredibili
1252 4150 1516 4228 languorejugiter
1537 4158 1697 4226 cruciatus,

96 4269 114 4309 c
139 4254 245 4314 hactus,
269 4248 355 4305 vultu
380 4252 409 4303 et
437 4245 565 4314 nomine,
582 4243 633 4317 qui
648 4244 819 4300 Passiniano
875 4241 1044 4299 nullatenus
1060 4241 1274 4308 murmurabat,
1289 4243 1353 4308 sed,
1367 4243 1430 4300 suis
1445 4245 1637 4319 bocpeccatis
1652 4248 1701 4304 dc·

98 4339 167 4408 luit,
184 4343 213 4395 et
231 4337 380 4405 Rusticus,
405 4334 466 4407 qui,
492 4335 583 4390 donec
597 4332 724 4389 loannes
739 4337 822 4404 pater
876 4335 995 4406 putans,
1011 4329 1150 4386 continuo
1162 4328 1300 4387 laudibus
1310 4331 1441 4389 divinam
1452 4334 1603 4405 justitiam
1619 4352 1699 4393 com·

92 4443 195 4486 curam
211 4427 383 4483 exteriorem
399 4423 498 4497 gessit,
515 4421 668 4494 attentius
683 4425 749 4493 post
763 4420 822 4476 obi·
877 4420 1041 4477 mendabat.
1054 4418 1302 4491 Quiepriuequsm
1310 4419 1518 4489 infirmaretur,
1526 4426 1611 4479 tantas
1622 4423 1701 4479 lorti-

93 4517 170 4575 ancti
186 4516 240 4573 viri
254 4513 387 4580 loannis,
405 4511 497 4568 multo
507 4516 638 4583 tempore
648 4509 739 4567 totius
754 4524 821 4565 con·
836 4529 861 4595 Ι)
876 4508 989 4566 tudinis
1003 4508 1061 4564 sibi
1075 4511 1104 4564 et
1114 4507 1223 4564 ceteris
1243 4511 1391 4582 tantoque
1408 4510 1591 4566 abstinentie
1607 4511 1703 4567 inerat

93 4607 178 4664 :ionis
192 4621 294 4662 curam
309 4603 389 4676 prior
402 4601 539 4659 obtinuit.
877 4603 919 4666 ut,
936 4597 993 4654 nisi
1008 4596 1057 4654 ille
1081 4597 1128 4653 cui
1139 4601 1311 4654 cantamus:
1343 4597 1465 4666 Domine,
1490 4600 1597 4654 inclina
1619 4600 1702 4656 coelos

298 4692 416 4751 CAPUT
435 4690 519 4747 llVll.
879 4687 1012 4756 taos,sub
1027 4685 1210 4742 infirmitatis
1225 4685 1316 4756 hujus
1331 4686 1483 4744 occasione
1499 4693 1625 4744 mentem
1637 4690 1703 4758 eius

93 4800 165 4842 oens
182 4784 272 4858 igitur
286 4787 370 4856 pater
391 4781 521 4837 ioannes
544 4782 588 4835 tot
601 4775 733 4849 talesque
745 4775 824 4832 viros
879 4774 1075 4842 humiliasset,
1094 4772 1179 4830 valde
1193 4790 1278 4829 rarus
1300 4775 1435 4832 existeret
1457 4776 1507 4849 qui
1523 4780 1624 4849 posset
1638 4778 1704 4849 rjus

93 4872 365 4931 elitusiuauxilium
373 4865 825 4940 missosdisposuitcumeisdem
881 4864 1016 4921 instituta
1031 4879 1155 4920 servare.
1181 4860 1302 4935 Cognita
1316 4880 1383 4920 vero
1399 4869 1434 4921 et
1453 4871 1573 4938 experta
1586 4866 1705 4939 propria

93 4961 238 5020 Benedicti
254 4959 387 5033 regulam
401 4962 430 5013 in
441 4956 579 5014 omnibus
594 4956 758 5023 observare,
774 4969 827 5009 coe·
880 4952 1062 5018 infirmitate,
1077 4956 1164 5008 tante
1177 4952 1384 5010 misericordia
1395 4959 1540 5027 tantaque
1552 4955 1704 5012 discretio-

93 5067 102 5108 ι
122 5049 236 5107 noviter
261 5048 409 5105 venientes
433 5063 467 5103 ea
495 5045 666 5118 probatione
680 5043 828 5115 suscipere
883 5043 1704 5101 nisoffectusestutnemomieericcrdioreocrederetur.

107 5139 241 5198 insinuat
255 5136 373 5211 regula;
385 5136 447 5208 qni,
459 5135 591 5191 variisne
606 5132 709 5191 multis
724 5132 829 5205 proba·
883 5131 948 5201 Qui,
964 5131 1032 5189 licet
1054 5145 1175 5203 corpore
1195 5131 1269 5188 loret
1292 5131 1440 5201 inilrmus,
1465 5133 1495 5189 in
1511 5135 1591 5189 ouini
1605 5137 1706 5190 umen

93 5336 127 5393 ld
142 5338 189 5393 est
203 5334 322 5405 cellarii,
338 5333 417 5389 unde
431 5329 598 5388 cellerarius
614 5330 722 5385 dictus.
922 5327 1124 5454 (dkllactenus
1137 5344 1243 5384 nomen
1259 5327 1321 5385 loco
1331 5328 1431 5401 beret,
1447 5327 1476 5384 in
1492 5328 1634 5400 predium
1643 5327 1709 5386 Vel·

94 5404 180 5463 Aliu's
192 5406 306 5463 videtur
319 5422 336 5462 a
348 5406 491 5471 Teneone,
508 5402 558 5473 qui
574 5418 664 5473 supra
674 5417 739 5472 cap.
754 5400 781 5469 9,
794 5399 830 5456 de
887 5400 948 5455 lum
973 5415 1083 5455 rosana
1097 5399 1220 5455 abbatiae
1235 5400 1399 5473 subjectum
1416 5415 1565 5458 converso.

93 5483 226 5551 temcap.
242 5479 284 5534 19.
296 5477 435 5546 Alterius,
449 5475 485 5530 de
502 5472 628 5546 quohic,
643 5470 753 5527 mentio
766 5487 831 5543 pas·
923 5472 962 5543 (7)
977 5470 1017 5526 De
1041 5469 1149 5526 litteris
1174 5471 1265 5544 hujus
1293 5471 1461 5531 donationis
1489 5477 1588 5533 sctum
1615 5479 1660 5532 est
1677 5470 1708 5536 ill

93 5552 165 5608 aira.
181 5551 262 5607 Prior
276 5547 520 5606 commentarium
535 5545 565 5601 in
586 5542 717 5618 regulam
732 5547 761 5600 8.
778 5546 830 5602 Be·
888 5541 1139 5603 observationibus
1153 5541 1278 5618 praeviis.

93 5622 247 5701 scripsisse
258 5620 386 5688 videtur,
