<?xml version="1.0" encoding="UTF-8"?>
<!DOCTYPE html PUBLIC "-//W3C//DTD XHTML 1.0 Transitional//EN"
    "http://www.w3.org/TR/xhtml1/DTD/xhtml1-transitional.dtd">
<html xmlns="http://www.w3.org/1999/xhtml" xml:lang="en" lang="en">
 <head>
  <title>
</title>
<meta http-equiv="Content-Type" content="text/html;charset=utf-8" />
  <meta name='ocr-system' content='tesseract 3.04.00' />
  <meta name='ocr-capabilities' content='ocr_page ocr_carea ocr_par ocr_line ocrx_word'/>
</head>
<body>
  <div class='ocr_page' id='page_1' title='image "./patrologiaecurs01unkngoog_0145.png"; bbox 0 0 3892 6096; ppageno 0'>
   <div class='ocr_carea' id='block_1_1' title="bbox 125 320 184 385">
    <p class='ocr_par' dir='ltr' id='par_1_1' title="bbox 125 320 184 385">
     <span class='ocr_line' id='line_1_1' title="bbox 125 320 184 385; baseline -0.034 0"><span class='ocrx_word' id='word_1_1' title='bbox 125 320 184 385; x_wconf 71' lang='lat' dir='ltr'>tle</span> 
     </span>
    </p>
   </div>
   <div class='ocr_carea' id='block_1_2' title="bbox 631 318 1327 384">
    <p class='ocr_par' dir='ltr' id='par_1_2' title="bbox 631 318 1327 384">
     <span class='ocr_line' id='line_1_2' title="bbox 631 318 1327 384; baseline -0.001 -1"><span class='ocrx_word' id='word_1_2' title='bbox 631 322 803 384; x_wconf 71' lang='lat' dir='ltr'>obstulit</span> <span class='ocrx_word' id='word_1_3' title='bbox 824 320 1002 384; x_wconf 74' lang='lat' dir='ltr'>neutum</span> <span class='ocrx_word' id='word_1_4' title='bbox 1023 321 1056 384; x_wconf 85' lang='lat' dir='ltr'>S.</span> <span class='ocrx_word' id='word_1_5' title='bbox 1080 318 1327 384; x_wconf 69' lang='lat' dir='ltr'>behetselin</span> 
     </span>
    </p>
   </div>
   <div class='ocr_carea' id='block_1_3' title="bbox 1769 316 1832 381">
    <p class='ocr_par' dir='ltr' id='par_1_3' title="bbox 1769 316 1832 381">
     <span class='ocr_line' id='line_1_3' title="bbox 1769 316 1832 381; baseline 0 0"><span class='ocrx_word' id='word_1_6' title='bbox 1769 316 1832 381; x_wconf 71' lang='lat'>28⁰</span> 
     </span>
    </p>
   </div>
   <div class='ocr_carea' id='block_1_4' title="bbox 126 447 1773 526">
    <p class='ocr_par' dir='ltr' id='par_1_4' title="bbox 126 447 1773 526">
     <span class='ocr_line' id='line_1_4' title="bbox 126 447 1773 526; baseline -0.002 -14"><span class='ocrx_word' id='word_1_7' title='bbox 126 455 194 521; x_wconf 83' lang='lat' dir='ltr'>Qua</span> <span class='ocrx_word' id='word_1_8' title='bbox 210 469 276 512; x_wconf 91' lang='lat' dir='ltr'>oum</span> <span class='ocrx_word' id='word_1_9' title='bbox 290 453 441 523; x_wconf 89' lang='lat' dir='ltr'>vidissem,</span> <span class='ocrx_word' id='word_1_10' title='bbox 457 454 509 511; x_wconf 90' lang='lat' dir='ltr'>sed</span> <span class='ocrx_word' id='word_1_11' title='bbox 525 457 602 511; x_wconf 87' lang='lat' dir='ltr'>etex</span> <span class='ocrx_word' id='word_1_12' title='bbox 617 454 672 511; x_wconf 89' lang='lat' dir='ltr'>alio</span> <span class='ocrx_word' id='word_1_13' title='bbox 687 454 867 526; x_wconf 80' lang='lat' dir='ltr'>didicissem,</span> <span class='ocrx_word' id='word_1_14' title='bbox 960 453 1059 522; x_wconf 71' lang='lat' dir='ltr'>ASed</span> <span class='ocrx_word' id='word_1_15' title='bbox 1073 469 1140 510; x_wconf 90' lang='lat' dir='ltr'>cum</span> <span class='ocrx_word' id='word_1_16' title='bbox 1155 452 1316 526; x_wconf 80' lang='lat' dir='ltr'><strong>perplures,</strong></span> <span class='ocrx_word' id='word_1_17' title='bbox 1330 468 1394 525; x_wconf 83' lang='lat' dir='ltr'>qun</span> <span class='ocrx_word' id='word_1_18' title='bbox 1409 466 1515 524; x_wconf 87' lang='lat' dir='ltr'>pessus</span> <span class='ocrx_word' id='word_1_19' title='bbox 1530 447 1587 508; x_wconf 91' lang='lat' dir='ltr'>sim</span> <span class='ocrx_word' id='word_1_20' title='bbox 1604 450 1773 521; x_wconf 87' lang='lat' dir='ltr'>relerentes,</span> 
     </span>
    </p>
   </div>
   <div class='ocr_carea' id='block_1_5' title="bbox 127 542 954 1776">
    <p class='ocr_par' dir='ltr' id='par_1_5' title="bbox 128 542 877 618">
     <span class='ocr_line' id='line_1_5' title="bbox 128 542 877 618; baseline -0.003 -16"><span class='ocrx_word' id='word_1_21' title='bbox 128 544 209 602; x_wconf 83' lang='lat' dir='ltr'>Clam</span> <span class='ocrx_word' id='word_1_22' title='bbox 224 543 319 618; x_wconf 90' lang='lat' dir='ltr'>perid</span> <span class='ocrx_word' id='word_1_23' title='bbox 334 543 426 601; x_wconf 88' lang='lat' dir='ltr'>accito</span> <span class='ocrx_word' id='word_1_24' title='bbox 444 542 563 616; x_wconf 88' lang='lat' dir='ltr'>signum</span> <span class='ocrx_word' id='word_1_25' title='bbox 578 548 743 600; x_wconf 89' lang='lat' dir='ltr'>monstrare</span> <span class='ocrx_word' id='word_1_26' title='bbox 758 543 877 611; x_wconf 92' lang='lat' dir='ltr'>doloris,</span> 
     </span>
    </p>

    <p class='ocr_par' dir='ltr' id='par_1_6' title="bbox 129 633 948 706">
     <span class='ocr_line' id='line_1_6' title="bbox 129 633 948 706; baseline -0.004 -14"><span class='ocrx_word' id='word_1_27' title='bbox 129 636 205 693; x_wconf 79' lang='lat' dir='ltr'>&#39;l&#39;um</span> <span class='ocrx_word' id='word_1_28' title='bbox 219 634 338 689; x_wconf 90' lang='lat' dir='ltr'>demum</span> <span class='ocrx_word' id='word_1_29' title='bbox 353 636 461 702; x_wconf 85' lang='lat' dir='ltr'>certus,</span> <span class='ocrx_word' id='word_1_30' title='bbox 479 634 550 705; x_wconf 92' lang='lat' dir='ltr'>quid</span> <span class='ocrx_word' id='word_1_31' title='bbox 565 634 705 705; x_wconf 82' lang='lat' dir='ltr'>perterret</span> <span class='ocrx_word' id='word_1_32' title='bbox 721 650 836 706; x_wconf 89' lang='lat' dir='ltr'>quoque</span> <span class='ocrx_word' id='word_1_33' title='bbox 851 633 948 704; x_wconf 87' lang='lat' dir='ltr'>lletus,</span> 
     </span>
    </p>

    <p class='ocr_par' dir='ltr' id='par_1_7' title="bbox 128 723 949 795">
     <span class='ocr_line' id='line_1_7' title="bbox 128 723 949 795; baseline -0.002 -15"><span class='ocrx_word' id='word_1_34' title='bbox 128 728 187 780; x_wconf 83' lang='lat' dir='ltr'>lieo</span> <span class='ocrx_word' id='word_1_35' title='bbox 201 726 299 779; x_wconf 67' lang='lat' dir='ltr'>mmen</span> <span class='ocrx_word' id='word_1_36' title='bbox 314 739 406 779; x_wconf 87' lang='lat' dir='ltr'>ausus</span> <span class='ocrx_word' id='word_1_37' title='bbox 420 738 501 779; x_wconf 87' lang='lat' dir='ltr'>eram</span> <span class='ocrx_word' id='word_1_38' title='bbox 514 723 601 780; x_wconf 89' lang='lat' dir='ltr'>citius</span> <span class='ocrx_word' id='word_1_39' title='bbox 616 723 677 779; x_wconf 80' lang='lat' dir='ltr'>hec</span> <span class='ocrx_word' id='word_1_40' title='bbox 691 723 785 780; x_wconf 89' lang='lat' dir='ltr'>dicere</span> <span class='ocrx_word' id='word_1_41' title='bbox 800 723 949 795; x_wconf 77' lang='lat' dir='ltr'>cuiquam.</span> 
     </span>
    </p>

    <p class='ocr_par' dir='ltr' id='par_1_8' title="bbox 127 811 853 887">
     <span class='ocr_line' id='line_1_8' title="bbox 127 811 853 887; baseline -0.001 -18"><span class='ocrx_word' id='word_1_42' title='bbox 127 816 199 869; x_wconf 84' lang='lat' dir='ltr'><strong>Post</strong></span> <span class='ocrx_word' id='word_1_43' title='bbox 212 811 274 869; x_wconf 83' lang='lat' dir='ltr'>hec</span> <span class='ocrx_word' id='word_1_44' title='bbox 287 813 441 870; x_wconf 73' lang='lat' dir='ltr'>confestim</span> <span class='ocrx_word' id='word_1_45' title='bbox 456 812 534 868; x_wconf 85' lang='lat' dir='ltr'>vario</span> <span class='ocrx_word' id='word_1_46' title='bbox 550 811 691 887; x_wconf 88' lang='lat' dir='ltr'>languore</span> <span class='ocrx_word' id='word_1_47' title='bbox 706 817 853 885; x_wconf 87' lang='lat' dir='ltr'>gravatus,</span> 
     </span>
    </p>

    <p class='ocr_par' dir='ltr' id='par_1_9' title="bbox 127 900 919 975">
     <span class='ocr_line' id='line_1_9' title="bbox 127 900 919 975; baseline 0 -17"><span class='ocrx_word' id='word_1_48' title='bbox 127 901 173 971; x_wconf 80' lang='lat' dir='ltr'>lit,</span> <span class='ocrx_word' id='word_1_49' title='bbox 188 902 266 975; x_wconf 92' lang='lat' dir='ltr'>quod</span> <span class='ocrx_word' id='word_1_50' title='bbox 282 901 462 975; x_wconf 81' lang='lat' dir='ltr'>cunctigenis</span> <span class='ocrx_word' id='word_1_51' title='bbox 478 906 523 959; x_wconf 88' lang='lat' dir='ltr'>est</span> <span class='ocrx_word' id='word_1_52' title='bbox 535 900 602 975; x_wconf 91' lang='lat' dir='ltr'>plus</span> <span class='ocrx_word' id='word_1_53' title='bbox 613 901 784 959; x_wconf 88' lang='lat' dir='ltr'>miserabile</span> <span class='ocrx_word' id='word_1_54' title='bbox 798 901 919 972; x_wconf 85' lang='lat' dir='ltr'>morbis,</span> 
     </span>
    </p>

    <p class='ocr_par' dir='ltr' id='par_1_10' title="bbox 129 990 838 1064">
     <span class='ocr_line' id='line_1_10' title="bbox 129 990 838 1064; baseline -0.003 -15"><span class='ocrx_word' id='word_1_55' title='bbox 129 991 166 1049; x_wconf 89' lang='lat' dir='ltr'>iit</span> <span class='ocrx_word' id='word_1_56' title='bbox 180 990 311 1049; x_wconf 77' lang='lat' dir='ltr'>defertur</span> <span class='ocrx_word' id='word_1_57' title='bbox 326 991 362 1048; x_wconf 91' lang='lat' dir='ltr'>ah</span> <span class='ocrx_word' id='word_1_58' title='bbox 377 991 425 1048; x_wconf 89' lang='lat' dir='ltr'>his</span> <span class='ocrx_word' id='word_1_59' title='bbox 440 1008 565 1064; x_wconf 88' lang='lat' dir='ltr'>quorum</span> <span class='ocrx_word' id='word_1_60' title='bbox 582 1008 629 1048; x_wconf 88' lang='lat' dir='ltr'>me</span> <span class='ocrx_word' id='word_1_61' title='bbox 643 1008 714 1047; x_wconf 92' lang='lat' dir='ltr'>cura</span> <span class='ocrx_word' id='word_1_62' title='bbox 728 991 838 1057; x_wconf 88' lang='lat' dir='ltr'>revisit,</span> 
     </span>
    </p>

    <p class='ocr_par' dir='ltr' id='par_1_11' title="bbox 129 1078 891 1154">
     <span class='ocr_line' id='line_1_11' title="bbox 129 1078 891 1154; baseline -0.001 -16"><span class='ocrx_word' id='word_1_63' title='bbox 129 1081 214 1138; x_wconf 91' lang='lat' dir='ltr'>Nunc</span> <span class='ocrx_word' id='word_1_64' title='bbox 228 1081 312 1154; x_wconf 89' lang='lat' dir='ltr'>quusi</span> <span class='ocrx_word' id='word_1_65' title='bbox 328 1080 518 1153; x_wconf 80' lang='lat' dir='ltr'>phreneticus</span> <span class='ocrx_word' id='word_1_66' title='bbox 531 1081 579 1137; x_wconf 85' lang='lat' dir='ltr'>vix</span> <span class='ocrx_word' id='word_1_67' title='bbox 593 1098 610 1136; x_wconf 89' lang='lat' dir='ltr'>o</span> <span class='ocrx_word' id='word_1_68' title='bbox 623 1078 726 1136; x_wconf 91' lang='lat' dir='ltr'>multis</span> <span class='ocrx_word' id='word_1_69' title='bbox 741 1079 891 1152; x_wconf 90' lang='lat' dir='ltr'>religatus,</span> 
     </span>
    </p>

    <p class='ocr_par' dir='ltr' id='par_1_12' title="bbox 128 1170 844 1242">
     <span class='ocr_line' id='line_1_12' title="bbox 128 1170 844 1242; baseline -0.001 -15"><span class='ocrx_word' id='word_1_70' title='bbox 128 1174 195 1229; x_wconf 85' lang='lat' dir='ltr'>hiox</span> <span class='ocrx_word' id='word_1_71' title='bbox 209 1170 288 1227; x_wconf 91' lang='lat' dir='ltr'>velut</span> <span class='ocrx_word' id='word_1_72' title='bbox 302 1170 444 1228; x_wconf 88' lang='lat' dir='ltr'>exanimis</span> <span class='ocrx_word' id='word_1_73' title='bbox 460 1170 688 1242; x_wconf 77' lang='lat' dir='ltr'>desperatusque</span> <span class='ocrx_word' id='word_1_74' title='bbox 698 1170 844 1241; x_wconf 86' lang='lat' dir='ltr'>jacebam.</span> 
     </span>
    </p>

    <p class='ocr_par' dir='ltr' id='par_1_13' title="bbox 130 1258 954 1417">
     <span class='ocr_line' id='line_1_13' title="bbox 130 1258 954 1332; baseline -0.002 -15"><span class='ocrx_word' id='word_1_75' title='bbox 130 1259 197 1319; x_wconf 80' lang='lat' dir='ltr'>Hae</span> <span class='ocrx_word' id='word_1_76' title='bbox 216 1264 316 1319; x_wconf 87' lang='lat' dir='ltr'>tamen</span> <span class='ocrx_word' id='word_1_77' title='bbox 332 1259 396 1332; x_wconf 91' lang='lat' dir='ltr'>ipse</span> <span class='ocrx_word' id='word_1_78' title='bbox 410 1260 481 1327; x_wconf 89' lang='lat' dir='ltr'>scio,</span> <span class='ocrx_word' id='word_1_79' title='bbox 497 1260 575 1330; x_wconf 91' lang='lat' dir='ltr'>quod</span> <span class='ocrx_word' id='word_1_80' title='bbox 600 1275 652 1332; x_wconf 94' lang='lat' dir='ltr'>per</span> <span class='ocrx_word' id='word_1_81' title='bbox 666 1258 823 1315; x_wconf 87' lang='lat' dir='ltr'>Dominum</span> <span class='ocrx_word' id='word_1_82' title='bbox 837 1271 954 1331; x_wconf 90' lang='lat' dir='ltr'>quoque</span> 
     </span>
     <span class='ocr_line' id='line_1_14' title="bbox 837 1349 952 1417; baseline -0.009 -12"><span class='ocrx_word' id='word_1_83' title='bbox 837 1349 952 1417; x_wconf 63' lang='lat' dir='ltr'>[testea</span> 
     </span>
    </p>

    <p class='ocr_par' dir='ltr' id='par_1_14' title="bbox 132 1437 883 1512">
     <span class='ocr_line' id='line_1_15' title="bbox 132 1437 883 1512; baseline -0.007 -15"><span class='ocrx_word' id='word_1_84' title='bbox 132 1441 215 1512; x_wconf 82' lang='lat' dir='ltr'>Sapo</span> <span class='ocrx_word' id='word_1_85' title='bbox 228 1439 271 1495; x_wconf 92' lang='lat' dir='ltr'>ila</span> <span class='ocrx_word' id='word_1_86' title='bbox 284 1454 332 1495; x_wconf 90' lang='lat' dir='ltr'>me</span> <span class='ocrx_word' id='word_1_87' title='bbox 352 1453 487 1511; x_wconf 87' lang='lat' dir='ltr'>pressum</span> <span class='ocrx_word' id='word_1_88' title='bbox 502 1439 645 1493; x_wconf 89' lang='lat' dir='ltr'>conventu</span> <span class='ocrx_word' id='word_1_89' title='bbox 660 1437 883 1507; x_wconf 81' lang='lat' dir='ltr'>demoniorum,</span> 
     </span>
    </p>

    <p class='ocr_par' dir='ltr' id='par_1_15' title="bbox 132 1524 918 1600">
     <span class='ocr_line' id='line_1_16' title="bbox 132 1524 918 1600; baseline -0.004 -15"><span class='ocrx_word' id='word_1_90' title='bbox 132 1528 169 1586; x_wconf 92' lang='lat' dir='ltr'>Ut</span> <span class='ocrx_word' id='word_1_91' title='bbox 183 1542 237 1585; x_wconf 91' lang='lat' dir='ltr'>nec</span> <span class='ocrx_word' id='word_1_92' title='bbox 250 1543 303 1600; x_wconf 89' lang='lat' dir='ltr'>pro</span> <span class='ocrx_word' id='word_1_93' title='bbox 316 1526 410 1594; x_wconf 85' lang='lat' dir='ltr'>venie,</span> <span class='ocrx_word' id='word_1_94' title='bbox 427 1542 485 1598; x_wconf 88' lang='lat' dir='ltr'>que</span> <span class='ocrx_word' id='word_1_95' title='bbox 497 1526 560 1596; x_wconf 84' lang='lat' dir='ltr'>jnm</span> <span class='ocrx_word' id='word_1_96' title='bbox 578 1524 772 1583; x_wconf 87' lang='lat' dir='ltr'>moribundus</span> <span class='ocrx_word' id='word_1_97' title='bbox 786 1525 918 1598; x_wconf 79' lang='lat' dir='ltr'>egebam,</span> 
     </span>
    </p>

    <p class='ocr_par' dir='ltr' id='par_1_16' title="bbox 132 1613 783 1674">
     <span class='ocr_line' id='line_1_17' title="bbox 132 1613 783 1674; baseline -0.006 0"><span class='ocrx_word' id='word_1_98' title='bbox 132 1616 289 1674; x_wconf 76' lang='lat' dir='ltr'>Galholioe</span> <span class='ocrx_word' id='word_1_99' title='bbox 304 1614 372 1673; x_wconf 83' lang='lat' dir='ltr'>fidei</span> <span class='ocrx_word' id='word_1_100' title='bbox 386 1615 548 1673; x_wconf 88' lang='lat' dir='ltr'>tenuissem</span> <span class='ocrx_word' id='word_1_101' title='bbox 564 1614 640 1671; x_wconf 87' lang='lat' dir='ltr'>seila</span> <span class='ocrx_word' id='word_1_102' title='bbox 653 1614 699 1671; x_wconf 91' lang='lat' dir='ltr'>vel</span> <span class='ocrx_word' id='word_1_103' title='bbox 713 1613 783 1671; x_wconf 91' lang='lat' dir='ltr'>ulla.</span> 
     </span>
    </p>

    <p class='ocr_par' dir='ltr' id='par_1_17' title="bbox 131 1703 716 1776">
     <span class='ocr_line' id='line_1_18' title="bbox 131 1703 716 1776; baseline -0.005 -13"><span class='ocrx_word' id='word_1_104' title='bbox 131 1706 248 1763; x_wconf 87' lang='lat' dir='ltr'>Interea</span> <span class='ocrx_word' id='word_1_105' title='bbox 261 1705 362 1763; x_wconf 92' lang='lat' dir='ltr'>crebro</span> <span class='ocrx_word' id='word_1_106' title='bbox 376 1704 441 1761; x_wconf 87' lang='lat' dir='ltr'>visu</span> <span class='ocrx_word' id='word_1_107' title='bbox 457 1703 592 1776; x_wconf 89' lang='lat' dir='ltr'>rapiebar</span> <span class='ocrx_word' id='word_1_108' title='bbox 606 1719 716 1772; x_wconf 88' lang='lat' dir='ltr'>emero,</span> 
     </span>
    </p>
   </div>
   <div class='ocr_carea' id='block_1_6' title="bbox 1004 540 1838 1684">
    <p class='ocr_par' dir='ltr' id='par_1_18' title="bbox 1004 540 1692 615">
     <span class='ocr_line' id='line_1_19' title="bbox 1004 540 1692 615; baseline -0.004 -15"><span class='ocrx_word' id='word_1_109' title='bbox 1004 544 1038 600; x_wconf 84' lang='lat' dir='ltr'>ltt</span> <span class='ocrx_word' id='word_1_110' title='bbox 1053 542 1131 615; x_wconf 94' lang='lat' dir='ltr'>quod</span> <span class='ocrx_word' id='word_1_111' title='bbox 1146 559 1204 599; x_wconf 90' lang='lat' dir='ltr'>non</span> <span class='ocrx_word' id='word_1_112' title='bbox 1220 542 1330 598; x_wconf 83' lang='lat' dir='ltr'>frustra</span> <span class='ocrx_word' id='word_1_113' title='bbox 1344 541 1427 598; x_wconf 86' lang='lat' dir='ltr'>fieret</span> <span class='ocrx_word' id='word_1_114' title='bbox 1440 540 1585 613; x_wconf 86' lang='lat' dir='ltr'>correptio</span> <span class='ocrx_word' id='word_1_115' title='bbox 1600 543 1692 610; x_wconf 67' lang='lat' dir='ltr'>tanta</span> 
     </span>
    </p>

    <p class='ocr_par' dir='ltr' id='par_1_19' title="bbox 1005 629 1782 883">
     <span class='ocr_line' id='line_1_20' title="bbox 1005 629 1782 705; baseline -0.004 -14"><span class='ocrx_word' id='word_1_116' title='bbox 1005 632 1046 692; x_wconf 89' lang='lat' dir='ltr'>Ne</span> <span class='ocrx_word' id='word_1_117' title='bbox 1061 631 1225 690; x_wconf 79' lang='lat' dir='ltr'>monachile</span> <span class='ocrx_word' id='word_1_118' title='bbox 1237 633 1343 705; x_wconf 86' lang='lat' dir='ltr'>jugum</span> <span class='ocrx_word' id='word_1_119' title='bbox 1359 632 1517 688; x_wconf 79' lang='lat' dir='ltr'>suaderent</span> <span class='ocrx_word' id='word_1_120' title='bbox 1531 629 1566 686; x_wconf 89' lang='lat' dir='ltr'>ad</span> <span class='ocrx_word' id='word_1_121' title='bbox 1584 630 1782 703; x_wconf 90' lang='lat' dir='ltr'>subeundam,</span> 
     </span>
     <span class='ocr_line' id='line_1_21' title="bbox 1005 719 1732 794; baseline -0.004 -15"><span class='ocrx_word' id='word_1_122' title='bbox 1005 721 1046 779; x_wconf 85' lang='lat' dir='ltr'>lie</span> <span class='ocrx_word' id='word_1_123' title='bbox 1061 738 1149 794; x_wconf 90' lang='lat' dir='ltr'>super</span> <span class='ocrx_word' id='word_1_124' title='bbox 1163 720 1218 778; x_wconf 88' lang='lat' dir='ltr'>hec</span> <span class='ocrx_word' id='word_1_125' title='bbox 1230 721 1338 778; x_wconf 91' lang='lat' dir='ltr'>dubius</span> <span class='ocrx_word' id='word_1_126' title='bbox 1352 720 1427 792; x_wconf 87' lang='lat' dir='ltr'>cepit</span> <span class='ocrx_word' id='word_1_127' title='bbox 1441 719 1602 793; x_wconf 80' lang='lat' dir='ltr'>precordia</span> <span class='ocrx_word' id='word_1_128' title='bbox 1615 735 1732 777; x_wconf 88' lang='lat' dir='ltr'>sensus.</span> 
     </span>
     <span class='ocr_line' id='line_1_22' title="bbox 1005 808 1732 883; baseline -0.003 -17"><span class='ocrx_word' id='word_1_129' title='bbox 1005 811 1137 883; x_wconf 82' lang='lat' dir='ltr'>Cumque</span> <span class='ocrx_word' id='word_1_130' title='bbox 1149 810 1212 867; x_wconf 92' lang='lat' dir='ltr'>dies</span> <span class='ocrx_word' id='word_1_131' title='bbox 1227 809 1311 882; x_wconf 90' lang='lat' dir='ltr'>pauci</span> <span class='ocrx_word' id='word_1_132' title='bbox 1327 813 1393 882; x_wconf 91' lang='lat' dir='ltr'>post</span> <span class='ocrx_word' id='word_1_133' title='bbox 1407 809 1468 865; x_wconf 84' lang='lat' dir='ltr'>hac</span> <span class='ocrx_word' id='word_1_134' title='bbox 1484 812 1583 865; x_wconf 90' lang='lat' dir='ltr'>essent</span> <span class='ocrx_word' id='word_1_135' title='bbox 1596 808 1732 879; x_wconf 90' lang='lat' dir='ltr'>revoluti,</span> 
     </span>
    </p>

    <p class='ocr_par' dir='ltr' id='par_1_20' title="bbox 1005 898 1653 971">
     <span class='ocr_line' id='line_1_23' title="bbox 1005 898 1653 971; baseline -0.003 -16"><span class='ocrx_word' id='word_1_136' title='bbox 1005 900 1040 956; x_wconf 80' lang='lat' dir='ltr'>lit</span> <span class='ocrx_word' id='word_1_137' title='bbox 1054 900 1159 957; x_wconf 91' lang='lat' dir='ltr'>iterum</span> <span class='ocrx_word' id='word_1_138' title='bbox 1173 899 1270 955; x_wconf 88' lang='lat' dir='ltr'>subito</span> <span class='ocrx_word' id='word_1_139' title='bbox 1285 899 1338 955; x_wconf 89' lang='lat' dir='ltr'>tati</span> <span class='ocrx_word' id='word_1_140' title='bbox 1353 898 1494 971; x_wconf 89' lang='lat' dir='ltr'>languore</span> <span class='ocrx_word' id='word_1_141' title='bbox 1509 898 1653 971; x_wconf 86' lang='lat' dir='ltr'>gravabar</span> 
     </span>
    </p>

    <p class='ocr_par' dir='ltr' id='par_1_21' title="bbox 1005 985 1808 1328">
     <span class='ocr_line' id='line_1_24' title="bbox 1006 985 1694 1059; baseline -0.001 -15"><span class='ocrx_word' id='word_1_142' title='bbox 1006 988 1044 1044; x_wconf 89' lang='lat' dir='ltr'>Ut</span> <span class='ocrx_word' id='word_1_143' title='bbox 1057 1004 1244 1045; x_wconf 87' lang='lat' dir='ltr'>verrucarum</span> <span class='ocrx_word' id='word_1_144' title='bbox 1259 992 1356 1044; x_wconf 90' lang='lat' dir='ltr'>tumor</span> <span class='ocrx_word' id='word_1_145' title='bbox 1369 987 1472 1059; x_wconf 87' lang='lat' dir='ltr'>ingens</span> <span class='ocrx_word' id='word_1_146' title='bbox 1488 985 1694 1059; x_wconf 87' lang='lat' dir='ltr'>insolitusque,</span> 
     </span>
     <span class='ocr_line' id='line_1_25' title="bbox 1006 1076 1808 1149; baseline 0.001 -16"><span class='ocrx_word' id='word_1_147' title='bbox 1006 1076 1155 1133; x_wconf 91' lang='lat' dir='ltr'>Horrendo</span> <span class='ocrx_word' id='word_1_148' title='bbox 1170 1076 1285 1134; x_wconf 90' lang='lat' dir='ltr'>vultum</span> <span class='ocrx_word' id='word_1_149' title='bbox 1301 1076 1488 1135; x_wconf 88' lang='lat' dir='ltr'>circumdans</span> <span class='ocrx_word' id='word_1_150' title='bbox 1502 1076 1641 1149; x_wconf 78' lang='lat' dir='ltr'>stigmate</span> <span class='ocrx_word' id='word_1_151' title='bbox 1654 1080 1808 1145; x_wconf 69' lang='lat' dir='ltr'>motum,</span> 
     </span>
     <span class='ocr_line' id='line_1_26' title="bbox 1005 1165 1776 1238; baseline 0.003 -17"><span class='ocrx_word' id='word_1_152' title='bbox 1005 1165 1132 1222; x_wconf 84' lang='lat' dir='ltr'>Orbibus</span> <span class='ocrx_word' id='word_1_153' title='bbox 1147 1166 1282 1223; x_wconf 89' lang='lat' dir='ltr'>obductis</span> <span class='ocrx_word' id='word_1_154' title='bbox 1297 1166 1396 1223; x_wconf 91' lang='lat' dir='ltr'>oculos</span> <span class='ocrx_word' id='word_1_155' title='bbox 1412 1181 1528 1238; x_wconf 88' lang='lat' dir='ltr'>quoque</span> <span class='ocrx_word' id='word_1_156' title='bbox 1543 1165 1776 1223; x_wconf 79' lang='lat' dir='ltr'>contenebraret.</span> 
     </span>
     <span class='ocr_line' id='line_1_27' title="bbox 1008 1254 1661 1328; baseline -0.002 -17"><span class='ocrx_word' id='word_1_157' title='bbox 1008 1255 1149 1312; x_wconf 78' lang='lat' dir='ltr'>Praeterea</span> <span class='ocrx_word' id='word_1_158' title='bbox 1163 1273 1270 1328; x_wconf 91' lang='lat' dir='ltr'>corpus</span> <span class='ocrx_word' id='word_1_159' title='bbox 1284 1261 1380 1312; x_wconf 87' lang='lat' dir='ltr'>totum</span> <span class='ocrx_word' id='word_1_160' title='bbox 1396 1255 1509 1328; x_wconf 91' lang='lat' dir='ltr'>eapitur</span> <span class='ocrx_word' id='word_1_161' title='bbox 1523 1254 1661 1327; x_wconf 74' lang='lat' dir='ltr'>paralysi,</span> 
     </span>
    </p>

    <p class='ocr_par' dir='ltr' id='par_1_22' title="bbox 1008 1343 1660 1418">
     <span class='ocr_line' id='line_1_28' title="bbox 1008 1343 1660 1418; baseline -0.002 -17"><span class='ocrx_word' id='word_1_162' title='bbox 1008 1345 1133 1417; x_wconf 80' lang='lat' dir='ltr'>Excepto</span> <span class='ocrx_word' id='word_1_163' title='bbox 1149 1344 1267 1418; x_wconf 81' lang='lat' dir='ltr'>lingua,</span> <span class='ocrx_word' id='word_1_164' title='bbox 1283 1345 1335 1403; x_wconf 90' lang='lat' dir='ltr'>sed</span> <span class='ocrx_word' id='word_1_165' title='bbox 1349 1349 1379 1402; x_wconf 93' lang='lat' dir='ltr'>et</span> <span class='ocrx_word' id='word_1_166' title='bbox 1393 1344 1488 1401; x_wconf 89' lang='lat' dir='ltr'>ollioio</span> <span class='ocrx_word' id='word_1_167' title='bbox 1503 1343 1660 1416; x_wconf 86' lang='lat' dir='ltr'>labiorum,</span> 
     </span>
    </p>

    <p class='ocr_par' dir='ltr' id='par_1_23' title="bbox 1009 1433 1756 1596">
     <span class='ocr_line' id='line_1_29' title="bbox 1009 1433 1756 1506; baseline 0 -16"><span class='ocrx_word' id='word_1_168' title='bbox 1009 1435 1070 1498; x_wconf 82' lang='lat' dir='ltr'>Ouo</span> <span class='ocrx_word' id='word_1_169' title='bbox 1087 1450 1149 1504; x_wconf 80' lang='lat' dir='ltr'>que</span> <span class='ocrx_word' id='word_1_170' title='bbox 1164 1435 1324 1506; x_wconf 76' lang='lat' dir='ltr'>proferrem</span> <span class='ocrx_word' id='word_1_171' title='bbox 1339 1434 1393 1491; x_wconf 88' lang='lat' dir='ltr'>lari</span> <span class='ocrx_word' id='word_1_172' title='bbox 1406 1433 1609 1493; x_wconf 86' lang='lat' dir='ltr'>tantummodo</span> <span class='ocrx_word' id='word_1_173' title='bbox 1625 1447 1756 1506; x_wconf 88' lang='lat' dir='ltr'>possem.</span> 
     </span>
     <span class='ocr_line' id='line_1_30' title="bbox 1009 1522 1649 1596; baseline 0.002 -19"><span class='ocrx_word' id='word_1_174' title='bbox 1009 1522 1121 1579; x_wconf 86' lang='lat' dir='ltr'>Interea</span> <span class='ocrx_word' id='word_1_175' title='bbox 1134 1522 1187 1580; x_wconf 88' lang='lat' dir='ltr'>tali</span> <span class='ocrx_word' id='word_1_176' title='bbox 1202 1539 1270 1579; x_wconf 88' lang='lat' dir='ltr'>cum</span> <span class='ocrx_word' id='word_1_177' title='bbox 1285 1523 1494 1596; x_wconf 88' lang='lat' dir='ltr'>comprimerer</span> <span class='ocrx_word' id='word_1_178' title='bbox 1508 1522 1649 1592; x_wconf 75' lang='lat' dir='ltr'>cruciatu,</span> 
     </span>
    </p>

    <p class='ocr_par' dir='ltr' id='par_1_24' title="bbox 1008 1611 1838 1684">
     <span class='ocr_line' id='line_1_31' title="bbox 1008 1611 1838 1684; baseline 0.004 -18"><span class='ocrx_word' id='word_1_179' title='bbox 1008 1611 1090 1667; x_wconf 84' lang='lat' dir='ltr'>Tune</span> <span class='ocrx_word' id='word_1_180' title='bbox 1105 1627 1272 1669; x_wconf 89' lang='lat' dir='ltr'>memorans</span> <span class='ocrx_word' id='word_1_181' title='bbox 1295 1612 1413 1668; x_wconf 85' lang='lat' dir='ltr'>tandem</span> <span class='ocrx_word' id='word_1_182' title='bbox 1430 1628 1493 1684; x_wconf 84' lang='lat' dir='ltr'>que</span> <span class='ocrx_word' id='word_1_183' title='bbox 1514 1611 1572 1667; x_wconf 93' lang='lat' dir='ltr'>sim</span> <span class='ocrx_word' id='word_1_184' title='bbox 1586 1627 1695 1684; x_wconf 84' lang='lat' dir='ltr'>pessus</span> <span class='ocrx_word' id='word_1_185' title='bbox 1716 1627 1838 1684; x_wconf 88' lang='lat' dir='ltr'>quoque</span> 
     </span>
    </p>
   </div>
   <div class='ocr_carea' id='block_1_7' title="bbox 1671 1698 1818 1773">
    <p class='ocr_par' dir='ltr' id='par_1_25' title="bbox 1671 1698 1818 1773">
     <span class='ocr_line' id='line_1_32' title="bbox 1671 1698 1818 1773; baseline 0 0"><span class='ocrx_word' id='word_1_186' title='bbox 1671 1698 1818 1773; x_wconf 73' lang='lat' dir='ltr'>vermem,</span> 
     </span>
    </p>
   </div>
   <div class='ocr_carea' id='block_1_8' title="bbox 131 1788 1837 1955">
    <p class='ocr_par' dir='ltr' id='par_1_26' title="bbox 131 1788 1837 1955">
     <span class='ocr_line' id='line_1_33' title="bbox 131 1788 1837 1890; baseline -0.003 -38"><span class='ocrx_word' id='word_1_187' title='bbox 131 1795 192 1861; x_wconf 83' lang='lat' dir='ltr'>Ouo</span> <span class='ocrx_word' id='word_1_188' title='bbox 208 1793 299 1851; x_wconf 89' lang='lat' dir='ltr'>nimie</span> <span class='ocrx_word' id='word_1_189' title='bbox 312 1793 474 1850; x_wconf 89' lang='lat' dir='ltr'>horrendas</span> <span class='ocrx_word' id='word_1_190' title='bbox 489 1792 571 1865; x_wconf 87' lang='lat' dir='ltr'>potui</span> <span class='ocrx_word' id='word_1_191' title='bbox 583 1808 757 1866; x_wconf 85' lang='lat' dir='ltr'>cognoscere</span> <span class='ocrx_word' id='word_1_192' title='bbox 771 1808 881 1865; x_wconf 87' lang='lat' dir='ltr'>poenas.</span> <span class='ocrx_word' id='word_1_193' title='bbox 969 1824 994 1890; x_wconf 79' lang='lat' dir='ltr'><strong>B</strong></span> <span class='ocrx_word' id='word_1_194' title='bbox 1011 1791 1092 1857; x_wconf 81' lang='lat' dir='ltr'>Quod</span> <span class='ocrx_word' id='word_1_195' title='bbox 1108 1794 1209 1847; x_wconf 89' lang='lat' dir='ltr'>contre</span> <span class='ocrx_word' id='word_1_196' title='bbox 1224 1789 1377 1847; x_wconf 90' lang='lat' dir='ltr'>stimulum</span> <span class='ocrx_word' id='word_1_197' title='bbox 1392 1788 1431 1847; x_wconf 93' lang='lat' dir='ltr'>sit</span> <span class='ocrx_word' id='word_1_198' title='bbox 1441 1788 1546 1862; x_wconf 91' lang='lat' dir='ltr'>cuique</span> <span class='ocrx_word' id='word_1_199' title='bbox 1560 1788 1699 1847; x_wconf 83' lang='lat' dir='ltr'>resistere</span> <span class='ocrx_word' id='word_1_200' title='bbox 1711 1789 1837 1859; x_wconf 86' lang='lat' dir='ltr'>durum,</span> 
     </span>
     <span class='ocr_line' id='line_1_34' title="bbox 131 1877 1768 1955; baseline -0.002 -14"><span class='ocrx_word' id='word_1_201' title='bbox 131 1884 191 1941; x_wconf 85' lang='lat' dir='ltr'>lloc</span> <span class='ocrx_word' id='word_1_202' title='bbox 206 1883 323 1955; x_wconf 89' lang='lat' dir='ltr'>quoties</span> <span class='ocrx_word' id='word_1_203' title='bbox 338 1882 432 1938; x_wconf 87' lang='lat' dir='ltr'>luerat</span> <span class='ocrx_word' id='word_1_204' title='bbox 447 1881 519 1937; x_wconf 91' lang='lat' dir='ltr'>mihi</span> <span class='ocrx_word' id='word_1_205' title='bbox 532 1881 627 1939; x_wconf 89' lang='lat' dir='ltr'>visum</span> <span class='ocrx_word' id='word_1_206' title='bbox 642 1885 686 1938; x_wconf 90' lang='lat' dir='ltr'>est</span> <span class='ocrx_word' id='word_1_207' title='bbox 702 1897 767 1939; x_wconf 89' lang='lat' dir='ltr'>esse</span> <span class='ocrx_word' id='word_1_208' title='bbox 781 1896 919 1954; x_wconf 91' lang='lat' dir='ltr'>perenne.</span> <span class='ocrx_word' id='word_1_209' title='bbox 1011 1880 1151 1952; x_wconf 87' lang='lat' dir='ltr'>Quodque</span> <span class='ocrx_word' id='word_1_210' title='bbox 1167 1896 1344 1952; x_wconf 88' lang='lat' dir='ltr'>supervacue</span> <span class='ocrx_word' id='word_1_211' title='bbox 1360 1880 1470 1936; x_wconf 93' lang='lat' dir='ltr'>mundo</span> <span class='ocrx_word' id='word_1_212' title='bbox 1485 1877 1593 1937; x_wconf 84' lang='lat' dir='ltr'>servire</span> <span class='ocrx_word' id='word_1_213' title='bbox 1605 1878 1768 1948; x_wconf 82' lang='lat' dir='ltr'>studerem,</span> 
     </span>
    </p>
   </div>
   <div class='ocr_carea' id='block_1_9' title="bbox 132 1970 960 3111">
    <p class='ocr_par' dir='ltr' id='par_1_27' title="bbox 132 1970 956 2312">
     <span class='ocr_line' id='line_1_35' title="bbox 132 1970 912 2044; baseline -0.006 -14"><span class='ocrx_word' id='word_1_214' title='bbox 132 1974 216 2031; x_wconf 84' lang='lat' dir='ltr'>Tunc</span> <span class='ocrx_word' id='word_1_215' title='bbox 229 1971 353 2029; x_wconf 87' lang='lat' dir='ltr'>tendum</span> <span class='ocrx_word' id='word_1_216' title='bbox 368 1971 446 2029; x_wconf 87' lang='lat' dir='ltr'>sensi</span> <span class='ocrx_word' id='word_1_217' title='bbox 462 1970 532 2043; x_wconf 90' lang='lat' dir='ltr'>quid</span> <span class='ocrx_word' id='word_1_218' title='bbox 544 1972 607 2043; x_wconf 90' lang='lat' dir='ltr'>jam</span> <span class='ocrx_word' id='word_1_219' title='bbox 624 1975 792 2028; x_wconf 88' lang='lat' dir='ltr'>mereantur</span> <span class='ocrx_word' id='word_1_220' title='bbox 805 1970 912 2044; x_wconf 90' lang='lat' dir='ltr'>iniqui,</span> 
     </span>
     <span class='ocr_line' id='line_1_36' title="bbox 133 2059 956 2134; baseline -0.004 -15"><span class='ocrx_word' id='word_1_221' title='bbox 133 2062 168 2119; x_wconf 80' lang='lat' dir='ltr'>Et</span> <span class='ocrx_word' id='word_1_222' title='bbox 182 2059 303 2119; x_wconf 87' lang='lat' dir='ltr'>memini</span> <span class='ocrx_word' id='word_1_223' title='bbox 317 2059 427 2117; x_wconf 90' lang='lat' dir='ltr'>dietum</span> <span class='ocrx_word' id='word_1_224' title='bbox 441 2065 536 2117; x_wconf 87' lang='lat' dir='ltr'>:Deus</span> <span class='ocrx_word' id='word_1_225' title='bbox 556 2060 677 2134; x_wconf 85' lang='lat' dir='ltr'>inspicit</span> <span class='ocrx_word' id='word_1_226' title='bbox 691 2077 777 2120; x_wconf 91' lang='lat' dir='ltr'>omne</span> <span class='ocrx_word' id='word_1_227' title='bbox 798 2064 956 2129; x_wconf 90' lang='lat' dir='ltr'>secretum,</span> 
     </span>
     <span class='ocr_line' id='line_1_37' title="bbox 133 2149 868 2221; baseline -0.003 -13"><span class='ocrx_word' id='word_1_228' title='bbox 133 2152 200 2221; x_wconf 84' lang='lat' dir='ltr'>Qui,</span> <span class='ocrx_word' id='word_1_229' title='bbox 214 2149 262 2207; x_wconf 91' lang='lat' dir='ltr'>hio</span> <span class='ocrx_word' id='word_1_230' title='bbox 276 2153 383 2207; x_wconf 90' lang='lat' dir='ltr'>cuncta</span> <span class='ocrx_word' id='word_1_231' title='bbox 397 2149 455 2209; x_wconf 91' lang='lat' dir='ltr'>mei</span> <span class='ocrx_word' id='word_1_232' title='bbox 471 2150 624 2207; x_wconf 87' lang='lat' dir='ltr'>denudans</span> <span class='ocrx_word' id='word_1_233' title='bbox 641 2150 746 2207; x_wconf 87' lang='lat' dir='ltr'>intima</span> <span class='ocrx_word' id='word_1_234' title='bbox 760 2149 868 2217; x_wconf 86' lang='lat' dir='ltr'>cordis,</span> 
     </span>
     <span class='ocr_line' id='line_1_38' title="bbox 132 2239 750 2312; baseline -0.002 -15"><span class='ocrx_word' id='word_1_235' title='bbox 132 2239 249 2299; x_wconf 84' lang='lat' dir='ltr'>iudicio</span> <span class='ocrx_word' id='word_1_236' title='bbox 260 2240 342 2312; x_wconf 83' lang='lat' dir='ltr'>justo</span> <span class='ocrx_word' id='word_1_237' title='bbox 357 2239 438 2295; x_wconf 90' lang='lat' dir='ltr'>dedit</span> <span class='ocrx_word' id='word_1_238' title='bbox 452 2255 498 2296; x_wconf 91' lang='lat' dir='ltr'>me</span> <span class='ocrx_word' id='word_1_239' title='bbox 513 2253 629 2311; x_wconf 86' lang='lat' dir='ltr'>semper</span> <span class='ocrx_word' id='word_1_240' title='bbox 642 2239 750 2305; x_wconf 86' lang='lat' dir='ltr'>inesse,</span> 
     </span>
    </p>

    <p class='ocr_par' dir='ltr' id='par_1_28' title="bbox 132 2327 911 2577">
     <span class='ocr_line' id='line_1_39' title="bbox 133 2327 904 2402; baseline -0.005 -16"><span class='ocrx_word' id='word_1_241' title='bbox 133 2331 201 2397; x_wconf 80' lang='lat' dir='ltr'>Qua</span> <span class='ocrx_word' id='word_1_242' title='bbox 216 2327 287 2385; x_wconf 92' lang='lat' dir='ltr'>olim</span> <span class='ocrx_word' id='word_1_243' title='bbox 301 2344 369 2385; x_wconf 92' lang='lat' dir='ltr'>cum</span> <span class='ocrx_word' id='word_1_244' title='bbox 385 2328 507 2401; x_wconf 92' lang='lat' dir='ltr'>reliquis</span> <span class='ocrx_word' id='word_1_245' title='bbox 523 2329 639 2385; x_wconf 88' lang='lat' dir='ltr'>credere</span> <span class='ocrx_word' id='word_1_246' title='bbox 652 2344 738 2401; x_wconf 90' lang='lat' dir='ltr'>posse</span> <span class='ocrx_word' id='word_1_247' title='bbox 753 2328 904 2402; x_wconf 88' lang='lat' dir='ltr'>putabam.</span> 
     </span>
     <span class='ocr_line' id='line_1_40' title="bbox 132 2416 911 2489; baseline -0.003 -15"><span class='ocrx_word' id='word_1_248' title='bbox 132 2418 207 2474; x_wconf 88' lang='lat' dir='ltr'>Nam</span> <span class='ocrx_word' id='word_1_249' title='bbox 223 2416 297 2473; x_wconf 88' lang='lat' dir='ltr'>nihil</span> <span class='ocrx_word' id='word_1_250' title='bbox 313 2417 457 2488; x_wconf 87' lang='lat' dir='ltr'>injustum</span> <span class='ocrx_word' id='word_1_251' title='bbox 473 2418 595 2488; x_wconf 91' lang='lat' dir='ltr'>mejam</span> <span class='ocrx_word' id='word_1_252' title='bbox 611 2418 740 2489; x_wconf 89' lang='lat' dir='ltr'>prolerre</span> <span class='ocrx_word' id='word_1_253' title='bbox 753 2416 911 2489; x_wconf 88' lang='lat' dir='ltr'>querebar;</span> 
     </span>
     <span class='ocr_line' id='line_1_41' title="bbox 133 2504 714 2577; baseline 0.005 -17"><span class='ocrx_word' id='word_1_254' title='bbox 133 2506 243 2563; x_wconf 90' lang='lat' dir='ltr'>Verum</span> <span class='ocrx_word' id='word_1_255' title='bbox 259 2505 388 2562; x_wconf 86' lang='lat' dir='ltr'>mirabar</span> <span class='ocrx_word' id='word_1_256' title='bbox 402 2504 506 2562; x_wconf 80' lang='lat' dir='ltr'>divine</span> <span class='ocrx_word' id='word_1_257' title='bbox 521 2505 579 2561; x_wconf 91' lang='lat' dir='ltr'>vim</span> <span class='ocrx_word' id='word_1_258' title='bbox 596 2505 714 2577; x_wconf 88' lang='lat' dir='ltr'>pietatis</span> 
     </span>
    </p>

    <p class='ocr_par' dir='ltr' id='par_1_29' title="bbox 134 2592 960 3111">
     <span class='ocr_line' id='line_1_42' title="bbox 134 2592 885 2666; baseline -0.004 -15"><span class='ocrx_word' id='word_1_259' title='bbox 134 2595 277 2666; x_wconf 81' lang='lat' dir='ltr'>Tempore</span> <span class='ocrx_word' id='word_1_260' title='bbox 292 2593 348 2650; x_wconf 91' lang='lat' dir='ltr'>suh</span> <span class='ocrx_word' id='word_1_261' title='bbox 363 2596 443 2650; x_wconf 88' lang='lat' dir='ltr'>tanto</span> <span class='ocrx_word' id='word_1_262' title='bbox 459 2593 598 2651; x_wconf 87' lang='lat' dir='ltr'>stolidum</span> <span class='ocrx_word' id='word_1_263' title='bbox 614 2598 722 2650; x_wconf 90' lang='lat' dir='ltr'>memet</span> <span class='ocrx_word' id='word_1_264' title='bbox 738 2592 885 2666; x_wconf 87' lang='lat' dir='ltr'>patieutis.</span> 
     </span>
     <span class='ocr_line' id='line_1_43' title="bbox 135 2681 940 2755; baseline 0.001 -16"><span class='ocrx_word' id='word_1_265' title='bbox 135 2682 211 2747; x_wconf 83' lang='lat' dir='ltr'>Quid</span> <span class='ocrx_word' id='word_1_266' title='bbox 226 2681 299 2739; x_wconf 94' lang='lat' dir='ltr'>mibi</span> <span class='ocrx_word' id='word_1_267' title='bbox 314 2687 385 2739; x_wconf 91' lang='lat' dir='ltr'>tuno</span> <span class='ocrx_word' id='word_1_268' title='bbox 399 2685 541 2751; x_wconf 88' lang='lat' dir='ltr'>Socrates,</span> <span class='ocrx_word' id='word_1_269' title='bbox 553 2681 597 2739; x_wconf 92' lang='lat' dir='ltr'>vel</span> <span class='ocrx_word' id='word_1_270' title='bbox 614 2682 691 2739; x_wconf 87' lang='lat' dir='ltr'>Plato</span> <span class='ocrx_word' id='word_1_271' title='bbox 702 2682 940 2755; x_wconf 85' lang='lat' dir='ltr'>Aristotelesque,</span> 
     </span>
     <span class='ocr_line' id='line_1_44' title="bbox 135 2770 918 2845; baseline -0.003 -15"><span class='ocrx_word' id='word_1_272' title='bbox 135 2770 251 2830; x_wconf 89' lang='lat' dir='ltr'>Tullius</span> <span class='ocrx_word' id='word_1_273' title='bbox 265 2770 329 2845; x_wconf 87' lang='lat' dir='ltr'>ipse</span> <span class='ocrx_word' id='word_1_274' title='bbox 343 2771 451 2843; x_wconf 89' lang='lat' dir='ltr'>rhetor,</span> <span class='ocrx_word' id='word_1_275' title='bbox 467 2772 623 2829; x_wconf 75' lang='lat' dir='ltr'>mundanae</span> <span class='ocrx_word' id='word_1_276' title='bbox 638 2771 785 2845; x_wconf 83' lang='lat' dir='ltr'>dogmatis</span> <span class='ocrx_word' id='word_1_277' title='bbox 799 2773 918 2829; x_wconf 81' lang='lat' dir='ltr'>auctor?</span> 
     </span>
     <span class='ocr_line' id='line_1_45' title="bbox 138 2860 960 2934; baseline -0.002 -16"><span class='ocrx_word' id='word_1_278' title='bbox 138 2861 190 2918; x_wconf 90' lang='lat' dir='ltr'>Dic</span> <span class='ocrx_word' id='word_1_279' title='bbox 199 2860 270 2933; x_wconf 90' lang='lat' dir='ltr'>quid</span> <span class='ocrx_word' id='word_1_280' title='bbox 284 2860 363 2917; x_wconf 92' lang='lat' dir='ltr'>enim</span> <span class='ocrx_word' id='word_1_281' title='bbox 374 2860 482 2918; x_wconf 91' lang='lat' dir='ltr'>misero</span> <span class='ocrx_word' id='word_1_282' title='bbox 492 2860 565 2917; x_wconf 91' lang='lat' dir='ltr'>mihi</span> <span class='ocrx_word' id='word_1_283' title='bbox 575 2865 646 2917; x_wconf 90' lang='lat' dir='ltr'>tuno</span> <span class='ocrx_word' id='word_1_284' title='bbox 656 2862 794 2934; x_wconf 89' lang='lat' dir='ltr'>prodesse</span> <span class='ocrx_word' id='word_1_285' title='bbox 804 2861 960 2919; x_wconf 75' lang='lat' dir='ltr'>velabant?</span> 
     </span>
     <span class='ocr_line' id='line_1_46' title="bbox 139 2948 847 3024; baseline -0.001 -18"><span class='ocrx_word' id='word_1_286' title='bbox 139 2951 217 3016; x_wconf 83' lang='lat' dir='ltr'>Quos</span> <span class='ocrx_word' id='word_1_287' title='bbox 232 2948 258 3007; x_wconf 89' lang='lat' dir='ltr'>si</span> <span class='ocrx_word' id='word_1_288' title='bbox 272 2965 332 3006; x_wconf 90' lang='lat' dir='ltr'>non</span> <span class='ocrx_word' id='word_1_289' title='bbox 346 2949 416 3023; x_wconf 89' lang='lat' dir='ltr'>legi,</span> <span class='ocrx_word' id='word_1_290' title='bbox 431 2966 483 3022; x_wconf 89' lang='lat' dir='ltr'>per</span> <span class='ocrx_word' id='word_1_291' title='bbox 496 2954 629 3024; x_wconf 90' lang='lat' dir='ltr'>tempora</span> <span class='ocrx_word' id='word_1_292' title='bbox 643 2949 737 3007; x_wconf 87' lang='lat' dir='ltr'>multa</span> <span class='ocrx_word' id='word_1_293' title='bbox 751 2950 847 3022; x_wconf 89' lang='lat' dir='ltr'>cupivi</span> 
     </span>
     <span class='ocr_line' id='line_1_47' title="bbox 137 3037 839 3111; baseline -0.001 -16"><span class='ocrx_word' id='word_1_294' title='bbox 137 3039 308 3111; x_wconf 81' lang='lat' dir='ltr'>Allectuque</span> <span class='ocrx_word' id='word_1_295' title='bbox 319 3038 385 3111; x_wconf 91' lang='lat' dir='ltr'>ipso</span> <span class='ocrx_word' id='word_1_296' title='bbox 400 3037 531 3094; x_wconf 90' lang='lat' dir='ltr'>discendi</span> <span class='ocrx_word' id='word_1_297' title='bbox 546 3037 604 3094; x_wconf 89' lang='lat' dir='ltr'>adii</span> <span class='ocrx_word' id='word_1_298' title='bbox 618 3037 682 3095; x_wconf 89' lang='lat' dir='ltr'>loca</span> <span class='ocrx_word' id='word_1_299' title='bbox 695 3039 839 3111; x_wconf 82' lang='lat' dir='ltr'>quedem,</span> 
     </span>
    </p>
   </div>
   <div class='ocr_carea' id='block_1_10' title="bbox 79 3123 1677 3290">
    <p class='ocr_par' dir='ltr' id='par_1_30' title="bbox 79 3123 1677 3290">
     <span class='ocr_line' id='line_1_48' title="bbox 79 3123 897 3202; baseline 0 -19"><span class='ocrx_word' id='word_1_300' title='bbox 79 3123 85 3133; x_wconf 84' lang='lat'>&#39;</span> <span class='ocrx_word' id='word_1_301' title='bbox 138 3128 205 3193; x_wconf 82' lang='lat' dir='ltr'>Quas</span> <span class='ocrx_word' id='word_1_302' title='bbox 220 3144 272 3202; x_wconf 89' lang='lat' dir='ltr'>pro</span> <span class='ocrx_word' id='word_1_303' title='bbox 286 3127 446 3184; x_wconf 92' lang='lat' dir='ltr'>mundanis</span> <span class='ocrx_word' id='word_1_304' title='bbox 461 3126 534 3183; x_wconf 91' lang='lat' dir='ltr'>mihi</span> <span class='ocrx_word' id='word_1_305' title='bbox 548 3127 678 3185; x_wconf 91' lang='lat' dir='ltr'>oultihus</span> <span class='ocrx_word' id='word_1_306' title='bbox 692 3128 804 3201; x_wconf 88' lang='lat' dir='ltr'>optime</span> <span class='ocrx_word' id='word_1_307' title='bbox 818 3128 897 3184; x_wconf 84' lang='lat' dir='ltr'>duxi.</span> 
     </span>
     <span class='ocr_line' id='line_1_49' title="bbox 135 3191 1677 3290; baseline -0.004 -13"><span class='ocrx_word' id='word_1_308' title='bbox 135 3216 192 3277; x_wconf 79' lang='lat' dir='ltr'>sed</span> <span class='ocrx_word' id='word_1_309' title='bbox 207 3232 255 3273; x_wconf 89' lang='lat' dir='ltr'>me</span> <span class='ocrx_word' id='word_1_310' title='bbox 267 3215 448 3288; x_wconf 82' lang='lat' dir='ltr'>preveniens</span> <span class='ocrx_word' id='word_1_311' title='bbox 462 3216 578 3272; x_wconf 68' lang='lat' dir='ltr'>Dasmini</span> <span class='ocrx_word' id='word_1_312' title='bbox 594 3215 750 3274; x_wconf 88' lang='lat' dir='ltr'>clementie</span> <span class='ocrx_word' id='word_1_313' title='bbox 764 3216 883 3290; x_wconf 91' lang='lat' dir='ltr'>ubique,</span> <span class='ocrx_word' id='word_1_314' title='bbox 973 3191 996 3261; x_wconf 72' lang='lat' dir='ltr'><strong>G</strong></span> <span class='ocrx_word' id='word_1_315' title='bbox 1015 3218 1083 3283; x_wconf 83' lang='lat' dir='ltr'>Qua</span> <span class='ocrx_word' id='word_1_316' title='bbox 1098 3217 1180 3289; x_wconf 92' lang='lat' dir='ltr'>prius</span> <span class='ocrx_word' id='word_1_317' title='bbox 1196 3216 1288 3288; x_wconf 89' lang='lat' dir='ltr'>abjeci</span> <span class='ocrx_word' id='word_1_318' title='bbox 1304 3221 1416 3274; x_wconf 88' lang='lat' dir='ltr'>secreta</span> <span class='ocrx_word' id='word_1_319' title='bbox 1430 3217 1577 3289; x_wconf 90' lang='lat' dir='ltr'>requirere</span> <span class='ocrx_word' id='word_1_320' title='bbox 1591 3216 1677 3290; x_wconf 81' lang='lat' dir='ltr'>coepi.</span> 
     </span>
    </p>
   </div>
   <div class='ocr_carea' id='block_1_11' title="bbox 108 3303 960 5692">
    <p class='ocr_par' dir='ltr' id='par_1_31' title="bbox 108 3303 960 5692">
     <span class='ocr_line' id='line_1_50' title="bbox 116 3303 871 3391; baseline 0.001 -31"><span class='ocrx_word' id='word_1_321' title='bbox 116 3304 229 3391; x_wconf 47' lang='lat' dir='ltr'>&#39;Quam</span> <span class='ocrx_word' id='word_1_322' title='bbox 245 3304 327 3377; x_wconf 90' lang='lat' dir='ltr'>prius</span> <span class='ocrx_word' id='word_1_323' title='bbox 341 3303 472 3377; x_wconf 84' lang='lat' dir='ltr'>exposui,</span> <span class='ocrx_word' id='word_1_324' title='bbox 488 3305 601 3362; x_wconf 90' lang='lat' dir='ltr'>ratione</span> <span class='ocrx_word' id='word_1_325' title='bbox 616 3309 776 3362; x_wconf 85' lang='lat' dir='ltr'>retraxerat</span> <span class='ocrx_word' id='word_1_326' title='bbox 792 3305 871 3363; x_wconf 90' lang='lat' dir='ltr'>inde.</span> 
     </span>
     <span class='ocr_line' id='line_1_51' title="bbox 115 3391 768 3468; baseline 0.002 -19"><span class='ocrx_word' id='word_1_327' title='bbox 115 3444 118 3449; x_wconf 91' lang='lat'>.</span> <span class='ocrx_word' id='word_1_328' title='bbox 138 3391 191 3450; x_wconf 93' lang='lat' dir='ltr'>Illa</span> <span class='ocrx_word' id='word_1_329' title='bbox 205 3392 352 3465; x_wconf 83' lang='lat' dir='ltr'>tripertita</span> <span class='ocrx_word' id='word_1_330' title='bbox 365 3393 493 3451; x_wconf 82' lang='lat' dir='ltr'>Maronis</span> <span class='ocrx_word' id='word_1_331' title='bbox 508 3397 537 3450; x_wconf 92' lang='lat' dir='ltr'>et</span> <span class='ocrx_word' id='word_1_332' title='bbox 552 3391 660 3468; x_wconf 79' lang='lat' dir='ltr'>inclyta</span> <span class='ocrx_word' id='word_1_333' title='bbox 671 3394 768 3463; x_wconf 87' lang='lat' dir='ltr'>verbs,</span> 
     </span>
     <span class='ocr_line' id='line_1_52' title="bbox 112 3481 861 3554; baseline -0.004 -13"><span class='ocrx_word' id='word_1_334' title='bbox 112 3528 115 3541; x_wconf 93' lang='lat'>.</span> <span class='ocrx_word' id='word_1_335' title='bbox 135 3482 233 3540; x_wconf 86' lang='lat' dir='ltr'>Lectio</span> <span class='ocrx_word' id='word_1_336' title='bbox 247 3481 367 3550; x_wconf 86' lang='lat' dir='ltr'>Luceni,</span> <span class='ocrx_word' id='word_1_337' title='bbox 384 3498 474 3554; x_wconf 88' lang='lat' dir='ltr'>quam</span> <span class='ocrx_word' id='word_1_338' title='bbox 489 3482 617 3539; x_wconf 89' lang='lat' dir='ltr'>maxime</span> <span class='ocrx_word' id='word_1_339' title='bbox 631 3487 702 3538; x_wconf 88' lang='lat' dir='ltr'>tanc</span> <span class='ocrx_word' id='word_1_340' title='bbox 716 3483 861 3550; x_wconf 86' lang='lat' dir='ltr'>adamavi,</span> 
     </span>
     <span class='ocr_line' id='line_1_53' title="bbox 112 3558 773 3643; baseline -0.005 -14"><span class='ocrx_word' id='word_1_341' title='bbox 112 3558 114 3565; x_wconf 44' lang='lat'><strong>¹</strong></span> <span class='ocrx_word' id='word_1_342' title='bbox 134 3571 171 3629; x_wconf 76' lang='lat' dir='ltr'>El</span> <span class='ocrx_word' id='word_1_343' title='bbox 184 3570 231 3628; x_wconf 93' lang='lat' dir='ltr'>oui</span> <span class='ocrx_word' id='word_1_344' title='bbox 243 3572 306 3643; x_wconf 88' lang='lat' dir='ltr'>jam</span> <span class='ocrx_word' id='word_1_345' title='bbox 322 3587 426 3642; x_wconf 90' lang='lat' dir='ltr'>nuper,</span> <span class='ocrx_word' id='word_1_346' title='bbox 442 3571 546 3627; x_wconf 82' lang='lat' dir='ltr'>divina</span> <span class='ocrx_word' id='word_1_347' title='bbox 560 3570 633 3641; x_wconf 87' lang='lat' dir='ltr'>legis</span> <span class='ocrx_word' id='word_1_348' title='bbox 648 3571 773 3639; x_wconf 89' lang='lat' dir='ltr'>adulter,</span> 
     </span>
     <span class='ocr_line' id='line_1_54' title="bbox 133 3659 960 3734; baseline 0.004 -18"><span class='ocrx_word' id='word_1_349' title='bbox 133 3659 181 3717; x_wconf 88' lang='lat' dir='ltr'>Sic</span> <span class='ocrx_word' id='word_1_350' title='bbox 196 3660 327 3716; x_wconf 89' lang='lat' dir='ltr'>intentus</span> <span class='ocrx_word' id='word_1_351' title='bbox 342 3674 424 3715; x_wconf 89' lang='lat' dir='ltr'>aram</span> <span class='ocrx_word' id='word_1_352' title='bbox 436 3659 514 3731; x_wconf 92' lang='lat' dir='ltr'>quod</span> <span class='ocrx_word' id='word_1_353' title='bbox 524 3659 572 3715; x_wconf 91' lang='lat' dir='ltr'>vix</span> <span class='ocrx_word' id='word_1_354' title='bbox 586 3675 701 3732; x_wconf 88' lang='lat' dir='ltr'>egerem</span> <span class='ocrx_word' id='word_1_355' title='bbox 717 3659 864 3732; x_wconf 91' lang='lat' dir='ltr'>reliquum</span> <span class='ocrx_word' id='word_1_356' title='bbox 878 3661 960 3734; x_wconf 89' lang='lat' dir='ltr'>quid,</span> 
     </span>
     <span class='ocr_line' id='line_1_55' title="bbox 108 3745 960 3822; baseline 0.005 -19"><span class='ocrx_word' id='word_1_357' title='bbox 108 3750 111 3755; x_wconf 83' lang='lat'>&#39;</span> <span class='ocrx_word' id='word_1_358' title='bbox 135 3752 229 3821; x_wconf 75' lang='lat' dir='ltr'>Atque</span> <span class='ocrx_word' id='word_1_359' title='bbox 238 3746 384 3822; x_wconf 89' lang='lat' dir='ltr'>legentem</span> <span class='ocrx_word' id='word_1_360' title='bbox 394 3746 493 3820; x_wconf 89' lang='lat' dir='ltr'>ipsum</span> <span class='ocrx_word' id='word_1_361' title='bbox 503 3747 634 3820; x_wconf 87' lang='lat' dir='ltr'>cepitme</span> <span class='ocrx_word' id='word_1_362' title='bbox 643 3745 810 3820; x_wconf 77' lang='lat' dir='ltr'>haecpassio</span> <span class='ocrx_word' id='word_1_363' title='bbox 819 3749 960 3821; x_wconf 91' lang='lat' dir='ltr'>primum.</span> 
     </span>
     <span class='ocr_line' id='line_1_56' title="bbox 134 3836 839 3909; baseline -0.001 -15"><span class='ocrx_word' id='word_1_364' title='bbox 134 3837 188 3894; x_wconf 90' lang='lat' dir='ltr'>Sec</span> <span class='ocrx_word' id='word_1_365' title='bbox 202 3837 329 3894; x_wconf 89' lang='lat' dir='ltr'>necdum</span> <span class='ocrx_word' id='word_1_366' title='bbox 343 3851 446 3909; x_wconf 87' lang='lat' dir='ltr'>poenas</span> <span class='ocrx_word' id='word_1_367' title='bbox 460 3836 582 3892; x_wconf 90' lang='lat' dir='ltr'>credens</span> <span class='ocrx_word' id='word_1_368' title='bbox 596 3836 700 3894; x_wconf 83' lang='lat' dir='ltr'>exinde</span> <span class='ocrx_word' id='word_1_369' title='bbox 712 3836 839 3906; x_wconf 81' lang='lat' dir='ltr'>suturas,</span> 
     </span>
     <span class='ocr_line' id='line_1_57' title="bbox 132 3922 920 3998; baseline 0.003 -15"><span class='ocrx_word' id='word_1_370' title='bbox 132 3924 313 3998; x_wconf 76' lang='lat' dir='ltr'>Languidus,</span> <span class='ocrx_word' id='word_1_371' title='bbox 327 3929 361 3981; x_wconf 87' lang='lat' dir='ltr'>ut</span> <span class='ocrx_word' id='word_1_372' title='bbox 374 3927 516 3996; x_wconf 89' lang='lat' dir='ltr'>poteram,</span> <span class='ocrx_word' id='word_1_373' title='bbox 532 3922 588 3997; x_wconf 86' lang='lat' dir='ltr'>legi</span> <span class='ocrx_word' id='word_1_374' title='bbox 604 3925 757 3983; x_wconf 89' lang='lat' dir='ltr'>studiosus</span> <span class='ocrx_word' id='word_1_375' title='bbox 771 3928 920 3996; x_wconf 88' lang='lat' dir='ltr'>eumdem,</span> 
     </span>
     <span class='ocr_line' id='line_1_58' title="bbox 131 4011 867 4085; baseline 0.004 -15"><span class='ocrx_word' id='word_1_376' title='bbox 131 4014 230 4070; x_wconf 88' lang='lat' dir='ltr'>Donec</span> <span class='ocrx_word' id='word_1_377' title='bbox 245 4012 336 4071; x_wconf 90' lang='lat' dir='ltr'>ullius</span> <span class='ocrx_word' id='word_1_378' title='bbox 350 4011 433 4085; x_wconf 92' lang='lat' dir='ltr'>vigor</span> <span class='ocrx_word' id='word_1_379' title='bbox 447 4012 596 4069; x_wconf 85' lang='lat' dir='ltr'>exstiterat</span> <span class='ocrx_word' id='word_1_380' title='bbox 610 4013 684 4070; x_wconf 91' lang='lat' dir='ltr'>mihi</span> <span class='ocrx_word' id='word_1_381' title='bbox 698 4032 814 4073; x_wconf 91' lang='lat' dir='ltr'>sensus.</span> <span class='ocrx_word' id='word_1_382' title='bbox 865 4039 867 4045; x_wconf 95' lang='lat'>·</span> 
     </span>
     <span class='ocr_line' id='line_1_59' title="bbox 128 4100 955 4180; baseline 0.01 -23"><span class='ocrx_word' id='word_1_383' title='bbox 128 4103 224 4169; x_wconf 83' lang='lat' dir='ltr'>Quam</span> <span class='ocrx_word' id='word_1_384' title='bbox 232 4100 322 4158; x_wconf 84' lang='lat' dir='ltr'>venia</span> <span class='ocrx_word' id='word_1_385' title='bbox 332 4116 453 4158; x_wconf 89' lang='lat' dir='ltr'>causam</span> <span class='ocrx_word' id='word_1_386' title='bbox 462 4101 758 4175; x_wconf 85' lang='lat' dir='ltr'>qualemquedabant</span> <span class='ocrx_word' id='word_1_387' title='bbox 768 4106 955 4180; x_wconf 87' lang='lat' dir='ltr'>medicinam,</span> 
     </span>
     <span class='ocr_line' id='line_1_60' title="bbox 129 4188 905 4266; baseline 0.009 -21"><span class='ocrx_word' id='word_1_388' title='bbox 129 4188 202 4246; x_wconf 81' lang='lat' dir='ltr'>Cum</span> <span class='ocrx_word' id='word_1_389' title='bbox 218 4205 271 4246; x_wconf 88' lang='lat' dir='ltr'>neo</span> <span class='ocrx_word' id='word_1_390' title='bbox 285 4189 372 4264; x_wconf 91' lang='lat' dir='ltr'>signa</span> <span class='ocrx_word' id='word_1_391' title='bbox 386 4190 483 4247; x_wconf 88' lang='lat' dir='ltr'>crucis</span> <span class='ocrx_word' id='word_1_392' title='bbox 499 4191 662 4263; x_wconf 89' lang='lat' dir='ltr'>potuissem</span> <span class='ocrx_word' id='word_1_393' title='bbox 677 4209 785 4266; x_wconf 88' lang='lat' dir='ltr'>ponere</span> <span class='ocrx_word' id='word_1_394' title='bbox 803 4195 905 4263; x_wconf 82' lang='lat' dir='ltr'>fronti,</span> 
     </span>
     <span class='ocr_line' id='line_1_61' title="bbox 127 4278 937 4358; baseline 0.012 -24"><span class='ocrx_word' id='word_1_395' title='bbox 127 4283 163 4335; x_wconf 85' lang='lat' dir='ltr'>Et</span> <span class='ocrx_word' id='word_1_396' title='bbox 176 4278 241 4336; x_wconf 90' lang='lat' dir='ltr'>sine</span> <span class='ocrx_word' id='word_1_397' title='bbox 255 4295 307 4353; x_wconf 86' lang='lat' dir='ltr'>spe</span> <span class='ocrx_word' id='word_1_398' title='bbox 321 4278 436 4352; x_wconf 86' lang='lat' dir='ltr'>positus</span> <span class='ocrx_word' id='word_1_399' title='bbox 451 4281 668 4355; x_wconf 89' lang='lat' dir='ltr'>constringerer</span> <span class='ocrx_word' id='word_1_400' title='bbox 687 4283 817 4356; x_wconf 90' lang='lat' dir='ltr'>undique</span> <span class='ocrx_word' id='word_1_401' title='bbox 832 4286 937 4358; x_wconf 74' lang='lat' dir='ltr'>peanis,</span> 
     </span>
     <span class='ocr_line' id='line_1_62' title="bbox 127 4366 889 4447; baseline 0.009 -23"><span class='ocrx_word' id='word_1_402' title='bbox 127 4366 205 4432; x_wconf 83' lang='lat' dir='ltr'>Quas</span> <span class='ocrx_word' id='word_1_403' title='bbox 219 4383 273 4425; x_wconf 89' lang='lat' dir='ltr'>nec</span> <span class='ocrx_word' id='word_1_404' title='bbox 288 4367 413 4440; x_wconf 86' lang='lat' dir='ltr'>prolerri</span> <span class='ocrx_word' id='word_1_405' title='bbox 427 4368 513 4426; x_wconf 80' lang='lat' dir='ltr'>facile</span> <span class='ocrx_word' id='word_1_406' title='bbox 528 4386 594 4427; x_wconf 90' lang='lat' dir='ltr'>esse</span> <span class='ocrx_word' id='word_1_407' title='bbox 609 4387 674 4427; x_wconf 89' lang='lat' dir='ltr'>reor</span> <span class='ocrx_word' id='word_1_408' title='bbox 688 4386 785 4446; x_wconf 90' lang='lat' dir='ltr'>neque</span> <span class='ocrx_word' id='word_1_409' title='bbox 800 4375 889 4447; x_wconf 91' lang='lat' dir='ltr'>credi,</span> 
     </span>
     <span class='ocr_line' id='line_1_63' title="bbox 125 4455 812 4531; baseline 0.007 -18"><span class='ocrx_word' id='word_1_410' title='bbox 125 4455 210 4514; x_wconf 89' lang='lat' dir='ltr'>Nunc</span> <span class='ocrx_word' id='word_1_411' title='bbox 225 4455 385 4515; x_wconf 90' lang='lat' dir='ltr'>invisibilis</span> <span class='ocrx_word' id='word_1_412' title='bbox 400 4458 516 4531; x_wconf 90' lang='lat' dir='ltr'>patiens</span> <span class='ocrx_word' id='word_1_413' title='bbox 531 4463 677 4516; x_wconf 87' lang='lat' dir='ltr'>tormenta</span> <span class='ocrx_word' id='word_1_414' title='bbox 693 4461 812 4528; x_wconf 90' lang='lat' dir='ltr'>doloris,</span> 
     </span>
     <span class='ocr_line' id='line_1_64' title="bbox 124 4545 773 4607; baseline 0.008 -6"><span class='ocrx_word' id='word_1_415' title='bbox 124 4546 190 4603; x_wconf 77' lang='lat' dir='ltr'>llox</span> <span class='ocrx_word' id='word_1_416' title='bbox 203 4562 239 4605; x_wconf 91' lang='lat' dir='ltr'>ex</span> <span class='ocrx_word' id='word_1_417' title='bbox 252 4545 360 4604; x_wconf 89' lang='lat' dir='ltr'>visibili</span> <span class='ocrx_word' id='word_1_418' title='bbox 375 4547 464 4605; x_wconf 89' lang='lat' dir='ltr'>nimis</span> <span class='ocrx_word' id='word_1_419' title='bbox 479 4548 607 4605; x_wconf 82' lang='lat' dir='ltr'>sillictus</span> <span class='ocrx_word' id='word_1_420' title='bbox 622 4549 773 4607; x_wconf 89' lang='lat' dir='ltr'>cruciatui</span> 
     </span>
     <span class='ocr_line' id='line_1_65' title="bbox 124 4633 900 4711; baseline 0.008 -20"><span class='ocrx_word' id='word_1_421' title='bbox 124 4633 211 4706; x_wconf 88' lang='lat' dir='ltr'>Nam,</span> <span class='ocrx_word' id='word_1_422' title='bbox 226 4652 285 4708; x_wconf 90' lang='lat' dir='ltr'>quo</span> <span class='ocrx_word' id='word_1_423' title='bbox 296 4640 466 4711; x_wconf 79' lang='lat' dir='ltr'>preteream</span> <span class='ocrx_word' id='word_1_424' title='bbox 482 4637 597 4697; x_wconf 90' lang='lat' dir='ltr'>diversa</span> <span class='ocrx_word' id='word_1_425' title='bbox 614 4639 724 4711; x_wconf 93' lang='lat' dir='ltr'>quihus</span> <span class='ocrx_word' id='word_1_426' title='bbox 736 4639 900 4711; x_wconf 90' lang='lat' dir='ltr'>cruciabar,</span> 
     </span>
     <span class='ocr_line' id='line_1_66' title="bbox 125 4723 900 4801; baseline 0.009 -20"><span class='ocrx_word' id='word_1_427' title='bbox 125 4723 224 4781; x_wconf 89' lang='lat' dir='ltr'>Unum</span> <span class='ocrx_word' id='word_1_428' title='bbox 240 4725 277 4782; x_wconf 91' lang='lat' dir='ltr'>de</span> <span class='ocrx_word' id='word_1_429' title='bbox 292 4725 405 4799; x_wconf 88' lang='lat' dir='ltr'>multis,</span> <span class='ocrx_word' id='word_1_430' title='bbox 420 4728 499 4800; x_wconf 92' lang='lat' dir='ltr'>quod</span> <span class='ocrx_word' id='word_1_431' title='bbox 511 4727 574 4799; x_wconf 87' lang='lat' dir='ltr'>jam</span> <span class='ocrx_word' id='word_1_432' title='bbox 591 4728 723 4801; x_wconf 87' lang='lat' dir='ltr'>memini,</span> <span class='ocrx_word' id='word_1_433' title='bbox 739 4730 876 4787; x_wconf 89' lang='lat' dir='ltr'>reserabo</span> <span class='ocrx_word' id='word_1_434' title='bbox 893 4748 900 4788; x_wconf 93' lang='lat'>:</span> 
     </span>
     <span class='ocr_line' id='line_1_67' title="bbox 126 4812 733 4891; baseline 0.007 -20"><span class='ocrx_word' id='word_1_435' title='bbox 126 4812 244 4871; x_wconf 87' lang='lat' dir='ltr'>Scilicet</span> <span class='ocrx_word' id='word_1_436' title='bbox 260 4813 289 4868; x_wconf 92' lang='lat' dir='ltr'>in</span> <span class='ocrx_word' id='word_1_437' title='bbox 304 4813 357 4871; x_wconf 88' lang='lat' dir='ltr'>tali</span> <span class='ocrx_word' id='word_1_438' title='bbox 371 4815 508 4873; x_wconf 86' lang='lat' dir='ltr'>versabar</span> <span class='ocrx_word' id='word_1_439' title='bbox 522 4832 598 4890; x_wconf 83' lang='lat' dir='ltr'>sepe</span> <span class='ocrx_word' id='word_1_440' title='bbox 614 4821 733 4891; x_wconf 91' lang='lat' dir='ltr'>stupore</span> 
     </span>
     <span class='ocr_line' id='line_1_68' title="bbox 126 4900 882 4977; baseline 0.012 -20"><span class='ocrx_word' id='word_1_441' title='bbox 126 4900 164 4958; x_wconf 92' lang='lat' dir='ltr'>Ut</span> <span class='ocrx_word' id='word_1_442' title='bbox 176 4900 227 4957; x_wconf 86' lang='lat' dir='ltr'>lux</span> <span class='ocrx_word' id='word_1_443' title='bbox 240 4905 330 4974; x_wconf 89' lang='lat' dir='ltr'>atque</span> <span class='ocrx_word' id='word_1_444' title='bbox 344 4902 408 4959; x_wconf 84' lang='lat' dir='ltr'>dies</span> <span class='ocrx_word' id='word_1_445' title='bbox 423 4903 493 4975; x_wconf 91' lang='lat' dir='ltr'>quid</span> <span class='ocrx_word' id='word_1_446' title='bbox 507 4903 551 4960; x_wconf 91' lang='lat' dir='ltr'>vel</span> <span class='ocrx_word' id='word_1_447' title='bbox 566 4905 627 4962; x_wconf 91' lang='lat' dir='ltr'>sint</span> <span class='ocrx_word' id='word_1_448' title='bbox 641 4907 759 4966; x_wconf 88' lang='lat' dir='ltr'>nescius</span> <span class='ocrx_word' id='word_1_449' title='bbox 774 4924 882 4977; x_wconf 89' lang='lat' dir='ltr'>essem,</span> 
     </span>
     <span class='ocr_line' id='line_1_69' title="bbox 125 4988 874 5070; baseline 0.013 -24"><span class='ocrx_word' id='word_1_450' title='bbox 125 4988 185 5046; x_wconf 88' lang='lat' dir='ltr'>Neo</span> <span class='ocrx_word' id='word_1_451' title='bbox 199 4989 317 5049; x_wconf 86' lang='lat' dir='ltr'>carnale</span> <span class='ocrx_word' id='word_1_452' title='bbox 331 4989 443 5063; x_wconf 85' lang='lat' dir='ltr'>aliquid</span> <span class='ocrx_word' id='word_1_453' title='bbox 459 4991 545 5064; x_wconf 88' lang='lat' dir='ltr'>plano</span> <span class='ocrx_word' id='word_1_454' title='bbox 557 4993 729 5067; x_wconf 88' lang='lat' dir='ltr'>dignoscere</span> <span class='ocrx_word' id='word_1_455' title='bbox 744 5014 874 5070; x_wconf 89' lang='lat' dir='ltr'>possem,</span> 
     </span>
     <span class='ocr_line' id='line_1_70' title="bbox 126 5078 837 5155; baseline 0.011 -20"><span class='ocrx_word' id='word_1_456' title='bbox 126 5078 284 5136; x_wconf 91' lang='lat' dir='ltr'>lntendens</span> <span class='ocrx_word' id='word_1_457' title='bbox 298 5078 394 5137; x_wconf 92' lang='lat' dir='ltr'>solum</span> <span class='ocrx_word' id='word_1_458' title='bbox 410 5096 468 5153; x_wconf 90' lang='lat' dir='ltr'>quo</span> <span class='ocrx_word' id='word_1_459' title='bbox 482 5081 569 5138; x_wconf 87' lang='lat' dir='ltr'>ssatus</span> <span class='ocrx_word' id='word_1_460' title='bbox 584 5098 676 5155; x_wconf 87' lang='lat' dir='ltr'>agone</span> <span class='ocrx_word' id='word_1_461' title='bbox 691 5085 837 5143; x_wconf 89' lang='lat' dir='ltr'>trahebar.</span> 
     </span>
     <span class='ocr_line' id='line_1_71' title="bbox 124 5166 953 5244; baseline 0.012 -19"><span class='ocrx_word' id='word_1_462' title='bbox 124 5166 182 5225; x_wconf 82' lang='lat' dir='ltr'>Sed</span> <span class='ocrx_word' id='word_1_463' title='bbox 197 5169 270 5226; x_wconf 87' lang='lat' dir='ltr'>selis</span> <span class='ocrx_word' id='word_1_464' title='bbox 286 5168 357 5226; x_wconf 92' lang='lat' dir='ltr'>hino</span> <span class='ocrx_word' id='word_1_465' title='bbox 373 5169 495 5227; x_wconf 91' lang='lat' dir='ltr'>dictum.</span> <span class='ocrx_word' id='word_1_466' title='bbox 507 5173 701 5244; x_wconf 74' lang='lat' dir='ltr'>properemus</span> <span class='ocrx_word' id='word_1_467' title='bbox 712 5191 790 5231; x_wconf 93' lang='lat' dir='ltr'>nunc</span> <span class='ocrx_word' id='word_1_468' title='bbox 801 5176 953 5235; x_wconf 89' lang='lat' dir='ltr'>aliorsum.</span> 
     </span>
     <span class='ocr_line' id='line_1_72' title="bbox 123 5256 846 5338; baseline 0.011 -25"><span class='ocrx_word' id='word_1_469' title='bbox 123 5256 283 5331; x_wconf 89' lang='lat' dir='ltr'>Postquam</span> <span class='ocrx_word' id='word_1_470' title='bbox 300 5259 376 5318; x_wconf 91' lang='lat' dir='ltr'>mira</span> <span class='ocrx_word' id='word_1_471' title='bbox 391 5260 442 5317; x_wconf 80' lang='lat' dir='ltr'>liei</span> <span class='ocrx_word' id='word_1_472' title='bbox 461 5260 617 5317; x_wconf 86' lang='lat' dir='ltr'>clementia</span> <span class='ocrx_word' id='word_1_473' title='bbox 632 5278 678 5318; x_wconf 88' lang='lat' dir='ltr'>me</span> <span class='ocrx_word' id='word_1_474' title='bbox 693 5266 846 5338; x_wconf 86' lang='lat' dir='ltr'>reparavit,</span> 
     </span>
     <span class='ocr_line' id='line_1_73' title="bbox 123 5349 846 5427; baseline 0.011 -25"><span class='ocrx_word' id='word_1_475' title='bbox 123 5349 220 5403; x_wconf 80' lang='lat' dir='ltr'>Sanus</span> <span class='ocrx_word' id='word_1_476' title='bbox 236 5351 265 5403; x_wconf 89' lang='lat' dir='ltr'>ct</span> <span class='ocrx_word' id='word_1_477' title='bbox 280 5365 313 5405; x_wconf 83' lang='lat' dir='ltr'>ex</span> <span class='ocrx_word' id='word_1_478' title='bbox 329 5352 390 5407; x_wconf 89' lang='lat' dir='ltr'>loto</span> <span class='ocrx_word' id='word_1_479' title='bbox 405 5349 583 5419; x_wconf 83' lang='lat' dir='ltr'>lestussum</span> <span class='ocrx_word' id='word_1_480' title='bbox 600 5354 731 5424; x_wconf 88' lang='lat' dir='ltr'>ternpore</span> <span class='ocrx_word' id='word_1_481' title='bbox 748 5371 846 5427; x_wconf 88' lang='lat' dir='ltr'>parvo.</span> 
     </span>
     <span class='ocr_line' id='line_1_74' title="bbox 123 5434 869 5512; baseline 0.017 -23"><span class='ocrx_word' id='word_1_482' title='bbox 123 5434 189 5490; x_wconf 82' lang='lat' dir='ltr'>iam</span> <span class='ocrx_word' id='word_1_483' title='bbox 207 5453 275 5492; x_wconf 84' lang='lat' dir='ltr'>rnox</span> <span class='ocrx_word' id='word_1_484' title='bbox 291 5436 401 5494; x_wconf 85' lang='lat' dir='ltr'>oblitus</span> <span class='ocrx_word' id='word_1_485' title='bbox 416 5456 492 5511; x_wconf 92' lang='lat' dir='ltr'>quos</span> <span class='ocrx_word' id='word_1_486' title='bbox 506 5456 613 5512; x_wconf 84' lang='lat' dir='ltr'>pessus</span> <span class='ocrx_word' id='word_1_487' title='bbox 628 5456 707 5496; x_wconf 86' lang='lat' dir='ltr'>orum</span> <span class='ocrx_word' id='word_1_488' title='bbox 723 5444 869 5502; x_wconf 86' lang='lat' dir='ltr'>eruciatus</span> 
     </span>
     <span class='ocr_line' id='line_1_75' title="bbox 123 5526 827 5601; baseline 0.017 -22"><span class='ocrx_word' id='word_1_489' title='bbox 123 5526 165 5579; x_wconf 78' lang='lat' dir='ltr'>Ac</span> <span class='ocrx_word' id='word_1_490' title='bbox 176 5540 241 5597; x_wconf 78' lang='lat' dir='ltr'>qua</span> <span class='ocrx_word' id='word_1_491' title='bbox 255 5529 327 5581; x_wconf 90' lang='lat' dir='ltr'>sunt</span> <span class='ocrx_word' id='word_1_492' title='bbox 338 5527 401 5583; x_wconf 90' lang='lat' dir='ltr'>vise</span> <span class='ocrx_word' id='word_1_493' title='bbox 414 5532 554 5601; x_wconf 87' lang='lat' dir='ltr'>reputans</span> <span class='ocrx_word' id='word_1_494' title='bbox 567 5533 599 5585; x_wconf 92' lang='lat' dir='ltr'>ut</span> <span class='ocrx_word' id='word_1_495' title='bbox 613 5530 729 5587; x_wconf 88' lang='lat' dir='ltr'>somnia</span> <span class='ocrx_word' id='word_1_496' title='bbox 743 5548 827 5600; x_wconf 79' lang='lat' dir='ltr'>esua,</span> 
     </span>
     <span class='ocr_line' id='line_1_76' title="bbox 125 5611 761 5692; baseline 0.009 -21"><span class='ocrx_word' id='word_1_497' title='bbox 125 5611 239 5673; x_wconf 83' lang='lat' dir='ltr'>Rursus</span> <span class='ocrx_word' id='word_1_498' title='bbox 255 5614 368 5673; x_wconf 86' lang='lat' dir='ltr'>decrevi</span> <span class='ocrx_word' id='word_1_499' title='bbox 383 5620 500 5689; x_wconf 87' lang='lat' dir='ltr'>captare</span> <span class='ocrx_word' id='word_1_500' title='bbox 515 5618 632 5692; x_wconf 86' lang='lat' dir='ltr'>negotia</span> <span class='ocrx_word' id='word_1_501' title='bbox 647 5622 761 5678; x_wconf 88' lang='lat' dir='ltr'>muudi.</span> 
     </span>
    </p>
   </div>
   <div class='ocr_carea' id='block_1_12' title="bbox 1010 1967 1796 2488">
    <p class='ocr_par' dir='ltr' id='par_1_32' title="bbox 1010 1967 1684 2042">
     <span class='ocr_line' id='line_1_77' title="bbox 1010 1967 1684 2042; baseline 0 -17"><span class='ocrx_word' id='word_1_502' title='bbox 1010 1968 1125 2026; x_wconf 88' lang='lat' dir='ltr'>Christo</span> <span class='ocrx_word' id='word_1_503' title='bbox 1141 1969 1263 2042; x_wconf 91' lang='lat' dir='ltr'>promisi</span> <span class='ocrx_word' id='word_1_504' title='bbox 1277 1985 1324 2026; x_wconf 91' lang='lat' dir='ltr'>me</span> <span class='ocrx_word' id='word_1_505' title='bbox 1339 1969 1413 2027; x_wconf 83' lang='lat' dir='ltr'>terre</span> <span class='ocrx_word' id='word_1_506' title='bbox 1424 1969 1499 2042; x_wconf 74' lang='lat' dir='ltr'>iugo</span> <span class='ocrx_word' id='word_1_507' title='bbox 1514 1967 1684 2025; x_wconf 85' lang='lat' dir='ltr'>monachili.</span> 
     </span>
    </p>

    <p class='ocr_par' dir='ltr' id='par_1_33' title="bbox 1010 2057 1796 2310">
     <span class='ocr_line' id='line_1_78' title="bbox 1010 2057 1796 2130; baseline 0.001 -16"><span class='ocrx_word' id='word_1_508' title='bbox 1010 2058 1070 2115; x_wconf 89' lang='lat' dir='ltr'>Hoc</span> <span class='ocrx_word' id='word_1_509' title='bbox 1085 2074 1152 2114; x_wconf 91' lang='lat' dir='ltr'>cum</span> <span class='ocrx_word' id='word_1_510' title='bbox 1167 2059 1321 2125; x_wconf 87' lang='lat' dir='ltr'>vovissem,</span> <span class='ocrx_word' id='word_1_511' title='bbox 1337 2057 1445 2115; x_wconf 91' lang='lat' dir='ltr'>melius</span> <span class='ocrx_word' id='word_1_512' title='bbox 1458 2057 1531 2114; x_wconf 91' lang='lat' dir='ltr'>mibi</span> <span class='ocrx_word' id='word_1_513' title='bbox 1547 2073 1615 2114; x_wconf 84' lang='lat' dir='ltr'>mox</span> <span class='ocrx_word' id='word_1_514' title='bbox 1629 2058 1690 2115; x_wconf 85' lang='lat' dir='ltr'>iore</span> <span class='ocrx_word' id='word_1_515' title='bbox 1703 2057 1796 2130; x_wconf 74' lang='lat' dir='ltr'>cepit</span> 
     </span>
     <span class='ocr_line' id='line_1_79' title="bbox 1012 2146 1758 2220; baseline 0 -17"><span class='ocrx_word' id='word_1_516' title='bbox 1012 2148 1044 2203; x_wconf 92' lang='lat' dir='ltr'>ln</span> <span class='ocrx_word' id='word_1_517' title='bbox 1060 2151 1186 2216; x_wconf 89' lang='lat' dir='ltr'>tantum,</span> <span class='ocrx_word' id='word_1_518' title='bbox 1202 2152 1236 2206; x_wconf 91' lang='lat' dir='ltr'>ut</span> <span class='ocrx_word' id='word_1_519' title='bbox 1249 2146 1363 2205; x_wconf 80' lang='lat' dir='ltr'>fruerer</span> <span class='ocrx_word' id='word_1_520' title='bbox 1376 2146 1494 2205; x_wconf 90' lang='lat' dir='ltr'>incessu</span> <span class='ocrx_word' id='word_1_521' title='bbox 1510 2161 1596 2204; x_wconf 92' lang='lat' dir='ltr'>mane</span> <span class='ocrx_word' id='word_1_522' title='bbox 1612 2147 1758 2220; x_wconf 90' lang='lat' dir='ltr'>sequenti.</span> 
     </span>
     <span class='ocr_line' id='line_1_80' title="bbox 1011 2235 1640 2310; baseline -0.002 -18"><span class='ocrx_word' id='word_1_523' title='bbox 1011 2239 1034 2292; x_wconf 95' lang='lat'>0</span> <span class='ocrx_word' id='word_1_524' title='bbox 1048 2236 1183 2293; x_wconf 89' lang='lat' dir='ltr'>miranda</span> <span class='ocrx_word' id='word_1_525' title='bbox 1197 2236 1248 2293; x_wconf 82' lang='lat' dir='ltr'>bei</span> <span class='ocrx_word' id='word_1_526' title='bbox 1261 2237 1356 2309; x_wconf 85' lang='lat' dir='ltr'>pietas</span> <span class='ocrx_word' id='word_1_527' title='bbox 1370 2239 1399 2292; x_wconf 89' lang='lat' dir='ltr'>et</span> <span class='ocrx_word' id='word_1_528' title='bbox 1411 2236 1506 2310; x_wconf 86' lang='lat' dir='ltr'>gratie</span> <span class='ocrx_word' id='word_1_529' title='bbox 1520 2235 1640 2305; x_wconf 87' lang='lat' dir='ltr'>Christi,</span> 
     </span>
    </p>

    <p class='ocr_par' dir='ltr' id='par_1_34' title="bbox 1013 2322 1754 2488">
     <span class='ocr_line' id='line_1_81' title="bbox 1014 2322 1722 2391; baseline 0.001 -11"><span class='ocrx_word' id='word_1_530' title='bbox 1014 2326 1081 2391; x_wconf 80' lang='lat' dir='ltr'>Qua</span> <span class='ocrx_word' id='word_1_531' title='bbox 1096 2329 1205 2382; x_wconf 88' lang='lat' dir='ltr'>memet</span> <span class='ocrx_word' id='word_1_532' title='bbox 1218 2324 1361 2382; x_wconf 90' lang='lat' dir='ltr'>miserum</span> <span class='ocrx_word' id='word_1_533' title='bbox 1376 2325 1446 2383; x_wconf 89' lang='lat' dir='ltr'>totis</span> <span class='ocrx_word' id='word_1_534' title='bbox 1460 2324 1607 2381; x_wconf 84' lang='lat' dir='ltr'>contrarie</span> <span class='ocrx_word' id='word_1_535' title='bbox 1621 2322 1722 2381; x_wconf 87' lang='lat' dir='ltr'>nisum</span> 
     </span>
     <span class='ocr_line' id='line_1_82' title="bbox 1013 2412 1754 2488; baseline 0.001 -19"><span class='ocrx_word' id='word_1_536' title='bbox 1013 2414 1085 2470; x_wconf 79' lang='lat' dir='ltr'>&#39;lam</span> <span class='ocrx_word' id='word_1_537' title='bbox 1100 2414 1147 2487; x_wconf 92' lang='lat' dir='ltr'>pie</span> <span class='ocrx_word' id='word_1_538' title='bbox 1163 2415 1330 2488; x_wconf 85' lang='lat' dir='ltr'>prostravit,</span> <span class='ocrx_word' id='word_1_539' title='bbox 1345 2418 1406 2471; x_wconf 90' lang='lat' dir='ltr'>tam</span> <span class='ocrx_word' id='word_1_540' title='bbox 1420 2414 1579 2473; x_wconf 88' lang='lat' dir='ltr'>elementer</span> <span class='ocrx_word' id='word_1_541' title='bbox 1590 2412 1754 2487; x_wconf 90' lang='lat' dir='ltr'>reparavitl</span> 
     </span>
    </p>
   </div>
   <div class='ocr_carea' id='block_1_13' title="bbox 1279 2520 1571 2578">
    <p class='ocr_par' dir='ltr' id='par_1_35' title="bbox 1279 2520 1571 2578">
     <span class='ocr_line' id='line_1_83' title="bbox 1279 2520 1571 2578; baseline 0 -1"><span class='ocrx_word' id='word_1_542' title='bbox 1279 2520 1489 2577; x_wconf 83' lang='lat' dir='ltr'>CAPITULUM</span> <span class='ocrx_word' id='word_1_543' title='bbox 1512 2521 1571 2578; x_wconf 85' lang='lat' dir='ltr'>XV.</span> 
     </span>
    </p>
   </div>
   <div class='ocr_carea' id='block_1_14' title="bbox 1013 2609 1844 3110">
    <p class='ocr_par' dir='ltr' id='par_1_36' title="bbox 1013 2609 1844 2755">
     <span class='ocr_line' id='line_1_84' title="bbox 1013 2609 1844 2684; baseline 0.005 -19"><span class='ocrx_word' id='word_1_544' title='bbox 1013 2610 1136 2679; x_wconf 80' lang='lat' dir='ltr'>Qualiter</span> <span class='ocrx_word' id='word_1_545' title='bbox 1144 2614 1205 2682; x_wconf 80' lang='lat' dir='ltr'>post</span> <span class='ocrx_word' id='word_1_546' title='bbox 1216 2610 1397 2684; x_wconf 70' lang='lat' dir='ltr'>aegritudinis</span> <span class='ocrx_word' id='word_1_547' title='bbox 1407 2612 1493 2668; x_wconf 74' lang='lat' dir='ltr'>ucria</span> <span class='ocrx_word' id='word_1_548' title='bbox 1502 2610 1617 2682; x_wconf 66' lang='lat' dir='ltr'>placella</span> <span class='ocrx_word' id='word_1_549' title='bbox 1628 2609 1664 2667; x_wconf 86' lang='lat' dir='ltr'>od</span> <span class='ocrx_word' id='word_1_550' title='bbox 1676 2610 1844 2669; x_wconf 69' lang='lat' dir='ltr'>melca</span> 
     </span>
     <span class='ocr_line' id='line_1_85' title="bbox 1248 2682 1601 2755; baseline 0.008 -17"><span class='ocrx_word' id='word_1_551' title='bbox 1248 2683 1429 2755; x_wconf 76' lang='lat' dir='ltr'>preleseionic</span> <span class='ocrx_word' id='word_1_552' title='bbox 1441 2682 1514 2739; x_wconf 83' lang='lat' dir='ltr'>redii</span> <span class='ocrx_word' id='word_1_553' title='bbox 1527 2686 1601 2741; x_wconf 84' lang='lat' dir='ltr'>cetu.</span> 
     </span>
    </p>

    <p class='ocr_par' dir='ltr' id='par_1_37' title="bbox 1013 2769 1630 2829">
     <span class='ocr_line' id='line_1_86' title="bbox 1013 2769 1630 2829; baseline 0.006 -4"><span class='ocrx_word' id='word_1_554' title='bbox 1013 2770 1065 2826; x_wconf 87' lang='lat' dir='ltr'>His</span> <span class='ocrx_word' id='word_1_555' title='bbox 1080 2769 1121 2825; x_wconf 85' lang='lat' dir='ltr'>ita</span> <span class='ocrx_word' id='word_1_556' title='bbox 1134 2771 1292 2828; x_wconf 88' lang='lat' dir='ltr'>transactis</span> <span class='ocrx_word' id='word_1_557' title='bbox 1306 2771 1384 2828; x_wconf 88' lang='lat' dir='ltr'>evasi</span> <span class='ocrx_word' id='word_1_558' title='bbox 1397 2770 1514 2829; x_wconf 84' lang='lat' dir='ltr'>vincula</span> <span class='ocrx_word' id='word_1_559' title='bbox 1526 2771 1630 2829; x_wconf 87' lang='lat' dir='ltr'>mortis</span> 
     </span>
    </p>

    <p class='ocr_par' dir='ltr' id='par_1_38' title="bbox 1013 2859 1784 2934">
     <span class='ocr_line' id='line_1_87' title="bbox 1013 2859 1784 2934; baseline 0.003 -20"><span class='ocrx_word' id='word_1_560' title='bbox 1013 2860 1048 2915; x_wconf 81' lang='lat' dir='ltr'>Et</span> <span class='ocrx_word' id='word_1_561' title='bbox 1062 2876 1120 2916; x_wconf 90' lang='lat' dir='ltr'>non</span> <span class='ocrx_word' id='word_1_562' title='bbox 1136 2859 1340 2932; x_wconf 90' lang='lat' dir='ltr'>postmultum</span> <span class='ocrx_word' id='word_1_563' title='bbox 1353 2860 1441 2916; x_wconf 91' lang='lat' dir='ltr'>rediit</span> <span class='ocrx_word' id='word_1_564' title='bbox 1454 2859 1498 2917; x_wconf 91' lang='lat' dir='ltr'>vis</span> <span class='ocrx_word' id='word_1_565' title='bbox 1512 2860 1638 2934; x_wconf 89' lang='lat' dir='ltr'>pristina</span> <span class='ocrx_word' id='word_1_566' title='bbox 1650 2876 1784 2917; x_wconf 90' lang='lat' dir='ltr'>rursum.</span> 
     </span>
    </p>

    <p class='ocr_par' dir='ltr' id='par_1_39' title="bbox 1014 2948 1724 3025">
     <span class='ocr_line' id='line_1_88' title="bbox 1014 2948 1724 3025; baseline 0.004 -21"><span class='ocrx_word' id='word_1_567' title='bbox 1014 2949 1096 3004; x_wconf 84' lang='lat' dir='ltr'>Tunc</span> <span class='ocrx_word' id='word_1_568' title='bbox 1109 2948 1243 3021; x_wconf 88' lang='lat' dir='ltr'>quamvis</span> <span class='ocrx_word' id='word_1_569' title='bbox 1258 2949 1337 3005; x_wconf 89' lang='lat' dir='ltr'>vario</span> <span class='ocrx_word' id='word_1_570' title='bbox 1353 2948 1479 3007; x_wconf 83' lang='lat' dir='ltr'>carnalis</span> <span class='ocrx_word' id='word_1_571' title='bbox 1494 2949 1616 3025; x_wconf 86' lang='lat' dir='ltr'>pignore</span> <span class='ocrx_word' id='word_1_572' title='bbox 1630 2966 1724 3007; x_wconf 78' lang='lat' dir='ltr'>nexam</span> 
     </span>
    </p>

    <p class='ocr_par' dir='ltr' id='par_1_40' title="bbox 1013 3037 1768 3110">
     <span class='ocr_line' id='line_1_89' title="bbox 1013 3037 1768 3110; baseline 0 -16"><span class='ocrx_word' id='word_1_573' title='bbox 1013 3037 1073 3094; x_wconf 90' lang='lat' dir='ltr'>Hoc</span> <span class='ocrx_word' id='word_1_574' title='bbox 1088 3042 1181 3094; x_wconf 90' lang='lat' dir='ltr'>totum</span> <span class='ocrx_word' id='word_1_575' title='bbox 1197 3037 1344 3110; x_wconf 91' lang='lat' dir='ltr'>linquens,</span> <span class='ocrx_word' id='word_1_576' title='bbox 1359 3039 1439 3110; x_wconf 90' lang='lat' dir='ltr'>quali</span> <span class='ocrx_word' id='word_1_577' title='bbox 1457 3054 1591 3107; x_wconf 78' lang='lat' dir='ltr'>mtarore,</span> <span class='ocrx_word' id='word_1_578' title='bbox 1607 3037 1685 3097; x_wconf 87' lang='lat' dir='ltr'>Deus</span> <span class='ocrx_word' id='word_1_579' title='bbox 1700 3037 1768 3105; x_wconf 90' lang='lat' dir='ltr'>scit,</span> 
     </span>
    </p>
   </div>
   <div class='ocr_carea' id='block_1_15' title="bbox 1014 3126 1719 3201">
    <p class='ocr_par' dir='ltr' id='par_1_41' title="bbox 1014 3126 1719 3201">
     <span class='ocr_line' id='line_1_90' title="bbox 1014 3126 1719 3201; baseline -0.001 -15"><span class='ocrx_word' id='word_1_580' title='bbox 1014 3129 1051 3186; x_wconf 91' lang='lat' dir='ltr'>Ul</span> <span class='ocrx_word' id='word_1_581' title='bbox 1066 3127 1147 3185; x_wconf 90' lang='lat' dir='ltr'>rudis</span> <span class='ocrx_word' id='word_1_582' title='bbox 1163 3127 1273 3185; x_wconf 88' lang='lat' dir='ltr'>athleta</span> <span class='ocrx_word' id='word_1_583' title='bbox 1287 3144 1460 3201; x_wconf 89' lang='lat' dir='ltr'>progressus</span> <span class='ocrx_word' id='word_1_584' title='bbox 1475 3128 1513 3185; x_wconf 91' lang='lat' dir='ltr'>ad</span> <span class='ocrx_word' id='word_1_585' title='bbox 1528 3127 1620 3185; x_wconf 85' lang='lat' dir='ltr'>altera</span> <span class='ocrx_word' id='word_1_586' title='bbox 1631 3126 1719 3196; x_wconf 82' lang='lat' dir='ltr'>bellu,</span> 
     </span>
    </p>
   </div>
   <div class='ocr_carea' id='block_1_16' title="bbox 1010 3305 1839 4537">
    <p class='ocr_par' dir='ltr' id='par_1_42' title="bbox 1014 3305 1756 3468">
     <span class='ocr_line' id='line_1_91' title="bbox 1014 3305 1756 3383; baseline 0.003 -20"><span class='ocrx_word' id='word_1_587' title='bbox 1014 3307 1088 3363; x_wconf 90' lang='lat' dir='ltr'>Nam</span> <span class='ocrx_word' id='word_1_588' title='bbox 1105 3309 1320 3379; x_wconf 73' lang='lat' dir='ltr'>praeerectam</span> <span class='ocrx_word' id='word_1_589' title='bbox 1336 3306 1413 3379; x_wconf 93' lang='lat' dir='ltr'>quod</span> <span class='ocrx_word' id='word_1_590' title='bbox 1425 3305 1490 3377; x_wconf 85' lang='lat' dir='ltr'>jam</span> <span class='ocrx_word' id='word_1_591' title='bbox 1504 3305 1675 3383; x_wconf 80' lang='lat' dir='ltr'>nuperrime</span> <span class='ocrx_word' id='word_1_592' title='bbox 1688 3305 1756 3378; x_wconf 80' lang='lat' dir='ltr'>leot,</span> 
     </span>
     <span class='ocr_line' id='line_1_92' title="bbox 1015 3394 1756 3468; baseline 0.001 -16"><span class='ocrx_word' id='word_1_593' title='bbox 1015 3396 1091 3452; x_wconf 88' lang='lat' dir='ltr'>Olim</span> <span class='ocrx_word' id='word_1_594' title='bbox 1107 3394 1239 3467; x_wconf 89' lang='lat' dir='ltr'>promisi,</span> <span class='ocrx_word' id='word_1_595' title='bbox 1255 3410 1322 3451; x_wconf 91' lang='lat' dir='ltr'>cum</span> <span class='ocrx_word' id='word_1_596' title='bbox 1338 3411 1445 3468; x_wconf 88' lang='lat' dir='ltr'>parvus</span> <span class='ocrx_word' id='word_1_597' title='bbox 1460 3394 1557 3452; x_wconf 88' lang='lat' dir='ltr'>adhue</span> <span class='ocrx_word' id='word_1_598' title='bbox 1571 3408 1644 3467; x_wconf 86' lang='lat' dir='ltr'>puer</span> <span class='ocrx_word' id='word_1_599' title='bbox 1656 3408 1756 3453; x_wconf 86' lang='lat' dir='ltr'>essem</span> 
     </span>
    </p>

    <p class='ocr_par' dir='ltr' id='par_1_43' title="bbox 1013 3482 1666 3558">
     <span class='ocr_line' id='line_1_93' title="bbox 1013 3482 1666 3558; baseline 0.005 -17"><span class='ocrx_word' id='word_1_600' title='bbox 1013 3487 1053 3541; x_wconf 86' lang='lat' dir='ltr'>Ac</span> <span class='ocrx_word' id='word_1_601' title='bbox 1066 3501 1117 3558; x_wconf 89' lang='lat' dir='ltr'>spe</span> <span class='ocrx_word' id='word_1_602' title='bbox 1132 3482 1264 3541; x_wconf 88' lang='lat' dir='ltr'>discendi</span> <span class='ocrx_word' id='word_1_603' title='bbox 1279 3482 1418 3556; x_wconf 89' lang='lat' dir='ltr'>pollerem</span> <span class='ocrx_word' id='word_1_604' title='bbox 1434 3499 1515 3541; x_wconf 89' lang='lat' dir='ltr'>more</span> <span class='ocrx_word' id='word_1_605' title='bbox 1529 3482 1666 3553; x_wconf 86' lang='lat' dir='ltr'>scholari,</span> 
     </span>
    </p>

    <p class='ocr_par' dir='ltr' id='par_1_44' title="bbox 1014 3571 1722 3646">
     <span class='ocr_line' id='line_1_94' title="bbox 1014 3571 1722 3646; baseline -0.001 -18"><span class='ocrx_word' id='word_1_606' title='bbox 1014 3577 1058 3630; x_wconf 85' lang='lat' dir='ltr'>Me</span> <span class='ocrx_word' id='word_1_607' title='bbox 1072 3573 1293 3631; x_wconf 90' lang='lat' dir='ltr'>submissurum</span> <span class='ocrx_word' id='word_1_608' title='bbox 1309 3571 1367 3646; x_wconf 90' lang='lat' dir='ltr'>legi</span> <span class='ocrx_word' id='word_1_609' title='bbox 1380 3577 1487 3633; x_wconf 79' lang='lat' dir='ltr'>sancta</span> <span class='ocrx_word' id='word_1_610' title='bbox 1500 3571 1722 3633; x_wconf 82' lang='lat' dir='ltr'>monachorum.</span> 
     </span>
    </p>

    <p class='ocr_par' dir='ltr' id='par_1_45' title="bbox 1015 3661 1681 3737">
     <span class='ocr_line' id='line_1_95' title="bbox 1015 3661 1681 3737; baseline 0 -18"><span class='ocrx_word' id='word_1_611' title='bbox 1015 3663 1096 3728; x_wconf 81' lang='lat' dir='ltr'>Quod</span> <span class='ocrx_word' id='word_1_612' title='bbox 1112 3662 1182 3734; x_wconf 89' lang='lat' dir='ltr'>quia</span> <span class='ocrx_word' id='word_1_613' title='bbox 1196 3663 1238 3720; x_wconf 91' lang='lat' dir='ltr'>sic</span> <span class='ocrx_word' id='word_1_614' title='bbox 1252 3662 1331 3737; x_wconf 89' lang='lat' dir='ltr'>gessi</span> <span class='ocrx_word' id='word_1_615' title='bbox 1345 3661 1457 3721; x_wconf 89' lang='lat' dir='ltr'>nullius</span> <span class='ocrx_word' id='word_1_616' title='bbox 1468 3663 1536 3733; x_wconf 86' lang='lat' dir='ltr'>jure</span> <span class='ocrx_word' id='word_1_617' title='bbox 1550 3664 1681 3730; x_wconf 87' lang='lat' dir='ltr'>coaetus,</span> 
     </span>
    </p>

    <p class='ocr_par' dir='ltr' id='par_1_46' title="bbox 1013 3749 1839 3913">
     <span class='ocr_line' id='line_1_96' title="bbox 1013 3749 1839 3823; baseline -0.001 -15"><span class='ocrx_word' id='word_1_618' title='bbox 1013 3751 1071 3808; x_wconf 91' lang='lat' dir='ltr'>Nee</span> <span class='ocrx_word' id='word_1_619' title='bbox 1086 3751 1141 3808; x_wconf 90' lang='lat' dir='ltr'>sub</span> <span class='ocrx_word' id='word_1_620' title='bbox 1156 3755 1230 3808; x_wconf 89' lang='lat' dir='ltr'>teste</span> <span class='ocrx_word' id='word_1_621' title='bbox 1241 3750 1348 3823; x_wconf 88' lang='lat' dir='ltr'>palam,</span> <span class='ocrx_word' id='word_1_622' title='bbox 1360 3751 1411 3808; x_wconf 89' lang='lat' dir='ltr'>sed</span> <span class='ocrx_word' id='word_1_623' title='bbox 1435 3749 1512 3807; x_wconf 89' lang='lat' dir='ltr'>clam</span> <span class='ocrx_word' id='word_1_624' title='bbox 1527 3751 1724 3822; x_wconf 85' lang='lat' dir='ltr'>compunctus</span> <span class='ocrx_word' id='word_1_625' title='bbox 1737 3762 1839 3817; x_wconf 69' lang='lat' dir='ltr'>amm</span> 
     </span>
     <span class='ocr_line' id='line_1_97' title="bbox 1013 3835 1763 3913; baseline -0.003 -17"><span class='ocrx_word' id='word_1_626' title='bbox 1013 3841 1109 3898; x_wconf 79' lang='lat' dir='ltr'>solius</span> <span class='ocrx_word' id='word_1_627' title='bbox 1125 3840 1250 3908; x_wconf 88' lang='lat' dir='ltr'>Domini,</span> <span class='ocrx_word' id='word_1_628' title='bbox 1262 3839 1402 3913; x_wconf 86' lang='lat' dir='ltr'>quoniam</span> <span class='ocrx_word' id='word_1_629' title='bbox 1416 3840 1490 3896; x_wconf 91' lang='lat' dir='ltr'>bene</span> <span class='ocrx_word' id='word_1_630' title='bbox 1504 3838 1616 3897; x_wconf 85' lang='lat' dir='ltr'>discere</span> <span class='ocrx_word' id='word_1_631' title='bbox 1630 3835 1717 3912; x_wconf 81' lang='lat' dir='ltr'>cept,</span> <span class='ocrx_word' id='word_1_632' title='bbox 1758 3843 1763 3849; x_wconf 83' lang='lat'>&#39;</span> 
     </span>
    </p>

    <p class='ocr_par' dir='ltr' id='par_1_47' title="bbox 1012 3926 1837 4181">
     <span class='ocr_line' id='line_1_98' title="bbox 1013 3926 1837 4002; baseline -0.005 -15"><span class='ocrx_word' id='word_1_633' title='bbox 1013 3931 1048 3986; x_wconf 81' lang='lat' dir='ltr'>lit</span> <span class='ocrx_word' id='word_1_634' title='bbox 1063 3929 1132 4002; x_wconf 90' lang='lat' dir='ltr'>quia</span> <span class='ocrx_word' id='word_1_635' title='bbox 1147 3946 1213 3987; x_wconf 91' lang='lat' dir='ltr'>oum</span> <span class='ocrx_word' id='word_1_636' title='bbox 1227 3929 1379 3986; x_wconf 90' lang='lat' dir='ltr'>monachis</span> <span class='ocrx_word' id='word_1_637' title='bbox 1401 3928 1529 4000; x_wconf 90' lang='lat' dir='ltr'>primum</span> <span class='ocrx_word' id='word_1_638' title='bbox 1544 3928 1663 3987; x_wconf 89' lang='lat' dir='ltr'>discens</span> <span class='ocrx_word' id='word_1_639' title='bbox 1677 3926 1837 3998; x_wconf 71' lang='lat' dir='ltr'>retinebar,</span> 
     </span>
     <span class='ocr_line' id='line_1_99' title="bbox 1013 4016 1769 4091; baseline 0.003 -16"><span class='ocrx_word' id='word_1_640' title='bbox 1013 4019 1087 4076; x_wconf 91' lang='lat' dir='ltr'>Proh</span> <span class='ocrx_word' id='word_1_641' title='bbox 1104 4017 1200 4076; x_wconf 90' lang='lat' dir='ltr'>dolori</span> <span class='ocrx_word' id='word_1_642' title='bbox 1215 4017 1271 4076; x_wconf 89' lang='lat' dir='ltr'>hoe</span> <span class='ocrx_word' id='word_1_643' title='bbox 1285 4022 1385 4075; x_wconf 89' lang='lat' dir='ltr'>votum</span> <span class='ocrx_word' id='word_1_644' title='bbox 1401 4018 1486 4075; x_wconf 83' lang='lat' dir='ltr'>rebar</span> <span class='ocrx_word' id='word_1_645' title='bbox 1500 4016 1652 4091; x_wconf 87' lang='lat' dir='ltr'>pueriliter</span> <span class='ocrx_word' id='word_1_646' title='bbox 1665 4020 1769 4077; x_wconf 79' lang='lat' dir='ltr'>comm</span> 
     </span>
     <span class='ocr_line' id='line_1_100' title="bbox 1012 4104 1675 4181; baseline -0.002 -17"><span class='ocrx_word' id='word_1_647' title='bbox 1012 4107 1200 4181; x_wconf 88' lang='lat' dir='ltr'>Consilioque</span> <span class='ocrx_word' id='word_1_648' title='bbox 1212 4107 1267 4164; x_wconf 90' lang='lat' dir='ltr'>levi</span> <span class='ocrx_word' id='word_1_649' title='bbox 1282 4107 1463 4181; x_wconf 86' lang='lat' dir='ltr'>promissum</span> <span class='ocrx_word' id='word_1_650' title='bbox 1478 4106 1537 4163; x_wconf 91' lang='lat' dir='ltr'>tale</span> <span class='ocrx_word' id='word_1_651' title='bbox 1551 4104 1675 4180; x_wconf 85' lang='lat' dir='ltr'>neglexi,</span> 
     </span>
    </p>

    <p class='ocr_par' dir='ltr' id='par_1_48' title="bbox 1012 4195 1834 4359">
     <span class='ocr_line' id='line_1_101' title="bbox 1012 4195 1834 4269; baseline 0.005 -16"><span class='ocrx_word' id='word_1_652' title='bbox 1012 4197 1088 4253; x_wconf 89' lang='lat' dir='ltr'>Dum</span> <span class='ocrx_word' id='word_1_653' title='bbox 1103 4195 1192 4255; x_wconf 91' lang='lat' dir='ltr'>simul</span> <span class='ocrx_word' id='word_1_654' title='bbox 1206 4200 1235 4254; x_wconf 92' lang='lat' dir='ltr'>et</span> <span class='ocrx_word' id='word_1_655' title='bbox 1249 4198 1378 4254; x_wconf 91' lang='lat' dir='ltr'>mundus</span> <span class='ocrx_word' id='word_1_656' title='bbox 1394 4211 1441 4253; x_wconf 89' lang='lat' dir='ltr'>me</span> <span class='ocrx_word' id='word_1_657' title='bbox 1455 4195 1570 4254; x_wconf 81' lang='lat' dir='ltr'>falleret</span> <span class='ocrx_word' id='word_1_658' title='bbox 1584 4200 1672 4269; x_wconf 85' lang='lat' dir='ltr'>alque</span> <span class='ocrx_word' id='word_1_659' title='bbox 1682 4195 1834 4268; x_wconf 68' lang='lat' dir='ltr'>juvatus</span> 
     </span>
     <span class='ocr_line' id='line_1_102' title="bbox 1012 4283 1732 4359; baseline 0.003 -16"><span class='ocrx_word' id='word_1_660' title='bbox 1012 4287 1067 4343; x_wconf 88' lang='lat' dir='ltr'>Sed</span> <span class='ocrx_word' id='word_1_661' title='bbox 1084 4285 1153 4359; x_wconf 91' lang='lat' dir='ltr'>quia</span> <span class='ocrx_word' id='word_1_662' title='bbox 1168 4286 1342 4358; x_wconf 90' lang='lat' dir='ltr'>promittens</span> <span class='ocrx_word' id='word_1_663' title='bbox 1357 4285 1489 4343; x_wconf 90' lang='lat' dir='ltr'>solvendi</span> <span class='ocrx_word' id='word_1_664' title='bbox 1504 4283 1619 4343; x_wconf 88' lang='lat' dir='ltr'>debitor</span> <span class='ocrx_word' id='word_1_665' title='bbox 1634 4286 1732 4345; x_wconf 70' lang='lat' dir='ltr'>exstet</span> 
     </span>
    </p>

    <p class='ocr_par' dir='ltr' id='par_1_49' title="bbox 1011 4374 1603 4443">
     <span class='ocr_line' id='line_1_103' title="bbox 1011 4374 1603 4443; baseline 0 -12"><span class='ocrx_word' id='word_1_666' title='bbox 1011 4380 1045 4431; x_wconf 84' lang='lat' dir='ltr'>Et</span> <span class='ocrx_word' id='word_1_667' title='bbox 1059 4375 1148 4433; x_wconf 91' lang='lat' dir='ltr'>semel</span> <span class='ocrx_word' id='word_1_668' title='bbox 1164 4375 1273 4434; x_wconf 89' lang='lat' dir='ltr'>emissa</span> <span class='ocrx_word' id='word_1_669' title='bbox 1287 4374 1347 4432; x_wconf 90' lang='lat' dir='ltr'>voti</span> <span class='ocrx_word' id='word_1_670' title='bbox 1361 4374 1508 4432; x_wconf 90' lang='lat' dir='ltr'>sententia</span> <span class='ocrx_word' id='word_1_671' title='bbox 1522 4374 1603 4443; x_wconf 86' lang='lat' dir='ltr'>recti,</span> 
     </span>
    </p>

    <p class='ocr_par' dir='ltr' id='par_1_50' title="bbox 1010 4464 1836 4537">
     <span class='ocr_line' id='line_1_104' title="bbox 1010 4464 1836 4537; baseline 0 -16"><span class='ocrx_word' id='word_1_672' title='bbox 1010 4464 1102 4528; x_wconf 82' lang='lat' dir='ltr'>Quam</span> <span class='ocrx_word' id='word_1_673' title='bbox 1117 4465 1174 4521; x_wconf 90' lang='lat' dir='ltr'>cito</span> <span class='ocrx_word' id='word_1_674' title='bbox 1191 4464 1327 4537; x_wconf 90' lang='lat' dir='ltr'>persolvi,</span> <span class='ocrx_word' id='word_1_675' title='bbox 1340 4464 1448 4521; x_wconf 89' lang='lat' dir='ltr'>nedum</span> <span class='ocrx_word' id='word_1_676' title='bbox 1460 4464 1637 4536; x_wconf 90' lang='lat' dir='ltr'>quandoque</span> <span class='ocrx_word' id='word_1_677' title='bbox 1648 4464 1836 4535; x_wconf 53' lang='lat' dir='ltr'>umam</span> 
     </span>
    </p>
   </div>
   <div class='ocr_carea' id='block_1_17' title="bbox 970 4551 1745 4635">
    <p class='ocr_par' dir='ltr' id='par_1_51' title="bbox 970 4551 1745 4635">
     <span class='ocr_line' id='line_1_105' title="bbox 970 4551 1745 4635; baseline 0 -26"><span class='ocrx_word' id='word_1_678' title='bbox 970 4569 994 4635; x_wconf 74' lang='lat' dir='ltr'>p</span> <span class='ocrx_word' id='word_1_679' title='bbox 1012 4553 1087 4610; x_wconf 88' lang='lat' dir='ltr'>Dum</span> <span class='ocrx_word' id='word_1_680' title='bbox 1103 4555 1190 4611; x_wconf 86' lang='lat' dir='ltr'>datur</span> <span class='ocrx_word' id='word_1_681' title='bbox 1204 4553 1258 4610; x_wconf 89' lang='lat' dir='ltr'>bae</span> <span class='ocrx_word' id='word_1_682' title='bbox 1272 4552 1331 4610; x_wconf 89' lang='lat' dir='ltr'>vita</span> <span class='ocrx_word' id='word_1_683' title='bbox 1346 4553 1428 4626; x_wconf 86' lang='lat' dir='ltr'>iungi</span> <span class='ocrx_word' id='word_1_684' title='bbox 1445 4556 1587 4626; x_wconf 86' lang='lat' dir='ltr'>tanquam</span> <span class='ocrx_word' id='word_1_685' title='bbox 1603 4551 1745 4621; x_wconf 84' lang='lat' dir='ltr'>rediviva,</span> 
     </span>
    </p>
   </div>
   <div class='ocr_carea' id='block_1_18' title="bbox 1009 4639 1737 4891">
    <p class='ocr_par' dir='ltr' id='par_1_52' title="bbox 1009 4639 1737 4891">
     <span class='ocr_line' id='line_1_106' title="bbox 1010 4639 1635 4717; baseline -0.002 -19"><span class='ocrx_word' id='word_1_686' title='bbox 1010 4642 1080 4699; x_wconf 89' lang='lat' dir='ltr'>Inde</span> <span class='ocrx_word' id='word_1_687' title='bbox 1091 4644 1164 4717; x_wconf 90' lang='lat' dir='ltr'>jugo</span> <span class='ocrx_word' id='word_1_688' title='bbox 1178 4642 1238 4700; x_wconf 90' lang='lat' dir='ltr'>leni</span> <span class='ocrx_word' id='word_1_689' title='bbox 1254 4643 1296 4701; x_wconf 92' lang='lat' dir='ltr'>sio</span> <span class='ocrx_word' id='word_1_690' title='bbox 1310 4642 1416 4716; x_wconf 88' lang='lat' dir='ltr'>pulsus</span> <span class='ocrx_word' id='word_1_691' title='bbox 1431 4639 1506 4700; x_wconf 88' lang='lat' dir='ltr'>oolla</span> <span class='ocrx_word' id='word_1_692' title='bbox 1519 4640 1635 4715; x_wconf 88' lang='lat' dir='ltr'>subegi,</span> 
     </span>
     <span class='ocr_line' id='line_1_107' title="bbox 1009 4728 1737 4805; baseline 0.004 -19"><span class='ocrx_word' id='word_1_693' title='bbox 1009 4731 1183 4804; x_wconf 81' lang='lat' dir='ltr'>Elllciorque</span> <span class='ocrx_word' id='word_1_694' title='bbox 1196 4732 1311 4805; x_wconf 89' lang='lat' dir='ltr'>pudens</span> <span class='ocrx_word' id='word_1_695' title='bbox 1326 4736 1355 4789; x_wconf 89' lang='lat' dir='ltr'>et</span> <span class='ocrx_word' id='word_1_696' title='bbox 1370 4731 1482 4789; x_wconf 87' lang='lat' dir='ltr'>mirans</span> <span class='ocrx_word' id='word_1_697' title='bbox 1498 4728 1737 4804; x_wconf 67' lang='lat' dir='ltr'>septitanum,</span> 
     </span>
     <span class='ocr_line' id='line_1_108' title="bbox 1010 4818 1730 4891; baseline 0 -14"><span class='ocrx_word' id='word_1_698' title='bbox 1010 4822 1092 4888; x_wconf 85' lang='lat' dir='ltr'>Quod</span> <span class='ocrx_word' id='word_1_699' title='bbox 1108 4826 1169 4878; x_wconf 91' lang='lat' dir='ltr'>tam</span> <span class='ocrx_word' id='word_1_700' title='bbox 1185 4821 1233 4878; x_wconf 91' lang='lat' dir='ltr'>vix</span> <span class='ocrx_word' id='word_1_701' title='bbox 1248 4821 1306 4891; x_wconf 81' lang='lat' dir='ltr'>adii</span> <span class='ocrx_word' id='word_1_702' title='bbox 1322 4820 1480 4879; x_wconf 89' lang='lat' dir='ltr'>servimina</span> <span class='ocrx_word' id='word_1_703' title='bbox 1495 4820 1598 4879; x_wconf 87' lang='lat' dir='ltr'>suavia</span> <span class='ocrx_word' id='word_1_704' title='bbox 1610 4818 1730 4879; x_wconf 78' lang='lat' dir='ltr'>Christi.</span> 
     </span>
    </p>
   </div>
   <div class='ocr_carea' id='block_1_19' title="bbox 1288 4927 1553 4986">
    <p class='ocr_par' dir='ltr' id='par_1_53' title="bbox 1288 4927 1553 4986">
     <span class='ocr_line' id='line_1_109' title="bbox 1288 4927 1553 4986; baseline -0.008 -2"><span class='ocrx_word' id='word_1_705' title='bbox 1288 4928 1462 4985; x_wconf 82' lang='lat' dir='ltr'><strong>CAPITULA</strong></span> <span class='ocrx_word' id='word_1_706' title='bbox 1482 4927 1553 4986; x_wconf 79' lang='lat' dir='ltr'>xvi.</span> 
     </span>
    </p>
   </div>
   <div class='ocr_carea' id='block_1_20' title="bbox 1011 5016 1839 5162">
    <p class='ocr_par' dir='ltr' id='par_1_54' title="bbox 1011 5016 1839 5162">
     <span class='ocr_line' id='line_1_110' title="bbox 1011 5016 1839 5091; baseline 0 -19"><span class='ocrx_word' id='word_1_707' title='bbox 1011 5019 1083 5086; x_wconf 77' lang='lat' dir='ltr'>Quia</span> <span class='ocrx_word' id='word_1_708' title='bbox 1096 5034 1152 5074; x_wconf 83' lang='lat' dir='ltr'>neu</span> <span class='ocrx_word' id='word_1_709' title='bbox 1171 5019 1260 5074; x_wconf 82' lang='lat' dir='ltr'>solem</span> <span class='ocrx_word' id='word_1_710' title='bbox 1284 5018 1377 5089; x_wconf 82' lang='lat' dir='ltr'>palem</span> <span class='ocrx_word' id='word_1_711' title='bbox 1399 5016 1550 5089; x_wconf 73' lang='lat' dir='ltr'>professes,</span> <span class='ocrx_word' id='word_1_712' title='bbox 1566 5016 1617 5074; x_wconf 79' lang='lat' dir='ltr'>sed</span> <span class='ocrx_word' id='word_1_713' title='bbox 1629 5016 1719 5074; x_wconf 61' lang='lat' dir='ltr'>mum</span> <span class='ocrx_word' id='word_1_714' title='bbox 1740 5017 1839 5091; x_wconf 69' lang='lat' dir='ltr'>quarte</span> 
     </span>
     <span class='ocr_line' id='line_1_111' title="bbox 1028 5089 1820 5162; baseline 0.006 -18"><span class='ocrx_word' id='word_1_715' title='bbox 1028 5090 1132 5145; x_wconf 82' lang='lat' dir='ltr'>occulte</span> <span class='ocrx_word' id='word_1_716' title='bbox 1145 5089 1249 5145; x_wconf 74' lang='lat' dir='ltr'>malado</span> <span class='ocrx_word' id='word_1_717' title='bbox 1259 5092 1421 5147; x_wconf 76' lang='lat' dir='ltr'>recreatione</span> <span class='ocrx_word' id='word_1_718' title='bbox 1431 5090 1530 5147; x_wconf 82' lang='lat' dir='ltr'>illicite</span> <span class='ocrx_word' id='word_1_719' title='bbox 1543 5089 1691 5149; x_wconf 74' lang='lat' dir='ltr'>meatim</span> <span class='ocrx_word' id='word_1_720' title='bbox 1703 5096 1820 5162; x_wconf 69' lang='lat' dir='ltr'>nutet·</span> 
     </span>
    </p>
   </div>
   <div class='ocr_carea' id='block_1_21' title="bbox 1009 5176 1750 5428">
    <p class='ocr_par' dir='ltr' id='par_1_55' title="bbox 1009 5176 1750 5428">
     <span class='ocr_line' id='line_1_112' title="bbox 1011 5176 1745 5251; baseline 0.004 -18"><span class='ocrx_word' id='word_1_721' title='bbox 1011 5178 1079 5242; x_wconf 75' lang='lat' dir='ltr'>Quae</span> <span class='ocrx_word' id='word_1_722' title='bbox 1093 5184 1192 5235; x_wconf 88' lang='lat' dir='ltr'>tumen</span> <span class='ocrx_word' id='word_1_723' title='bbox 1211 5179 1318 5234; x_wconf 90' lang='lat' dir='ltr'>ideirco</span> <span class='ocrx_word' id='word_1_724' title='bbox 1334 5176 1412 5235; x_wconf 86' lang='lat' dir='ltr'>volui</span> <span class='ocrx_word' id='word_1_725' title='bbox 1427 5178 1597 5251; x_wconf 90' lang='lat' dir='ltr'>depromere</span> <span class='ocrx_word' id='word_1_726' title='bbox 1611 5177 1745 5251; x_wconf 83' lang='lat' dir='ltr'>scriptis,</span> 
     </span>
     <span class='ocr_line' id='line_1_113' title="bbox 1011 5266 1709 5341; baseline 0.006 -19"><span class='ocrx_word' id='word_1_727' title='bbox 1011 5267 1047 5322; x_wconf 88' lang='lat' dir='ltr'>Ul</span> <span class='ocrx_word' id='word_1_728' title='bbox 1062 5268 1085 5322; x_wconf 91' lang='lat' dir='ltr'>si</span> <span class='ocrx_word' id='word_1_729' title='bbox 1103 5268 1175 5324; x_wconf 84' lang='lat' dir='ltr'>sorte</span> <span class='ocrx_word' id='word_1_730' title='bbox 1191 5268 1253 5340; x_wconf 85' lang='lat' dir='ltr'>pari</span> <span class='ocrx_word' id='word_1_731' title='bbox 1269 5284 1300 5324; x_wconf 89' lang='lat' dir='ltr'>ss</span> <span class='ocrx_word' id='word_1_732' title='bbox 1315 5272 1381 5325; x_wconf 89' lang='lat' dir='ltr'>voto</span> <span class='ocrx_word' id='word_1_733' title='bbox 1397 5266 1464 5341; x_wconf 88' lang='lat' dir='ltr'>quis</span> <span class='ocrx_word' id='word_1_734' title='bbox 1478 5267 1550 5340; x_wconf 89' lang='lat' dir='ltr'>liget</span> <span class='ocrx_word' id='word_1_735' title='bbox 1565 5282 1709 5341; x_wconf 81' lang='lat' dir='ltr'>uuquam,</span> 
     </span>
     <span class='ocr_line' id='line_1_114' title="bbox 1009 5356 1750 5428; baseline 0.005 -17"><span class='ocrx_word' id='word_1_736' title='bbox 1009 5357 1024 5412; x_wconf 88' lang='lat' dir='ltr'>J</span> <span class='ocrx_word' id='word_1_737' title='bbox 1029 5372 1079 5411; x_wconf 88' lang='lat' dir='ltr'>ure</span> <span class='ocrx_word' id='word_1_738' title='bbox 1091 5356 1191 5428; x_wconf 90' lang='lat' dir='ltr'>procul</span> <span class='ocrx_word' id='word_1_739' title='bbox 1207 5356 1297 5415; x_wconf 90' lang='lat' dir='ltr'>dubio</span> <span class='ocrx_word' id='word_1_740' title='bbox 1313 5357 1486 5415; x_wconf 90' lang='lat' dir='ltr'>solvendum</span> <span class='ocrx_word' id='word_1_741' title='bbox 1502 5372 1569 5415; x_wconf 85' lang='lat' dir='ltr'>mox</span> <span class='ocrx_word' id='word_1_742' title='bbox 1583 5356 1660 5415; x_wconf 86' lang='lat' dir='ltr'>sciet</span> <span class='ocrx_word' id='word_1_743' title='bbox 1673 5372 1750 5417; x_wconf 78' lang='lat' dir='ltr'>esea.</span> 
     </span>
    </p>
   </div>
   <div class='ocr_carea' id='block_1_22' title="bbox 998 5445 1838 5520">
    <p class='ocr_par' dir='ltr' id='par_1_56' title="bbox 998 5445 1838 5520">
     <span class='ocr_line' id='line_1_115' title="bbox 998 5445 1838 5520; baseline 0.01 -21"><span class='ocrx_word' id='word_1_744' title='bbox 998 5449 1071 5515; x_wconf 52' lang='lat' dir='ltr'>‚Non</span> <span class='ocrx_word' id='word_1_745' title='bbox 1088 5445 1192 5517; x_wconf 93' lang='lat' dir='ltr'>loquor</span> <span class='ocrx_word' id='word_1_746' title='bbox 1206 5447 1262 5503; x_wconf 89' lang='lat' dir='ltr'>hoe</span> <span class='ocrx_word' id='word_1_747' title='bbox 1277 5450 1403 5515; x_wconf 89' lang='lat' dir='ltr'>lantum,</span> <span class='ocrx_word' id='word_1_748' title='bbox 1416 5446 1440 5500; x_wconf 91' lang='lat' dir='ltr'>si</span> <span class='ocrx_word' id='word_1_749' title='bbox 1451 5460 1548 5502; x_wconf 90' lang='lat' dir='ltr'>coram</span> <span class='ocrx_word' id='word_1_750' title='bbox 1564 5445 1670 5502; x_wconf 87' lang='lat' dir='ltr'>abbate</span> <span class='ocrx_word' id='word_1_751' title='bbox 1684 5446 1838 5520; x_wconf 71' lang='lat' dir='ltr'>professu·</span> 
     </span>
    </p>
   </div>
   <div class='ocr_carea' id='block_1_23' title="bbox 1007 5534 1782 5697">
    <p class='ocr_par' dir='ltr' id='par_1_57' title="bbox 1007 5534 1782 5697">
     <span class='ocr_line' id='line_1_116' title="bbox 1009 5534 1782 5609; baseline 0.01 -19"><span class='ocrx_word' id='word_1_752' title='bbox 1009 5534 1139 5590; x_wconf 86' lang='lat' dir='ltr'>Induerit</span> <span class='ocrx_word' id='word_1_753' title='bbox 1153 5535 1288 5595; x_wconf 89' lang='lat' dir='ltr'>habitum</span> <span class='ocrx_word' id='word_1_754' title='bbox 1299 5537 1385 5609; x_wconf 85' lang='lat' dir='ltr'>juxta</span> <span class='ocrx_word' id='word_1_755' title='bbox 1400 5550 1534 5593; x_wconf 88' lang='lat' dir='ltr'>normam</span> <span class='ocrx_word' id='word_1_756' title='bbox 1555 5534 1782 5608; x_wconf 76' lang='lat' dir='ltr'>monachorum,</span> 
     </span>
     <span class='ocr_line' id='line_1_117' title="bbox 1007 5624 1653 5697; baseline 0.017 -20"><span class='ocrx_word' id='word_1_757' title='bbox 1007 5625 1097 5696; x_wconf 83' lang='lat' dir='ltr'>cujus</span> <span class='ocrx_word' id='word_1_758' title='bbox 1109 5624 1139 5681; x_wconf 90' lang='lat' dir='ltr'>in</span> <span class='ocrx_word' id='word_1_759' title='bbox 1153 5625 1284 5685; x_wconf 81' lang='lat' dir='ltr'>Ecclesia</span> <span class='ocrx_word' id='word_1_760' title='bbox 1298 5625 1387 5685; x_wconf 79' lang='lat' dir='ltr'>irretit</span> <span class='ocrx_word' id='word_1_761' title='bbox 1400 5624 1551 5687; x_wconf 67' lang='lat' dir='ltr'>convenio</span> <span class='ocrx_word' id='word_1_762' title='bbox 1566 5628 1653 5697; x_wconf 68' lang='lat' dir='ltr'>nolet</span> 
     </span>
    </p>
   </div>
   <div class='ocr_carea' id='block_1_24' title="bbox 0 0 1953 6096">
    <p class='ocr_par' dir='ltr' id='par_1_58' title="bbox 0 0 1953 6096">
     <span class='ocr_line' id='line_1_118' title="bbox 0 0 1953 6096; baseline 0 0"><span class='ocrx_word' id='word_1_763' title='bbox 0 0 1953 6096; x_wconf 95' lang='lat' dir='ltr'> </span> 
     </span>
    </p>
   </div>
  </div>
 </body>
</html>
