3892 6096
110 286 174 369 tut:
637 291 669 355 s.
692 293 857 355 ioannis
881 290 1100 357 successu
1122 292 1287 355 teneus
1760 286 1822 357 ese

111 422 210 480 cessit.
226 426 259 481 tn
275 439 308 480 eo
324 422 422 495 itequc
436 426 497 479 tem
521 440 625 497 aspero
641 427 756 499 negotio
772 426 935 483 monachus
950 431 977 495 Α
992 428 1139 483 desereret
1154 443 1161 483 :
1177 425 1345 483 cateruatim
1360 423 1440 481 enim
1462 440 1492 481 ss
1517 423 1653 481 otlerunt.
1670 422 1819 489 Quamob-

112 508 349 568 illenonminus
369 512 611 570 enimodemisso
632 521 698 593 pest
722 515 938 572 demonisdis-
994 532 1055 572 rem
1081 514 1309 588 quamplurimis
1338 513 1552 588 pretermissis,
1569 512 1708 585 quedem
1737 511 1819 585 signs

114 615 241 669 cessum,
253 615 287 656 ec
297 599 368 655 dum
380 601 489 669 ederat,
503 603 558 661 suit
570 620 577 658 :
590 620 659 659 nam
670 604 812 676 reliquam
826 608 939 677 partem
994 605 1090 676 megis
1105 605 1260 672 celebrate,
1277 621 1335 677 quc
1352 609 1450 677 potere
1465 603 1577 673 ordine,
1593 601 1764 658 ostendam.

113 686 208 743 noctis
236 687 414 758 insomnem,
432 694 465 746 ut
493 690 556 762 ipse
585 709 703 748 nerrsre
732 693 839 749 solitus
866 697 938 761 eret,
1031 693 1091 748 195.
1103 695 1145 749 Ad
1161 694 1215 750 hoc
1240 694 1269 749 S.
1286 694 1381 748 Maris
1397 690 1662 748 monasteriumde
1687 689 1818 762 pertibm

113 792 199 835 meus
213 779 243 831 et
256 780 387 835 tremens
400 779 496 849 duxit;
508 782 617 837 veritus
632 798 804 854 semperne,
816 782 939 838 sistism
995 781 1142 838 Fleminiae
1151 799 1240 838 snum
1252 782 1448 853 quemdem,e
1459 782 1590 837 daemone
1599 783 1721 852 septem
1732 778 1817 848 [intel-

113 862 268 936 paululum
285 867 434 939 quotidem
450 870 486 925 ob
501 869 618 942 incepta
631 871 761 927 oratione
777 872 939 940 desisteret,
996 871 1074 943 lexil,
1087 872 1115 926 vi
1131 871 1266 927 affinium
1288 871 1472 939 aliorumque
1493 869 1607 942 [luisse]
1621 869 1757 936 ducum,
1771 868 1817 941 qui

113 954 283 1011 eommunis
298 957 432 1013 omnium
456 958 550 1015 hostis
564 960 678 1015 daemcn
694 961 776 1032 pejor
790 960 941 1033 acriorque
996 976 1027 1017 re
1042 959 1168 1030 insolita,
1180 964 1214 1016 ut
1229 977 1293 1016 mos
1317 964 1372 1026 est,
1389 958 1504 1014 excitati
1520 957 1643 1013 comites
1659 972 1728 1013 sese
1751 957 1819 1013 enti

114 1041 247 1100 rediret:
263 1047 341 1116 quod
365 1045 443 1103 houd
469 1048 551 1117 lecit;
568 1049 704 1119 precihus
729 1048 806 1105 euim
829 1055 858 1105 ct
881 1065 941 1106 mc·
994 1049 1206 1118 temqueerdui
1222 1048 1336 1104 itineris
1351 1053 1454 1119 sponte
1469 1045 1679 1119 prestiterunt.
1691 1045 1747 1110 Oui
1759 1045 1819 1117 qui·

115 1131 181 1188 ritis
198 1133 392 1191 sanctissime
408 1134 459 1192 Dei
474 1136 630 1193 Genitricis
648 1143 677 1193 et
691 1136 820 1211 Virginis
844 1139 942 1194 Marias
995 1138 1061 1193 dem
1073 1137 1251 1209 demon,qui
1261 1154 1326 1193 eam
1341 1136 1496 1203 invaserat,
1507 1139 1589 1191 tenta
1603 1139 1668 1190 erte
1683 1138 1822 1207 uotaque

116 1223 145 1277 et
159 1220 253 1277 Petris
279 1222 403 1279 loannis
426 1224 601 1296 beatissimi,
617 1227 748 1299 perfidus
773 1226 823 1282 ille
852 1228 941 1282 Satan
995 1225 1154 1283 calliditate
1169 1226 1329 1282 simulandi
1351 1230 1379 1281 et
1399 1221 1617 1294 dissimulandi,
1634 1224 1714 1280 hone
1736 1221 1820 1280 teeul

116 1309 218 1383 procul
233 1311 360 1368 obstitit.
996 1314 1158 1372 instructus
1175 1316 1268 1385 [erat],
1285 1318 1316 1370 ut
1331 1314 1357 1370 ei
1372 1312 1415 1370 vsl
1433 1312 1535 1369 nullus
1544 1328 1676 1384 nequem
1692 1310 1822 1384 spiritus,

154 1399 218 1464 193,
231 1399 353 1457 Summo
380 1401 472 1475 igitur
501 1419 597 1472 niune,
617 1405 739 1477 quidem
767 1423 784 1462 a
812 1406 942 1467 demone
996 1403 1041 1460 vel
1054 1404 1139 1476 pauci
1155 1403 1277 1469 similes,
1290 1419 1354 1458 mee
1368 1401 1602 1458 sentcntlainter
1614 1399 1824 1473 homines,per

116 1490 231 1561 ceptus,
242 1489 277 1546 de
291 1489 360 1547 cille
375 1507 438 1565 que
453 1492 572 1565 vulgato
587 1493 705 1549 nomine
716 1493 822 1552 Thosis
836 1493 944 1550 dicitur
997 1506 1093 1549 cerem
1111 1491 1266 1549 volitantes
1289 1490 1473 1562 reperiantur
1490 1506 1496 1544 :
1513 1505 1572 1561 qua
1595 1493 1671 1556 erte,
1688 1489 1725 1544 dc
1748 1505 1823 1546 more

116 1575 212 1650 (abest
226 1578 305 1635 enim
321 1579 358 1635 ah
373 1581 432 1637 isto
446 1582 475 1638 S.
493 1582 591 1639 Maris
616 1583 794 1639 monasterio
819 1583 944 1654 fereper
997 1597 1065 1636 cum
1080 1598 1165 1638 cruce
1176 1579 1346 1636 emecacho
1357 1580 1485 1651 quodem
1501 1577 1531 1634 in
1545 1576 1822 1634 dieconetusolllcic

56 1738 62 1747 .
115 1664 943 1742 trie,millispassuum),hucvimultorumcomitantium
998 1673 1157 1727 constituto
1172 1671 1384 1741 conjuraretur,
1401 1668 1442 1723 ite
1456 1684 1531 1724 usus
1544 1670 1599 1735 est,
1610 1670 1645 1722 ut
1660 1665 1821 1739 quivisleli

117 1756 225 1813 ductus
240 1761 295 1813 est.
307 1757 379 1814 Cum
395 1757 486 1831 igitur
500 1776 581 1817 ruore
593 1760 679 1817 sclito
693 1760 829 1820 monachi
839 1776 943 1817 omnes
1000 1758 1030 1815 in
1047 1775 1077 1816 re
1092 1760 1181 1816 etism
1204 1759 1290 1830 longe
1309 1761 1446 1828 expertes
1469 1755 1651 1813 ellirmesset
1675 1754 1822 1813 mulierem

117 1843 220 1901 ordine
243 1861 298 1903 suc
322 1846 524 1920 circumpositi
539 1854 678 1907 canerent
690 1856 719 1907 st
733 1853 860 1918 orarent,
885 1849 947 1918 ille,
1003 1847 1084 1905 illam
1099 1865 1116 1905 a
1131 1847 1213 1904 nullo
1224 1847 1326 1919 iniquo
1336 1846 1467 1903 demone
1478 1843 1636 1918 occupari:
1650 1859 1722 1905 num
1732 1845 1764 1901 S.
1774 1844 1821 1903 Ιι

119 1946 208 2002 quem
223 1933 337 1991 demon
353 1934 511 2006 inusserat,
528 1938 667 1995 omnihus
691 1939 774 2012 prius
795 1938 950 1997 monachis
1003 1937 1052 1994 rie
1067 1937 1234 2011 Argolicam
1249 1936 1467 2005 salutationem,
1482 1933 1647 1992 orationem
1671 1933 1762 1991 eb‘um
1774 1937 1819 1991 oc-

116 2006 264 2092 lustretis,
279 2023 310 2081 in
325 2040 394 2081 eum
404 2024 529 2093 demon,
541 2027 592 2099 qui
608 2028 755 2099 preterita
766 2032 851 2085 nocte
863 2027 948 2085 visio·
1003 2025 1140 2082 miricam
1154 2041 1273 2081 summa
1285 2040 1353 2080 cum
1379 2023 1538 2089 devotione,
1559 2022 1657 2081 oculis
1679 2021 1818 2093 demissis,

124 2127 192 2169 nem
208 2110 291 2168 illem
311 2114 372 2169 tum
393 2113 556 2171 terribilem
571 2116 690 2184 videret,
706 2116 807 2174 oculos
831 2117 947 2187 defixit;
1002 2130 1072 2170 voce
1085 2114 1211 2187 supplici
1223 2114 1333 2181 dicere,
1350 2128 1401 2185 per
1416 2129 1448 2169 se
1458 2112 1547 2184 (quod
1563 2110 1740 2169 incredibile
1753 2112 1818 2169 ride

125 2200 203 2272 inde,
215 2218 305 2275 parve
319 2203 388 2259 deta
403 2219 495 2274 mors,
506 2204 618 2277 ingenti
629 2222 698 2262 voce
712 2205 807 2279 inquit
821 2223 828 2262 z
841 2205 947 2262 Osmi-
1001 2205 1071 2273 tur),
1083 2204 1201 2276 siguum
1227 2202 1323 2259 crucis
1351 2202 1450 2270 edere;
1471 2206 1500 2257 et
1518 2217 1555 2256 ne
1582 2200 1686 2258 lectcri
1714 2199 1816 2259 lestidlu

123 2291 255 2363 ce„quod
280 2290 310 2348 in
330 2291 387 2348 iste
410 2292 558 2365 preterita
582 2298 667 2350 noete
682 2312 699 2351 e
713 2312 760 2351 me
784 2312 890 2368 pessus
905 2311 947 2363 es,
1002 2290 1071 2359 sim,
1088 2292 1188 2348 omnin
1201 2290 1364 2348 devotionis
1384 2290 1480 2362 signa,
1496 2306 1560 2362 que
1577 2307 1594 2345 e
1609 2289 1716 2360 quouis
1731 2287 1815 2346 cethu-

122 2379 176 2438 tihi
192 2380 296 2436 merito
320 2380 436 2449 accidit,
453 2382 532 2454 quia,
548 2387 581 2438 ut
602 2383 773 2440 inobediens
787 2390 816 2439 et
831 2401 948 2457 perver·
1001 2379 1057 2436 lico
1072 2381 1133 2436 viro
1149 2380 1212 2436 steri
1227 2382 1361 2452 possunt,
1377 2377 1408 2435 in
1424 2395 1481 2433 enu
1494 2376 1546 2433 ille
1559 2393 1637 2434 cese.
1673 2397 1679 2411 ·

122 2487 186 2536 sus,
198 2468 363 2539 loriqdum
373 2469 422 2525 ulii
435 2471 600 2542 quiescunt,
612 2473 708 2541 luisti;
721 2489 789 2529 euve
804 2472 945 2546 posthec:
1038 2471 1098 2525 196.
1118 2471 1166 2526 llis
1180 2469 1280 2540 itaque
1294 2467 1387 2540 signis
1406 2484 1474 2524 cum
1496 2466 1584 2522 etiarn
1609 2465 1749 2523 inonachi
1764 2483 1813 2523 ou·

122 2557 180 2613 uisi
190 2557 269 2615 enim
280 2573 315 2614 ex
329 2557 435 2615 intimo
447 2561 533 2616 corde
547 2577 671 2628 orasses,
683 2560 792 2629 alteris,
805 2561 878 2617 mihi
889 2578 948 2618 cre·
1002 2575 1053 2614 nes
1077 2558 1257 2627 fallerentur,
1271 2574 1336 2614 esm
1358 2556 1447 2613 veluti
1472 2555 1614 2628 sospitem
1638 2555 1811 2622 erbitrentes.

122 2645 259 2712 de,dete
281 2647 447 2718 exemplum
463 2649 668 2705 dedissesllis
691 2648 779 2706 dictis
794 2649 945 2706 conticuit.
1001 2647 1105 2703 elfines
1124 2647 1161 2703 ed
1185 2648 1306 2704 solitum
1331 2645 1504 2718 hospitium,
1530 2644 1670 2701 monachi
1696 2643 1770 2701 intre
1782 2658 1814 2698 re·

123 2734 285 2792 Monachus
299 2750 366 2791 uero
390 2735 449 2799 itte.
465 2735 534 2793 inde
548 2738 616 2810 quid
635 2737 692 2794 sibi
706 2742 851 2805 evenerat,
869 2754 947 2794 ccm-
1001 2735 1081 2792 diere
1092 2737 1176 2809 :cibo
1190 2734 1503 2808 potuquecorporibus
1516 2731 1676 2806 peululum
1691 2730 1815 2791 refocilla

123 2822 427 2896 pluribus-enerravit.
449 2825 604 2898 Pergentes
624 2826 715 2899 igitur
739 2825 876 2898 Religiosi
893 2827 947 2882 viri
1001 2824 1195 2897 tis,quiajem
1207 2824 1264 2881 diei
1275 2828 1438 2880 extremum
1448 2821 1704 2892 crat,discessum
1713 2819 1814 2887 indieu

123 2929 275 2986 nunquam
291 2930 308 2970 e
322 2913 370 2987 pio
383 2931 470 2988 opere
483 2915 634 2985 destitere,
645 2915 742 2987 quoad
757 2914 871 2972 demon
886 2916 945 2986 ille,
1002 2918 1148 2985 posteram
1170 2929 1316 2986 paravere.
1333 2912 1406 2968 Cum
1435 2910 1525 2983 igitur
1547 2911 1677 2982 Jemjem
1705 2909 1816 2969 encre

124 3001 154 3058 S.
168 3001 292 3059 Jceunie
306 3003 444 3060 virtutem
459 3003 588 3077 emplius
611 3004 686 3060 ferre
708 3021 766 3059 non
791 3003 900 3073 velens,
917 3005 946 3062 in
1002 3007 1132 3059 nostram
1148 3003 1368 3076 cooperuissent
1378 3000 1538 3074 regionem,
1550 3015 1641 3072 opere
1658 3003 1690 3056 et
1704 2998 1815 3056 estete

124 3106 185 3147 rem
202 3089 321 3161 melem,
332 3095 490 3148 turtureum
512 3092 651 3148 emittens
665 3109 775 3165 vocem,
790 3095 945 3150 concessit.
1002 3092 1098 3148 monis
1115 3092 1221 3149 mulier
1241 3090 1371 3164 corporis
1385 3089 1590 3147 necessitatem
1607 3086 1762 3157 simulens,
1773 3102 1806 3143 se

160 3178 348 3237 toevtoesnt
361 3180 452 3254 igitur
466 3180 601 3250 Religiosi
614 3198 717 3239 omnes
731 3187 794 3239 tum
811 3182 947 3240 monachi
962 3167 984 3234 C
1003 3200 1104 3240 orsum
1129 3182 1191 3238 ivit.
1204 3183 1272 3247 Ouae
1302 3179 1351 3236 ubi
1378 3178 1530 3246 intellexit,
1547 3195 1578 3235 se
1592 3194 1611 3235 e
1626 3177 1711 3234 nullo
1736 3174 1808 3233 sideri

122 3272 187 3327 tum
202 3268 318 3338 tratres,
330 3268 505 3342 discantque
521 3269 653 3343 exemplo
669 3271 767 3327 miseri
784 3271 883 3338 istius,
898 3271 949 3344 qui
1005 3289 1100 3343 posse,
1117 3287 1204 3327 cursu
1221 3286 1309 3341 quem
1330 3268 1443 3341 repido,
1455 3267 1587 3323 demone
1612 3266 1693 3325 vires
1705 3262 1811 3325 muts·

119 3356 192 3431 juge
207 3357 378 3419 obedientie
406 3358 481 3414 colle
500 3359 663 3431 prebentes
685 3362 722 3416 ob
745 3360 818 3417 lesu
842 3361 949 3417 Christi
1005 3365 1128 3428 suante,
1144 3359 1179 3415 ed
1203 3359 1325 3426 flumen,
1338 3358 1415 3429 quod
1431 3356 1578 3413 Misenum
1604 3355 1813 3426 dictionesque

122 3462 253 3509 eruorem
267 3447 495 3519 animarumque
509 3465 632 3507 suarum
647 3449 772 3521 gratiam
786 3452 949 3520 obsequen·
1005 3451 1106 3521 (distat
1121 3449 1200 3505 enim
1216 3465 1233 3503 e
1248 3446 1426 3503 monasterio
1442 3446 1501 3501 lere
1516 3445 1642 3517 perduc
1657 3443 1750 3502 millis
1761 3457 1811 3516 pu·

122 3535 617 3607 dem,!cmnibus,quevidehantur
627 3538 657 3593 in
669 3538 776 3596 seculo
789 3539 949 3610 possidere,
1006 3536 1207 3607 suum),nulle
1217 3538 1286 3592 date
1296 3535 1406 3606 requie,
1413 3534 1537 3607 appulit.
1547 3533 1618 3590 lude
1630 3534 1727 3607 ripem
1736 3530 1811 3589 tlumi·

122 3624 294 3695 postpositis
304 3628 333 3680 et
342 3625 475 3696 abjectis,
486 3625 622 3683 Patribus
632 3630 660 3682 et
670 3626 837 3682 Abbatihus
848 3626 950 3684 volun·
1005 3626 1052 3682 nis
1063 3626 1223 3684 ascendens
1234 3625 1264 3680 in
1276 3641 1358 3696 eque
1369 3623 1520 3680 altissime
1530 3621 1672 3696 pelagum
1686 3639 1748 3681 sees
1758 3635 1812 3694 pru·

121 3716 213 3769 tatem
239 3728 342 3770 vovere
356 3730 453 3781 suem,
468 3713 538 3787 quid
563 3714 686 3787 periculi
711 3714 952 3786 discriminisque
1006 3715 1140 3788 cipitnret
1155 3714 1328 3771 hortabatur
1344 3713 1475 3781 demum
1495 3715 1635 3769 ceterum
1650 3713 1684 3769 S.
1700 3708 1813 3769 flesset

121 3800 278 3858 imminent
305 3803 348 3859 eis
373 3804 434 3876 [qui
463 3804 583 3876 sudent]
607 3805 695 3860 rebus
724 3804 845 3875 injustis
875 3804 951 3859 haud
1006 3809 1033 3860 S.
1049 3805 1171 3861 loannis
1191 3803 1313 3869 meritis,
1329 3801 1428 3858 divine
1449 3800 1566 3857 bonitus
1580 3800 1608 3857 ei
1624 3800 1810 3873 opemtetuut.

122 3889 302 3958 auscultare,
312 3893 376 3947 tum
391 3892 541 3950 interdum
556 3892 634 3949 mele
649 3891 810 3966 cupiditate
826 3891 953 3964 illecti‚e
1007 3897 1119 3951 etentc
1132 3898 1251 3965 temque
1267 3891 1378 3948 nefario
1393 3890 1520 3946 lecinore
1535 3889 1703 3962 prohibuit.

121 3984 200 4035 recto
227 3977 331 4034 itinere
360 3979 546 4048 divertentes,
557 3982 656 4039 deuios
685 3981 768 4053 sequi
798 3980 948 4037 anlrectus
1043 3985 1104 4039 197.
1121 3981 1193 4038 Cum
1209 3980 1327 4037 interim
1351 3979 1398 4036 sui
1419 3995 1471 4053 per
1485 3979 1648 4050 quemdam
1664 3973 1817 4038 moreest

121 4064 350 4137 etiem,et,quod
360 4065 575 4126 intolerabilius
585 4074 794 4142 est,prsscepta
802 4069 951 4126 Benedicti
1008 4070 1177 4138 subulcum,
1188 4070 1238 4142 qui
1255 4069 1450 4126 serndomum
1467 4069 1634 4141 repedaret,
1646 4063 1820 4129 munatio·

121 4150 228 4222 Petris,
241 4152 426 4226 eliorumque
440 4160 610 4212 sanctorum
625 4158 744 4214 Petrum
760 4175 907 4230 spernere,
920 4163 950 4215 et
1009 4177 1076 4217 nere
1086 4159 1213 4232 cognito,
1221 4175 1342 4231 propere
1357 4158 1467 4213 llumen
1481 4160 1579 4230 petere
1589 4182 1598 4223 ;
1608 4162 1638 4214 et
1647 4156 1820 4230 quopropter

121 4239 236 4298 inculte
249 4243 384 4314 quedem
400 4247 430 4300 et
449 4245 532 4301 devia
546 4246 641 4318 sequi.
659 4246 821 4304 Memorare
836 4265 952 4320 possem
1008 4248 1071 4306 loco
1087 4249 1224 4305 accedere
1238 4246 1291 4314 illi,
1303 4247 1461 4304 eudemon
1473 4244 1821 4319 megisingeminemie·

123 4329 283 4388 nonnullos
297 4336 361 4387 tum
378 4340 484 4391 nostre
498 4339 562 4392 tum
579 4334 701 4392 ulterius
716 4337 877 4410 Religionis
889 4339 953 4394 Fre·
1008 4344 1086 4395 stare
1096 4341 1150 4408 [ull
1164 4337 1221 4394 sihi
1232 4341 1356 4393 mortem
1373 4335 1569 4392 conscisceret
1581 4334 1820 4395 mulierosum

122 4420 251 4495 tres,qui
268 4421 376 4480 mentis
390 4421 484 4480 oculis
500 4424 645 4492 excecati,
657 4441 765 4497 esque
782 4442 881 4482 eorem
895 4426 953 4483 Dec
1009 4433 1104 4500 cepta,
1115 4428 1240 4484 orabant
1253 4425 1315 4482 suis
1330 4424 1386 4481 iret
1401 4424 1558 4496 prodibus;
1574 4440 1682 4482 verum
1701 4441 1766 4482 cum
1776 4421 1821 4479 hue

123 4509 356 4584 etsanctisejus
377 4510 497 4584 polliciti
522 4519 593 4571 suut
616 4530 674 4570 non
704 4519 864 4583 servantes,
882 4516 951 4590 imo,
968 4534 991 4599 p
1010 4518 1118 4573 lrustre
1130 4515 1349 4588 essec(seenim
1365 4512 1426 4569 illic
1440 4512 1819 4586 pernoctereuelleefflm·

123 4599 201 4672 quod
217 4600 303 4672 peius
316 4604 373 4670 est,
387 4601 513 4673 proprie
536 4601 670 4676 religioni
687 4602 767 4660 mele
782 4603 950 4673 inserentes,
1007 4607 1078 4677 het),
1085 4606 1114 4661 hi
1124 4606 1169 4662 ire
1178 4604 1409 4677 egritudineque
1419 4601 1552 4675 permisti
1560 4598 1814 4675 eemnecetuplluu.

124 4691 164 4757 et,
184 4688 263 4763 quod
288 4689 368 4746 dictu
396 4691 478 4746 netes
502 4695 557 4757 est,
573 4696 742 4763 pretextem
766 4696 796 4747 et
819 4691 953 4749 hobitum
1009 4695 1065 4751 etsi
1076 4700 1170 4751 meter
1184 4693 1283 4766 [esset]
1297 4695 1425 4765 perterre
1434 4690 1574 4760 volentes,
1586 4691 1690 4764 ipsius¹
1702 4687 1818 4753 nubes

125 4776 358 4848 projicientes,et
368 4778 458 4835 vitam
474 4796 531 4836 non
548 4781 635 4837 modo
647 4798 705 4838 non
721 4779 889 4853 religassm,
901 4781 953 4838 sed
1008 4787 1120 4856 etergc
1131 4783 1247 4852 vinctis,
1259 4783 1391 4838 demone
1401 4779 1504 4836 siluam
1521 4778 1690 4843 ululatibus
1703 4774 1821 4839 murt

125 4861 261 4923 leonibus
270 4866 433 4939 turpiorem
444 4868 593 4939 ducentes,
605 4870 724 4926 demum
731 4870 845 4942 judicic
855 4871 953 4928 divino
1008 4872 1099 4936 besse
1114 4871 1264 4943 implente,
1277 4871 1313 4927 ad
1329 4871 1384 4927 hoc
1395 4870 1424 4925 S.
1436 4868 1535 4929 lteris)
1546 4870 1760 4928 monesterium
1771 4869 1822 4923 tre·

125 4951 248 5008 exitium
259 4954 382 5027 dignum
395 4971 497 5011 eorum
509 4957 641 5013 moribus
651 4959 842 5028 invenientes,
853 4958 953 5032 impri-
1006 4977 1074 5018 sere
1089 4959 1450 5017 invitam.Postridievsro
1465 4956 1669 5015 monechisex
1679 4969 1822 5017 morsuu-

125 5040 183 5099 mis
196 5041 370 5115 plerumque
386 5045 503 5117 magnis
527 5045 680 5103 ordinibus
695 5048 906 5121 pessumdatis,
921 5049 953 5104 in
1006 5050 1139 5106 tantihus
1153 5048 1355 5116 otorantibus,
1365 5063 1423 5104 non
1434 5045 1528 5103 multo
1539 5052 1822 5122 consumptotetupe

125 5130 298 5203 barathrum
314 5133 421 5189 interni
445 5134 604 5203 demersos,
622 5135 652 5190 ni
672 5154 739 5193 mea
767 5155 813 5194 res
835 5139 952 5210 longius
1006 5140 1171 5210 reddimen
1182 5138 1311 5212 emplius
1324 5139 1354 5194 S.
1365 5135 1643 5193 tosonisvirtutum
1655 5154 1715 5195 nou
1728 5137 1819 5202 rann

125 5219 162 5277 eb
177 5219 293 5295 incepto
307 5221 447 5293 traheret,
460 5227 489 5279 st
503 5223 560 5280 elio
575 5228 693 5296 tempus
708 5230 855 5284 maturare
871 5227 952 5284 losti-
1005 5245 1104 5284 veram
1118 5228 1233 5302 parsvit
1256 5229 1374 5300 lugeam
1392 5225 1562 5297 discerpens
1582 5227 1665 5283 enim
1689 5221 1819 5300 imprimis

126 5311 218 5364 neret.
235 5310 286 5368 His
301 5312 391 5386 igitur
414 5312 557 5380 dimissis,
574 5314 610 5369 ed
626 5314 656 5370 S.
671 5313 793 5372 Jeonnis
808 5317 952 5376 miracula
1004 5318 1138 5375 ferociter
1160 5317 1325 5384 mulierem,
1342 5315 1409 5372 inde
1431 5319 1511 5370 torve
1534 5315 1761 5389 terribiliterque
1775 5327 1817 5370 cu·

126 5396 413 5474 devenientesque,
430 5407 466 5458 ‘ut
481 5401 554 5459 alies
578 5401 637 5458 dixi
652 5402 792 5474 [plurima
815 5408 905 5479 suntl.
921 5407 950 5464 Si
1004 5406 1146 5474 clamans,
1162 5407 1191 5462 in
1207 5423 1268 5463 rem
1284 5404 1428 5462 concessit
1440 5419 1535 5460 susm.
1550 5403 1644 5476 Igitur
1659 5405 1817 5471 melleum·

126 5482 280 5557 sigillatis
292 5488 319 5543 in
330 5491 455 5564 singulis
463 5493 528 5564 ejus
538 5491 705 5549 felicissime
716 5494 788 5549 sctis
799 5496 950 5555 miraculis
1004 5501 1143 5568 cuperatn
1157 5496 1310 5567 sospitate,
1326 5495 1392 5550 leta
1405 5509 1473 5550 com
1489 5491 1552 5549 suis
1575 5494 1705 5565 petriam
1720 5489 1816 5551 revisit·

127 5575 278 5635 immorari
294 5577 408 5650 vellem,
423 5584 541 5654 tempus
555 5574 644 5654 quem
665 5598 712 5637 res
733 5584 878 5641 maturius
903 5602 949 5643 me
1041 5586 1100 5640 198.
1118 5586 1258 5642 Memoria
1277 5601 1341 5641 mea
1365 5584 1400 5640 de
1427 5581 1672 5643 Velle-Cossutini
1695 5586 1731 5643 de
1756 5592 1817 5655 egro
