3892 6096
109 336 170 402 ”l
200 397 207 409 ,
672 342 787 406 ulnus
803 341 855 404 DE
876 341 1007 407 DUDSD
1027 342 1262 410 sslfflruabl.
1759 343 1819 409 222

114 471 209 532 ullum
222 470 255 530 in
268 477 360 531 Deum
376 471 467 531 habes
477 473 566 547 juste
582 476 779 548 quaerimoniae
794 475 938 534 oausam?
951 477 979 545 A
992 476 1116 551 ingerat,
1128 478 1254 551 injustos
1263 482 1363 537 tamen
1372 477 1470 538 verbis
1480 495 1598 538 omnem
1610 478 1749 537 humana
1762 480 1820 539 cle-

112 563 299 636 Sciontique
321 567 350 620 ta
373 579 406 619 eo
430 565 572 636 majorem
594 582 646 638 pro
661 566 849 624 tribulatione
863 583 938 639 qua·
993 567 1108 622 mentis
1136 584 1225 624 usum
1249 569 1455 625 excedentibus
1481 567 1661 639 consolatur,
1690 568 1816 627 dicens:

113 669 233 726 cunque
244 652 355 710 recenti
367 653 581 725 querimoniam
596 655 713 728 habere,
723 673 782 729 quo
798 656 897 713 minus
908 656 938 712 in
992 656 1084 712 litium
1114 659 1140 712 si
1171 658 1265 715 dicem
1293 660 1398 730 justo:
1431 659 1494 715 Vita
1526 659 1613 727 uiuat,
1643 662 1670 715 et
1697 659 1815 730 confisus

111 743 757 816 temporapraecedentiadversasolituseras
772 745 833 803 ulla
850 745 939 803 susti·
993 745 1024 800 in
1047 744 1159 816 justitia
1187 762 1238 802 sua
1265 749 1360 818 iecerit
1388 748 1580 819 iniquitatem,
1609 764 1701 805 omnes
1728 750 1814 821 justi-

112 845 195 888 nare.
212 830 338 904 Ideoque
353 833 455 886 contro
470 832 583 887 Domini
599 832 724 906 flagella,
740 834 864 906 peccatis
880 832 939 889 tuis
994 835 1040 890 tiae
1054 835 1111 906 ejus
1125 836 1258 893 obliuioni
1270 836 1422 893 tradentur.
1439 835 1470 891 Si
1483 838 1575 891 autem
1588 836 1686 893 dixero
1706 839 1792 910 impio
1807 855 1816 891 :

112 919 270 977 abolendis
281 919 369 975 nimis
379 922 554 988 necessaria,
567 926 649 978 tanto
659 922 753 996 magis
764 923 850 979 modo
862 939 941 978 mur·
995 928 1081 981 ttorte
1095 927 1231 993 morieris,
1248 935 1274 981 et
1286 928 1372 998 operit
1385 925 1573 997 penitentiam
1596 942 1613 980 c
1634 932 1741 997 peccato
1754 942 1815 994 suo,

113 1024 233 1066 murare
244 1006 451 1081 soles,qnanto
462 1011 566 1081 maiori
578 1011 731 1067 clementia
740 1011 940 1085 patientiaque
993 1015 1141 1086 tenentque
1158 1014 1296 1086 judicium
1318 1023 1344 1071 et
1363 1015 1513 1087 justitiam,
1537 1014 1595 1071 υἱέα
1618 1015 1699 1082 vivet,
1714 1017 1740 1070 et
1762 1030 1818 1070 non

112 1097 162 1156 illc
174 1097 318 1154 hactenus
333 1097 504 1170 iniquitates
519 1103 586 1155 tuas
602 1101 744 1157 sustinuit
759 1118 871 1158 omnes.
884 1101 940 1157 Sed
993 1104 1128 1158 morietur
1141 1103 1231 1174 (ibid,
1247 1104 1290 1174 13,
1308 1103 1361 1176 ll).
1378 1107 1411 1158 ln
1427 1102 1493 1159 aliis
1508 1102 1595 1159 etiam
1613 1102 1761 1175 prophetis
1776 1103 1819 1159 in·

112 1188 175 1245 heo
188 1191 236 1244 ost
253 1186 452 1260 injustissima
466 1188 620 1245 hominum
638 1191 880 1263 recompensatio,
897 1194 939 1260 ut,
994 1192 1111 1248 venitur
1123 1193 1265 1266 scriptum
1279 1196 1390 1264 quanta
1400 1192 1450 1250 Dei
1461 1192 1555 1266 gratia
1567 1192 1607 1248 sit
1617 1208 1705 1265 super
1715 1206 1819 1249 omnes

114 1276 347 1350 cumapneritia
356 1293 451 1349 usque
461 1278 498 1334 ad
509 1281 689 1335 senectutem
700 1280 866 1354 omnigenis
876 1296 941 1353 pec·
996 1280 1045 1354 qui
1061 1281 1197 1338 invocant
1212 1280 1307 1338 illum.
1323 1281 1385 1338 Joel
1404 1297 1532 1354 namquo
1555 1281 1698 1354 propheta
1721 1280 1815 1337 dicit:

116 1370 249 1424 catorum
260 1365 398 1424 sordibus
410 1366 534 1424 involuti
545 1368 620 1424 mira
630 1368 680 1424 Dei
695 1370 801 1441 pietate
813 1369 940 1426 sustine·
996 1370 1194 1427 convertimini
1208 1373 1242 1427 ab
1254 1373 1401 1427 Dominam
1416 1372 1500 1427 Deum
1516 1374 1644 1439 arearum,
1661 1372 1727 1442 qaia
1743 1370 1819 1426 berri-

117 1459 214 1526 antnr,
230 1458 259 1512 et
271 1458 384 1528 postea,
400 1472 437 1512 ne
453 1457 568 1513 aeternis
583 1458 761 1530 deputentur
775 1458 940 1532 suppliciis,
994 1475 1064 1531 qnam
1078 1464 1103 1515 et
1115 1462 1273 1516 misericors
1293 1469 1343 1529 est,
1359 1468 1386 1516 et
1408 1460 1578 1532 pressatum
1603 1475 1686 1532 super
1705 1461 1819 1516 matitia

116 1561 169 1620 pro
182 1544 355 1602 eorumdem
370 1549 555 1618 peccatorum
583 1545 731 1604 ablutione
756 1548 941 1621 aliquatenus
995 1548 1072 1621 (toci.
1096 1566 1127 1617 ιι,
1153 1549 1208 1621 13).
1233 1550 1268 1606 llt
1295 1553 1385 1606 Amos
1411 1549 1554 1622 propheta
1580 1548 1673 1604 dicit:
1700 1547 1819 1619 Quaerite

114 1632 297 1707 affligantur,
307 1632 405 1690 nullas
415 1634 441 1690 ei
451 1638 550 1708 grates
562 1637 700 1692 studeant
710 1636 941 1709 impendere,vel
996 1636 1152 1706 Dominum,
1182 1647 1209 1695 et
1238 1640 1319 1695 uiuite
1345 1637 1435 1710 (Amos
1457 1655 1486 1708 v,
1511 1637 1550 1709 5).
1582 1636 1645 1695 Non
1673 1635 1817 1693 minorem

115 1736 167 1796 pro
177 1722 580 1796 exhibitacompsssione,vel
591 1742 643 1797 pro
654 1725 941 1800 emendationeNoli
996 1743 1113 1799 quoquc
1124 1727 1191 1784 tidei
1202 1731 1289 1800 atquo
1300 1727 1361 1800 spei
1373 1726 1537 1783 doctrinam
1548 1725 1663 1782 intona
1678 1725 1821 1798 prophete

115 1827 184 1885 ergo
200 1810 303 1868 mirari
318 1811 389 1884 quia
403 1811 475 1867 mihi
491 1812 586 1886 placet
601 1829 702 1870 omnes
717 1814 852 1871 homines
875 1832 941 1888 pro·
957 1848 981 1914 B
996 1815 1138 1884 invenies,
1149 1816 1179 1871 in
1193 1832 1250 1888 quo
1261 1819 1508 1872 commemoratur
1521 1812 1688 1887 benignitas
1698 1814 1748 1870 Dei
1761 1813 1820 1869 im-

116 1901 178 1958 bari
196 1918 203 1956 ε
227 1916 298 1957 nam
323 1901 457 1973 nonsibi,
474 1917 530 1959 nec
543 1901 609 1958 aliis
626 1903 698 1959 satis
714 1903 822 1977 cogniti
837 1904 941 1973 forent,
996 1921 1100 1961 mensa
1114 1905 1191 1962 circa
1205 1905 1349 1964 Ninivitas
1367 1904 1581 1977 delinquentes.
1597 1904 1705 1959 Eadem
1720 1902 1820 1975 itaque

116 1991 173 2047 nisi
188 2006 240 2047 eos
253 1993 437 2047 tentamenta
450 1990 549 2063 aliqua
560 1996 654 2048 certos
670 2009 702 2048 ac
717 1994 854 2066 probatos
866 1994 942 2050 iace·
996 1994 1164 2051 rudimenta
1178 2012 1211 2051 ac
1226 1993 1329 2053 solatia
1352 1995 1382 2049 in
1407 1993 1544 2050 omnibus
1559 2009 1647 2048 sacra
1662 1991 1820 2065 Scriptura

116 2084 193 2137 rent.
204 2079 278 2144 Quis
290 2079 369 2136 enim
380 2080 475 2148 miles,
486 2080 602 2137 nullum
617 2081 709 2154 praelii
720 2082 883 2154 periculum
894 2090 941 2140 ex‘·
996 2081 1080 2155 libris
1096 2083 1292 2154 reperiuntur,
1308 2084 1386 2139 sicut
1409 2087 1436 2139 et
1452 2081 1610 2154 Apostolus
1625 2084 1760 2149 testatur,
1777 2078 1820 2136 di·

116 2172 229 2243 pertns,
240 2167 392 2243 preliandi
403 2169 501 2226 socius
511 2169 566 2226 erit
575 2170 696 2226 certus?
709 2171 834 2243 Ideoque
845 2170 941 2242 multi,
996 2188 1065 2228 cens
1083 2189 1090 2227 :
1118 2173 1212 2228 Omnis
1236 2173 1374 2244 scriptura
1387 2171 1521 2227 diuinitus
1535 2171 1671 2242 inspirata
1685 2169 1764 2226 utitis
1778 2173 1819 2226 est

116 2256 146 2313 in
166 2257 228 2314 otio
253 2261 283 2315 et
307 2257 337 2314 in
362 2273 433 2330 pace
455 2257 551 2314 inutili
576 2258 688 2326 nutriti,
704 2260 840 2332 quamvis
854 2260 944 2317 sortes
996 2260 1283 2318 adducendamltem
1294 2259 1497 2332 Paulus,inter
1508 2259 1664 2315 innumera
1675 2257 1821 2331 Epistola-

116 2361 149 2401 se
163 2361 230 2402 esse
244 2344 375 2414 credant,
386 2363 454 2402 oum
467 2346 600 2404 venerint
614 2347 650 2403 ad
666 2346 787 2419 bellum,
803 2348 942 2406 continuo
969 2335 971 2339 ’
997 2366 1063 2405 rum
1075 2365 1196 2405 suarum
1208 2351 1393 2419 documenta,
1401 2347 1565 2421 specialiter
1576 2346 1655 2419 quali
1666 2346 1821 2404 clementia

116 2434 196 2507 loge
210 2438 345 2506 quarunt
359 2435 540 2507 presidium.
556 2435 603 2492 Sic
618 2435 706 2493 etiam
726 2441 758 2492 tu
784 2438 943 2495 arbitratus
996 2438 1074 2495 Deus
1089 2439 1119 2494 in
1140 2438 1328 2495 tribulatione
1342 2437 1388 2494 vel
1401 2437 1562 2494 tentatione
1578 2435 1688 2509 positos
1702 2439 1821 2491 tueatur

117 2526 251 2580 asismat
260 2526 328 2580 ante
337 2524 509 2581 tentationis
520 2529 637 2598 tempus
647 2525 777 2583 validum
788 2527 823 2582 ad
833 2527 942 2596 omnia,
997 2527 1117 2601 profert,
1134 2527 1258 2583 dicens:
1283 2526 1384 2583 Fidelis
1397 2527 1477 2595 Deus,
1495 2526 1542 2597 qui
1561 2540 1617 2581 non
1637 2526 1760 2595 patiebar
1774 2539 1821 2580 uos

117 2616 146 2669 et
170 2627 238 2668 ecco
256 2628 350 2685 ‘quam
375 2613 511 2669 infirmus
534 2614 575 2671 sis
595 2631 630 2671 ex
648 2615 809 2672 tentatione
824 2620 944 2689 apparet
996 2620 1100 2673 tertiari
1113 2632 1199 2690 supro
1222 2616 1253 2672 id
1274 2617 1343 2688 quod
1355 2616 1485 2688 potestis:
1499 2615 1545 2671 sed
1558 2615 1640 2686 faciet
1654 2629 1715 2670 aum
1731 2616 1822 2670 unra-

116 2699 210 2758 illata.
220 2700 372 2773 Numquid
386 2701 482 2759 adhuc
497 2702 593 2759 nescis
604 2707 748 2776 quantum
765 2704 804 2760 sit
819 2720 944 2761 noscens
996 2709 1084 2763 tione·
1094 2711 1266 2779 preteritum,
1281 2709 1311 2760 ut
1333 2704 1443 2778 possitis
1464 2705 1609 2770 sustinere,
1622 2700 1695 2758 illud
1711 2700 1823 2758 scilicet

117 2806 187 2854 auro
200 2790 267 2846 arsi
282 2788 364 2847 [ieme
380 2791 405 2848 si
420 2793 547 2849 necdum
562 2795 683 2849 tentatio
697 2793 797 2866 aliqua
809 2798 837 2850 te
848 2794 944 2850 tortio
997 2801 1170 2869 proventum
1188 2812 1305 2865 vocans,
1321 2795 1409 2867 quod,
1425 2793 1514 2850 variis
1528 2791 1739 2849 tentationibus
1754 2790 1820 2846 lati·

118 2895 190 2948 ram,
205 2879 251 2936 tui
264 2884 364 2938 mmen
391 2885 420 2937 te
444 2881 512 2938 fecit
534 2882 707 2946 certiorem:
723 2883 792 2954 quia
806 2884 888 2955 prius
902 2887 941 2952 te,
997 2880 1821 2960 gati,sedadDeumclamantesliberati,discimusquanta

118 2969 195 3042 quod
206 2985 266 3026 non
277 2985 353 3039 eras,
366 2970 517 3026 credidisti
527 2969 658 3027 validum
671 2989 677 3039 ;
692 2989 781 3042 nunc,
791 2973 943 3028 veritatem
998 2975 1130 3046 nequitia
1140 2974 1179 3030 sit
1189 2972 1297 3030 diaboli
1308 2989 1361 3029 nos
1371 2971 1586 3046 impugnantis,
1594 2973 1761 3043 quantaque
1769 2966 1821 3023 Dei

116 3058 236 3133 proprie
248 3058 418 3133 tragilitatis
431 3064 577 3132 expertus,
592 3061 727 3133 agnoscis
742 3061 942 3118 teinfirmum.
998 3061 1092 3134 gratia
1107 3078 1160 3118 nos
1175 3062 1278 3118 exinde
1292 3062 1455 3118 liberantis.

117 3146 182 3205 liaeo
195 3152 243 3206 ost
263 3164 392 3220 namque
407 3147 486 3204 illius
502 3149 612 3222 agnitio
626 3150 818 3218 infirmitatis,
835 3151 871 3207 de
885 3160 944 3223 qua
1036 3172 1050 3201 ι(
1065 3150 1122 3206 Sed
1138 3152 1162 3207 si
1174 3151 1209 3208 de
1224 3151 1270 3206 his
1282 3150 1421 3206 omnibus
1433 3148 1627 3219 documentis,
1639 3163 1702 3218 qus
1713 3146 1777 3216 jam
1787 3160 1822 3200 ex

116 3235 278 3311 Apostolus
304 3238 377 3294 dicit
399 3255 406 3294 ε
436 3239 526 3295 Virtus
553 3240 585 3295 ia
614 3240 776 3310 infirmitate
799 3241 944 3312 perficitur
959 3215 981 3284 G
998 3240 1156 3312 scripturis
1171 3239 1282 3296 sanctis
1306 3236 1421 3310 prolata
1435 3240 1514 3307 sunt,
1531 3235 1640 3308 aliquid
1657 3233 1819 3298 diffideres,

116 3326 153 3398 (ll
161 3325 228 3382 Cor.
239 3342 293 3397 ιιιι,
302 3326 341 3397 D).
351 3326 508 3399 IgiturDeo
519 3327 629 3400 gratias
640 3343 693 3401 age
703 3345 709 3396 ;
721 3328 801 3401 quia,
810 3328 944 3401 quamvls
997 3327 1042 3384 vel
1054 3328 1124 3400 quia
1138 3343 1173 3383 ex
1186 3327 1261 3399 legis
1277 3326 1392 3393 umbra,
1404 3341 1455 3381 seu
1466 3325 1536 3395 quia
1549 3340 1584 3378 ex
1597 3321 1679 3394 puris
1694 3319 1820 3376 homini·

114 3413 261 3480 invitum,
273 3418 304 3469 to
313 3412 379 3470 lecit
388 3415 450 3487 jem
462 3415 513 3471 tibi
531 3419 645 3488 notum,
656 3420 685 3472 et
699 3417 822 3490 proprie
832 3415 943 3490 fragili·
997 3416 1053 3472 bus
1069 3420 1139 3473 sunt
1153 3414 1240 3484 dicta,
1253 3413 1357 3471 saltem
1372 3430 1406 3470 ea
1421 3429 1485 3485 qua
1495 3412 1574 3468 dicta
1588 3412 1685 3467 sunta
1696 3406 1820 3463 Domino

115 3503 192 3559 tatis
209 3502 369 3559 conscium.
997 3505 1067 3563 Jesn
1078 3504 1201 3571 Christo,
1214 3503 1265 3577 qui
1274 3504 1352 3559 Deus
1362 3506 1392 3559 et
1405 3502 1494 3558 homo
1504 3503 1558 3567 est,
1569 3497 1820 3555 tirmitercredere

151 3590 945 3666 aConsideraqnasimul,quintantomnjoridevotiono
997 3589 1818 3665 debuissesDicitenim,Mattbaeoevangelistanarrants:

119 3680 227 3737 antido
243 3678 381 3753 regimini
396 3664 494 3738 divino
509 3682 597 3739 debas
612 3683 717 3740 amodo
732 3684 944 3756 obtemperare,
997 3686 1057 3741 lton
1066 3685 1129 3739 veni
1143 3684 1348 3755 cacuminatus,
1361 3681 1407 3738 sed
1419 3689 1572 3754 peccatores
1587 3678 1691 3752 (liniti.
1708 3694 1747 3743 rx,
1766 3676 1819 3748 13).

119 3773 230 3842 quando
246 3768 385 3842 pluribus
399 3772 606 3844 experimentis
623 3774 687 3845 jam
702 3773 832 3845 probasti
846 3774 946 3830 omnia
998 3775 1082 3839 Item,
1094 3772 1196 3828 eodem
1208 3774 1345 3827 narrante
1359 3787 1365 3826 :
1387 3771 1485 3838 Venite,
1497 3768 1603 3842 inquit,
1615 3767 1651 3823 ad
1664 3782 1717 3834 me,
1729 3779 1823 3822 ornnes

119 3857 213 3917 inDoo
223 3862 378 3929 tntacsse;
389 3860 522 3917 sulficere
532 3876 658 3932 namque
667 3861 719 3917 tihi
730 3863 847 3934 preside
857 3867 945 3936 atque
997 3865 1045 3936 qui
1061 3862 1191 3918 laboratis
1206 3865 1232 3916 et
1245 3861 1352 3916 oraeruti
1363 3860 1438 3928 estis,
1448 3863 1473 3914 et
1488 3858 1644 3929 consociem
1655 3856 1823 3928 requiescere

118 3964 169 4020 spe
195 3949 352 4006 retinenda
376 3948 505 4022 deberet,
536 3967 599 4023 que
628 3966 704 4024 saepe
729 3951 760 4007 in
791 3951 946 4010 Psalmista
997 3968 1043 4009 aas
1059 3952 1172 4023 (ttcttta.
1188 3968 1228 4017 xi,
1240 3951 1296 4022 28).
1308 3947 1484 4005 Lucentiam
1500 3944 1822 4021 perhibente,disoipu·

116 4036 189 4110 legis
205 4041 237 4095 et
250 4038 361 4095 audis:
387 4040 523 4108 Quomodo
545 4042 694 4096 miseretur
714 4043 793 4113 pater
811 4041 944 4114 fitiorum,
998 4040 1119 4097 lossucs
1128 4040 1313 4113 proquodam
1323 4037 1435 4094 ratione
1443 4037 1549 4093 immiti
1559 4033 1821 4108 increpat,diccns:

117 4127 251 4183 mmeritis
273 4132 317 4184 est
339 4129 473 4185 Dominus
495 4131 657 4185 timentibus
681 4145 719 4200 se,
736 4132 865 4202 quoniam
889 4133 947 4204 ipse
997 4130 1110 4187 lte-aitis
1144 4129 1220 4200 cujus
1253 4129 1364 4200 spiritns
1382 4132 1421 4183 est
1441 4129 1466 4183 is
1479 4144 1490 4191 ,·
1509 4127 1596 4183 Filius
1616 4125 1735 4181 dominis
1767 4139 1823 4180 non

121 4216 245 4286 eopamrit
262 4217 425 4289 ficmentum
442 4222 569 4274 nostrum
584 4218 670 4289 (Psal.
686 4235 735 4285 cu,
752 4219 815 4291 13);
840 4223 869 4275 et
891 4221 944 4276 ite·
998 4220 1072 4277 vertit
1086 4220 1194 4274 artimus
1208 4216 1331 4290 perdere,
1347 4216 1393 4273 sed
1407 4217 1517 4273 satiram
1531 4215 1606 4286 (Luc.
1623 4232 1661 4283 ix,
1674 4212 1731 4285 56).
1748 4212 1822 4267 ltem

120 4318 216 4361 rum:
239 4305 339 4363 trude
362 4307 494 4363 Dominus
519 4309 550 4362 in
574 4309 700 4363 omnibus
721 4307 811 4364 verbis
836 4311 903 4380 suis,
921 4314 946 4366 et
999 4307 1197 4383 pereumdem
1209 4305 1416 4379 evangelistam
1431 4304 1489 4360 ait:
1507 4303 1643 4360 Gaudium
1652 4304 1705 4358 erit
1716 4303 1745 4357 in
1758 4299 1823 4356 celo

120 4397 232 4450 snmus
256 4397 288 4451 ia
310 4396 438 4453 omnibus
456 4396 755 4470 operibnssuis(Psal.
772 4398 944 4470 oxnrv,13);
998 4413 1149 4470 superatne
1161 4401 1288 4469 pecatore
1304 4395 1495 4468 paenitentiam
1517 4396 1623 4464 sponte,
1643 4406 1724 4463 qnam
1739 4403 1824 4460 supro

120 4482 284 4557 itemque:
314 4485 436 4542 Custodit
463 4487 594 4542 Dominus
624 4500 720 4541 omnes
747 4484 891 4557 ditipeutes
918 4504 946 4544 se
999 4487 1152 4559 noraapinta
1167 4500 1262 4541 nouem
1275 4485 1369 4558 justis,
1386 4484 1434 4554 qui
1447 4498 1503 4538 non
1519 4481 1647 4549 iudicent
1660 4478 1824 4550 paenitentia

120 4570 204 4643 (tuot.
221 4588 316 4644 oxuv,
331 4575 387 4647 20).
404 4571 554 4647 Multaque
572 4573 619 4630 bis
642 4573 751 4630 similia
774 4579 802 4631 et
827 4576 856 4631 in
881 4575 946 4632 aliis
960 4588 985 4655 Ι)
1001 4578 1075 4646 (Luc.
1101 4592 1147 4645 xv,
1175 4575 1231 4645 10).
1258 4574 1370 4630 Joanno
1398 4586 1514 4643 quoque
1543 4567 1723 4641 perhibente,
1751 4564 1825 4619 dixit

123 4662 273 4720 codicibus
287 4662 475 4721 inveniuntur
488 4664 608 4737 scripta,
620 4669 653 4720 ut
668 4663 698 4719 in
709 4662 784 4720 lsaia
795 4665 946 4737 propheta,
1001 4664 1154 4738 discipulis
1178 4663 1241 4720 suis
1258 4681 1264 4718 :
1291 4664 1377 4717 Amen
1403 4676 1484 4716 amen
1509 4658 1570 4715 dico
1592 4657 1677 4722 cobis,
1694 4656 1760 4726 quio
1778 4655 1825 4725 qui

125 4752 170 4823 qui
193 4768 231 4810 ex
244 4752 364 4811 Domini
379 4769 506 4826 persona
519 4752 590 4810 dicit
606 4771 612 4809 :
635 4752 832 4810 Convertimini
846 4754 881 4811 ad
894 4771 947 4826 me,
1003 4756 1114 4811 verbam
1128 4768 1219 4809 meum
1232 4751 1318 4819 audit,
1334 4758 1360 4805 ct
1373 4747 1460 4804 crodit
1478 4749 1504 4804 ei
1525 4749 1571 4820 qni
1584 4746 1661 4802 misit
1673 4761 1727 4812 me,
1744 4743 1826 4799 tabet

125 4842 242 4900 amici
264 4843 345 4900 eritis
370 4858 463 4899 omnes
486 4843 553 4913 fines
574 4851 658 4901 terroe
673 4844 736 4914 (lca.
751 4860 816 4912 xnv,
830 4845 896 4916 22);
921 4847 950 4901 et
1003 4845 1089 4901 uitam
1101 4850 1242 4909 aeternam,
1259 4844 1285 4896 et
1298 4841 1329 4895 in
1342 4838 1481 4911 judicium
1495 4853 1551 4893 non
1564 4837 1651 4904 uenit,
1666 4834 1712 4890 sed
1726 4833 1827 4890 transit

127 4928 228 4988 iurum
239 4932 321 4990 idem
331 4933 473 5006 propheta
483 4931 570 4989 dicit:
580 4934 866 5005 Deretinquutimpius
877 4935 950 4989 viam
1003 4936 1119 4989 amorte
1135 4934 1165 4987 in
1180 4930 1266 4986 uitam
1280 4925 1561 5002 (transitionis
1576 4941 1645 4999 ergo
1660 4922 1712 4979 tibi
1724 4922 1825 4978 datum

128 5033 210 5095 mom,
221 5024 307 5080 etoir
317 5024 430 5096 iniquus
438 5023 618 5096 recitationes
628 5039 703 5091 suas,
715 5026 903 5079 etreuertutur·
914 5023 951 5080 ad
1003 5026 1048 5079 est
1062 5037 1149 5078 nosse
1170 5019 1293 5092 legendo
1316 5022 1344 5074 et
1367 5016 1536 5074 meditando
1552 5011 1721 5086 hujusmodi
1735 5011 1825 5066 docu-

129 5107 279 5181 Dominam
294 5117 321 5170 et
334 5112 511 5171 miserebitur
526 5129 592 5186 epus,
608 5118 635 5168 et
658 5113 694 5167 ad
713 5114 800 5170 Deam
812 5116 948 5184 nostrum,
1004 5115 1113 5178 menta,
1130 5127 1191 5178 cur,
1208 5124 1316 5181 queso,
1334 5125 1392 5164 non
1410 5106 1560 5162 sufficiunt
1575 5103 1628 5160 tibi
1647 5118 1697 5176 pro
1715 5099 1783 5155 fidei
1798 5100 1828 5154 et

130 5203 254 5271 mium
267 5202 375 5260 multus
394 5209 434 5260 est
454 5202 490 5258 ud
513 5201 708 5273 ipnosoentinm
723 5203 786 5274 (isa.
802 5219 847 5269 nv,
863 5203 903 5275 7).
918 5203 949 5259 Ιιι
1004 5200 1067 5274 spei
1082 5199 1239 5257 salutiferae
1253 5196 1442 5255 constantia?
1463 5194 1603 5267 Nunquid
1629 5207 1681 5266 pro
1705 5201 1827 5245 munere

130 5284 272 5350 tianius
290 5307 408 5365 qnoque
423 5290 564 5364 propheta
579 5290 708 5347 invenies
721 5290 829 5347 similia
844 5292 948 5358 verba;
1004 5307 1101 5362 parvo,
1121 5287 1165 5344 vel
1181 5288 1245 5345 sine
1260 5303 1349 5343 cause
1363 5286 1460 5342 datam
1478 5282 1529 5338 tibi
1546 5282 1709 5337 litterarum
1731 5276 1826 5334 scian-

67 5410 69 5417 ·
134 5378 226 5439 turibii
238 5381 343 5440 enim:
374 5383 437 5440 Viuo
460 5398 517 5455 epo,
532 5382 599 5438 dicit
618 5383 756 5438 Dominus
781 5384 862 5449 Deus,
886 5380 950 5437 noto
1003 5379 1074 5435 tiam
1091 5376 1266 5434 existimas?
1290 5375 1311 5432 0
1336 5374 1439 5448 quanti
1463 5371 1546 5444 pretii
1562 5370 1756 5444 pensarentur
1771 5366 1828 5422 ista
1878 5384 1880 5390 ·

131 5455 238 5530 norm
260 5473 355 5548 impii,
370 5472 417 5530 aad
440 5475 472 5527 ut
498 5475 681 5541 convertatur,
698 5478 724 5525 et
746 5471 821 5526 vivat
842 5469 948 5541 (lincol.
1004 5469 1081 5541 apud
1097 5466 1216 5534 multos,
1233 5482 1295 5537 quae
1316 5469 1347 5520 tu
1370 5480 1421 5537 pro
1437 5461 1528 5517 nihilo
1544 5457 1686 5532 deputasl
1703 5455 1827 5555 Proinde

130 5572 221 5632 unu,
238 5563 285 5638 11)
298 5581 305 5635 ;
322 5566 351 5621 et
365 5561 455 5636 poulo
468 5566 537 5637 post
549 5563 661 5637 profert
675 5558 862 5629 sententiam,
874 5574 948 5633 quae,
1002 5573 1081 5626 vero,
1097 5555 1239 5628 quianon
1255 5554 1352 5611 solum
1368 5568 1458 5625 supra
1473 5553 1635 5607 memorata
1650 5545 1777 5604 scientio
1791 5543 1826 5641 ll:

128 5644 305 5729 hminem,
321 5669 360 5713 na
380 5653 417 5712 de
431 5667 463 5711 sa
476 5651 590 5725 aliquid
605 5654 795 5724 presumant,
812 5664 949 5722 pavorem
1002 5645 1225 5721 beralisssgratia,
1237 5645 1288 5703 aad
1299 5643 1388 5702 etiam
1400 5659 1434 5700 ea
1444 5657 1507 5715 qua
1521 5657 1556 5698 ex
1569 5636 1687 5712 ingenio
1698 5629 1825 5694 naturali
