3892 6096
111 212 172 285 eos
398 266 401 273 ,
796 218 915 281 evena
935 218 1141 291 visrorvou.
1244 277 1247 282 .
1495 206 1501 213 '
1760 232 1820 295 aes
1930 276 1934 285 .

111 344 296 419 rationisque
310 361 382 405 mes
394 362 485 405 causa
498 346 759 411 aeneadastanim
774 367 833 409 non
845 351 939 408 reddi·
951 358 979 427 ,q
993 353 1128 423 ejusdem
1149 354 1287 413 monaehi
1300 355 1488 431 dilectionem
1508 373 1585 431 sape
1607 359 1758 432 quondam
1771 377 1821 418 ve·

112 433 225 505 desitis,
247 451 300 493 nco
322 451 387 509 ego,
413 454 466 493 nec
490 455 552 507 voe,
579 455 631 494 nec
654 438 733 496 ullus
756 445 939 511 posterorum
995 441 1105 498 nissam
1121 446 1149 499 et
1169 460 1236 499 cum
1253 461 1286 503 co
1300 444 1449 504 interdum
1473 447 1510 505 de
1525 447 1709 522 spiritalibus
1731 450 1820 509 rebus

111 522 191 583 idem
214 525 357 598 predium
371 527 559 586 retinentium
581 528 699 602 eilugiet
713 528 811 602 ignem
836 547 940 602 perpe·
994 530 1163 603 colloquens
1178 533 1330 603 sedissem,
1347 535 1459 591 solebat
1474 536 1547 593 mihi
1572 539 1680 595 reterre
1694 537 1818 597 dicens:

110 617 209 673 tuum.
222 614 276 673 Cui
300 616 510 689 respondentes
525 616 577 673 filil
602 618 759 676 dixerunt:
778 620 939 687 Quomodo,
994 620 1171 693 Priusquam
1186 622 1398 679 monesterium
1414 623 1494 683 istud
1510 625 1677 698 nuperrime
1692 628 1819 703 arderet,

111 708 208 777 peter,
222 720 383 778 possumus
398 703 562 778 relinquere
577 711 688 765 tantam
710 708 940 781 possessionem,
994 714 1023 765 ct
1032 715 1250 781 pernoctamus
1260 712 1471 786 horas,quibus
1483 714 1554 770 mihi
1564 716 1705 773 secretius
1715 716 1821 775 licebat

110 810 172 868 qua
191 810 245 853 nec
261 798 293 853 tu
308 794 338 850 in
354 793 532 855 boemundo
558 797 682 869 positus,
699 813 751 853 nec
766 814 818 854 nos
834 802 940 870 postte
995 814 1077 855 orare
1093 816 1144 872 pro
1161 800 1288 872 peccatis
1303 802 1387 873 meis,
1405 803 1434 858 in
1449 803 1572 860 ecclesia
1587 805 1820 879 deambularem,

110 900 213 941 carere
235 882 389 941 valemus?
403 885 458 941 Sed
473 902 526 941 uec
545 885 607 942 ulle
623 904 652 943 ce
667 887 775 945 viderie
797 888 939 959 indigere,
995 903 1070 959 soepe
1084 890 1303 946 mussitationes
1314 892 1460 962 quasdem
1472 892 1502 947 in
1517 909 1551 949 aa
1562 893 1624 949 fieri
1639 894 1819 951 audiveram.

111 972 212 1047 quiin
236 972 337 1031 habitu
357 973 429 1031 satis
453 979 556 1033 ornato
567 976 631 1046 jam
655 976 797 1049 procedis.
813 976 856 1032 bd
881 975 941 1032 haeo
994 976 1053 1049 Ego
1068 983 1166 1034 autem
1181 979 1211 1033 in
1227 979 1331 1051 primis
1347 981 1466 1051 quidem
1478 979 1645 1039 delusiones
1660 982 1820 1041 diabolicas

109 1066 196 1136 pater
220 1061 261 1121 ait
276 1079 283 1119 :
299 1062 375 1121 Proh
403 1062 504 1120 dolori
521 1063 619 1136 qualis
634 1070 679 1123 est
703 1065 759 1123 iste
772 1066 859 1122 decor
883 1081 940 1137 quo
994 1065 1049 1123 hoc
1064 1067 1126 1123 fieri
1141 1068 1315 1125 arbitrabar.
1331 1073 1490 1142 Postquam
1506 1087 1572 1127 vero
1587 1075 1670 1128 tanto
1685 1071 1822 1131 sonorius

111 1151 258 1209 hactenus
273 1151 611 1225 utor.Uhiounqueenim
628 1153 700 1211 mibi
711 1156 855 1228 contingit
865 1171 939 1224 esse,
994 1160 1103 1227 quanto
1128 1157 1309 1222 frequentius
1332 1158 1395 1216 lieri
1419 1176 1579 1232 senseram,
1595 1163 1723 1219 tractare
1743 1159 1822 1235 coepi

110 1240 291 1301 intolerabili
304 1245 443 1315 torqueor
457 1242 534 1316 igne.
551 1243 607 1300 Sed
623 1247 651 1301 et
666 1244 766 1303 omnis
785 1261 849 1317 qus
862 1243 939 1311 visu,
995 1260 1053 1300 non
1068 1261 1103 1302 ex
1127 1245 1254 1315 diaholo,
1271 1248 1320 1303 sed
1337 1264 1372 1305 ex
1386 1246 1486 1321 aliqua
1499 1248 1604 1307 divina
1628 1249 1747 1322 pietatis
1760 1249 1821 1309 dis·

110 1330 217 1391 radim
230 1330 275 1389 vel
291 1335 371 1390 tactu
385 1332 533 1405 asminge,
550 1333 721 1391 comburere
736 1349 784 1390 me
798 1333 942 1391 scutiolit
995 1334 1165 1405 pensatione
1180 1336 1304 1403 actitari,
1321 1336 1454 1408 ideoque,
1463 1342 1607 1409 qnantum
1621 1355 1714 1399 ausus
1728 1354 1821 1413 eram,

112 1424 147 1479 nt
160 1421 217 1479 hon
226 1420 269 1477 ita
281 1436 346 1479 esse
360 1422 472 1494 absque
486 1422 575 1478 dubie
592 1422 703 1489 sciatis,
719 1422 838 1480 hastam
852 1422 939 1495 hanc,
996 1424 1180 1495 propius,ubi
1190 1424 1250 1481 heo
1260 1425 1509 1497 audivi,accedere
1518 1427 1821 1503 studebam.Cumquo

111 1528 202 1585 quem
228 1510 260 1567 iu
275 1526 364 1568 mann
388 1514 484 1578 tenco,
500 1511 710 1584 apprehendite
725 1513 805 1584 (nam
829 1528 894 1569 eam
910 1511 941 1569 in
995 1511 1151 1585 aliquoties
1178 1514 1356 1580 accederem,
1373 1517 1457 1587 quasi
1478 1515 1593 1588 aliquos
1619 1516 1780 1589 psallentes
1792 1520 1825 1575 et

112 1616 208 1661 manu
220 1599 296 1659 ferre
307 1599 490 1672 videbatur);
507 1616 632 1672 moxque
646 1617 723 1657 unus
738 1600 856 1657 illorum
872 1617 940 1673 pro·
995 1600 1098 1657 intime
1113 1606 1229 1658 orantes
1244 1603 1352 1659 audivi.
1369 1605 1431 1670 Quo
1445 1604 1726 1679 sudit0,intelllgens
1741 1605 1820 1679 quod

110 1690 299 1749 umescens
314 1706 377 1762 que
391 1689 512 1757 audivit,
528 1690 661 1746 concitus
676 1691 810 1763 eamdem
825 1690 940 1747 hastam
956 1734 980 1801 B
995 1703 1047 1759 pro
1063 1687 1162 1761 aliqua
1176 1688 1298 1761 periculi
1313 1690 1406 1746 loturi
1422 1707 1511 1747 causa
1525 1694 1722 1764 permutanda
1731 1697 1760 1749 et
1768 1709 1820 1766 pro

111 1777 244 1852 arripere
266 1778 390 1836 studuit.
406 1778 461 1835 Sed
487 1778 661 1851 priusquam
686 1784 780 1852 crepta
804 1779 942 1852 perlicere
996 1776 1224 1835 inhabitantium
1235 1778 1823 1853 monachorumnegligentiaemendands

111 1874 226 1943 possm,
248 1885 307 1940 proe
332 1868 424 1925 nimio
446 1866 541 1925 calore
565 1867 679 1924 dimisit
700 1885 774 1925 eam.
801 1871 838 1924 At
861 1874 943 1941 pater
997 1866 1090 1922 sancti
1105 1866 1199 1922 Deum
1214 1869 1351 1940 precihus
1364 1868 1478 1926 intimis
1492 1871 1768 1940 exorarent,accessi
1784 1870 1821 1927 ad

116 1964 278 2030 autequam
292 1957 323 2015 iu
337 1962 445 2015 terram
460 1956 590 2015 cadendo
605 1956 795 2029 peruenisset,
811 1956 942 2014 celeriter
997 1955 1132 2012 abbatem
1145 1973 1152 2025 ;
1167 1961 1195 2013 et
1210 1957 1280 2029 quis
1304 1962 1404 2030 aperte
1418 1958 1455 2014 de
1476 1975 1593 2016 morum
1619 1960 1823 2017 emendatione
1917 2010 1920 2015 .

111 2045 236 2105 sustulit
249 2046 350 2105 dicens
366 2063 372 2102 :
390 2046 467 2103 Scito
481 2047 571 2117 quod,
588 2046 613 2102 si
627 2046 722 2118 ipsam
742 2047 859 2103 hastam
875 2063 941 2119 pro·
996 2061 1065 2100 eum
1088 2046 1246 2102 admonere
1270 2063 1327 2103 non
1352 2047 1508 2117 audebam,
1523 2048 1592 2121 petii
1618 2048 1822 2109 tantummodo

109 2138 234 2211 jeciseee
259 2136 424 2202 interram,
439 2136 582 2207 majorem
597 2135 670 2191 mihi
684 2136 789 2191 exinde
812 2136 942 2193 elliccres
996 2134 1157 2203 humiliter,
1174 2138 1207 2191 nt
1220 2134 1347 2192 ecclesie
1373 2136 1527 2193 thesauros
1541 2136 1691 2211 librosque
1705 2138 1736 2195 in
1759 2137 1822 2195 loco

114 2242 243 2300 punem.
256 2225 367 2283 Deinde
380 2242 448 2283 vero
462 2224 561 2297 priora
576 2227 709 2296 repetens
722 2224 795 2281 dixit
808 2241 815 2280 :
831 2228 941 2281 Iterum
996 2227 1081 2279 canto
1096 2224 1165 2297 poni
1172 2224 1421 2296 jussissetntillc
1431 2225 1492 2282 hnc
1507 2226 1630 2283 audiens
1640 2230 1670 2285 et
1679 2243 1714 2283 ex
1725 2226 1824 2303 aliqua

115 2320 191 2389 peto,
207 2314 263 2373 lilii
287 2313 354 2385 mei,
375 2317 407 2371 ut
429 2311 577 2386 impleatis
602 2329 702 2385 preces
727 2313 819 2385 patris
841 2313 940 2370 vestri.
997 2313 1180 2369 somniorum
1196 2313 1370 2370 revelatione
1384 2313 1464 2371 dicta
1477 2318 1586 2387 putans
1601 2315 1762 2389 increpavit
1775 2331 1823 2375 me

114 2405 229 2471 Quibus
249 2402 337 2463 dictis
370 2419 518 2476 nusquam
543 2402 708 2474 comparuit
730 2403 826 2477 imago
854 2401 941 2459 collo·
996 2401 1120 2457 dicens:
1143 2402 1234 2459 Vobis
1257 2403 1387 2475 gerentis
1411 2402 1484 2458 nihil
1509 2403 1625 2477 gratius
1648 2402 1824 2479 dulciusque

116 2493 246 2567 quentis.
995 2489 1111 2547 videtur
1133 2507 1309 2562 essequam
1332 2491 1515 2548 somniorum
1540 2496 1705 2549 vestrarum
1729 2507 1828 2565 nugae

149 2585 234 2642 Tunc
245 2582 336 2643 iidem
347 2581 598 2641 iratresinstincto
609 2582 707 2638 divino
719 2580 843 2654 correpti
852 2595 943 2653 coepe·
996 2581 1145 2643 attendere
1156 2584 1243 2652 atque
1253 2580 1319 2637 aliis
1328 2581 1588 2653 referreb'nnquid
1599 2585 1825 2656 proptervestra
1939 2616 1942 2621 -

116 2678 184 2731 runt
196 2672 318 2731 interea
333 2672 489 2746 dibgenter
499 2674 623 2727 tractare
638 2686 727 2743 super
743 2670 942 2743 paternapeti·
996 2669 1112 2724 somnis
1134 2669 1226 2725 debeo
1241 2674 1368 2727 evertere
1392 2669 1515 2726 omnia?
1529 2669 1702 2728 disceditea
1728 2687 1775 2728 me
1794 2674 1825 2728 et

115 2762 192 2821 tione
212 2761 346 2819 dicentes
362 2777 368 2816 :
383 2761 414 2819 Si
429 2760 587 2819 retinentes
602 2761 744 2834 predium
767 2760 844 2834 quod
859 2762 942 2831 pater
995 2757 1089 2815 videte
1114 2774 1150 2814 ne
1170 2756 1249 2814 ultra
1263 2775 1280 2814 a
1294 2759 1377 2814 vohis
1399 2758 1518 2814 audiam
1542 2759 1623 2816 talia.
1639 2760 1698 2832 ligo
1724 2763 1823 2817 sutem

116 2856 214 2911 nesus
234 2851 345 2923 injuste
368 2850 500 2921 abstulit,
528 2854 554 2910 ei
576 2869 635 2909 non
660 2850 862 2921 subvenimus,
888 2864 941 2903 nos
996 2845 1167 2917 hujusmodi
1181 2846 1380 2919 increpatione
1394 2846 1583 2903 centristatus
1604 2846 1677 2903 nihil
1692 2846 1823 2920 amplius

116 2939 330 3015 pariterpmcul
342 2940 431 2997 dubio
443 2941 661 3013 perimus.0oid
672 2939 749 2996 enim
761 2937 941 3011 proficimus,
996 2950 1031 2991 ex
1045 2934 1092 2991 his
1108 2952 1171 3006 que
1185 2936 1346 3005 audieram,
1363 2935 1516 3009 propalare
1531 2954 1622 2994 ausus
1637 2936 1823 3006 luersm‚sed

115 3030 139 3089 si
153 3028 313 3089 mumdum
329 3033 424 3087 totum
439 3029 598 3101 lucremur,
615 3030 781 3087 animarum
796 3044 864 3083 vere
886 3043 940 3081 no·
995 3023 1083 3080 tacito
1098 3024 1184 3080 corde
1198 3023 1301 3082 dolens
1316 3025 1457 3094 sustinui,
1471 3027 1583 3084 veritus
1597 3025 1728 3099 quotidie
1742 3025 1822 3099 qood

116 3124 244 3177 strarum
268 3119 445 3176 detrimenta
467 3119 646 3193 patiamur?
670 3117 772 3191 (boui.
799 3134 858 3185 xvi,
881 3114 939 3186 26.)
956 3101 977 3168 C
997 3113 1129 3168 loturum
1143 3116 1215 3170 erat.

115 3209 271 3268 Faciamus
281 3209 442 3282 ergaquoo
452 3213 481 3266 et
491 3199 565 3282 patri
578 3212 606 3265 et
617 3207 702 3265 nohis
714 3204 943 3278 prosit,reddcn-
1032 3203 1064 3257 ln
1071 3202 1822 3276 proximoautemantequamerderetmonastcrium,

106 3303 158 3355 -tss
172 3297 206 3355 in
221 3297 326 3371 primis
340 3297 482 3370 predium
493 3298 531 3363 ad
546 3298 601 3354 boc
615 3297 692 3354 unde
707 3293 839 3351 ablutum
850 3292 944 3349 iuerat
997 3290 1118 3345 innecte
1130 3289 1363 3361 quadamaudivi
1373 3290 1479 3346 iterum
1489 3289 1696 3361 quaeialiquos
1706 3293 1823 3347 orentes

115 3385 340 3445 monasterium.
365 3386 475 3445 Deinde
503 3386 603 3445 omnia
626 3383 803 3442 hereditatis
835 3384 942 3438 nostrae
997 3382 1026 3435 et
1050 3376 1177 3450 suspiria
1201 3376 1314 3446 crebra,
1337 3393 1390 3432 nec
1414 3392 1473 3433 nen
1499 3376 1649 3449 singultus
1677 3377 1823 3449 quosdam

117 3476 196 3534 bona
209 3474 280 3533 illuc
295 3477 571 3550 tradamus,uosque
586 3475 695 3532 ibidem
709 3477 770 3531 tam
781 3487 943 3545 proparen·
996 3467 1147 3523 luctuosos
1162 3467 1341 3540 proferentes
1352 3469 1418 3522 ante
1428 3465 1522 3547 sancti
1537 3464 1651 3530 Quirini
1662 3464 1824 3523 altare-“red

117 3568 179 3623 tum
190 3580 283 3638 quam
293 3581 347 3639 pro
356 3570 525 3623 nostrornm
536 3564 738 3638 peccaminum
748 3561 942 3618 venismena·
995 3555 1065 3613 licet
1079 3555 1140 3613 hec
1163 3558 1262 3628 aperte
1285 3554 1418 3612 audirem
1442 3559 1471 3611 et
1487 3554 1686 3628 periculosum
1710 3551 1823 3626 aliquid

120 3648 944 3728 sticamvitamsuscipiamus.Gumqueanusmodicollo·
997 3644 1163 3719 significare
1187 3643 1304 3716 scirem,
1328 3644 1464 3700 accedere
1488 3648 1587 3701 tamen
1619 3642 1740 3716 propius
1764 3658 1824 3699 non

122 3744 186 3815 quia
198 3742 438 3818 egerent,subito
454 3747 608 3816 pater,non
623 3758 656 3799 eo
671 3757 729 3814 quo
744 3740 825 3812 prius
841 3738 942 3795 babitu
997 3733 1183 3807 presumpsi.
1210 3733 1292 3790 Unde
1317 3732 1425 3790 claram
1452 3732 1510 3790 diei
1532 3731 1629 3789 lucem
1652 3735 1825 3805 exspectans

124 3846 263 3905 apparens
283 3848 446 3906 eorumque
469 3832 593 3904 pedihus
608 3847 640 3887 so
662 3828 829 3897 advolvens,
847 3827 920 3883 dixit
935 3844 941 3882 :
997 3823 1106 3880 accessi
1121 3823 1157 3879 ad
1172 3821 1334 3891 locum,uhi
1349 3822 1446 3878 audivi
1460 3821 1579 3878 turham
1594 3820 1826 3890 moerentiumet

127 3919 231 3981 Gratias
245 3937 301 3995 ego
315 3920 400 3979 vobis
413 3921 485 3993 quis
498 3937 549 3994 pro
565 3918 690 3991 eo,quod
705 3916 830 3975 tirmiter
844 3917 943 3975 decre·
996 3913 1095 3969 inveni
1104 3911 1304 3985 pavimentum
1315 3910 1571 3969 adhucmadidum
1580 3909 1721 3966 allusione
1730 3909 1824 3983 lacry-

129 4009 383 4084 vistispetilionem
393 4006 944 4082 meamimplereinreddendaposses-
997 3999 1825 4057 merendunemnatussimuletcontristatusdetanta

132 4096 211 4165 sano,
221 4100 285 4171 iam
295 4099 361 4171 J‘am
383 4115 434 4172 per
448 4097 499 4155 Dei
523 4096 649 4170 gratiam
663 4092 821 4168 deputatus
844 4110 910 4151 sum
926 4110 944 4150 a
997 4090 1040 4147 rei
1055 4090 1149 4163 signo,
1166 4088 1302 4163 lugebam
1326 4089 1406 4145 omni
1422 4090 1508 4145 modo
1524 4089 1602 4162 quod
1617 4086 1748 4161 periculo
1772 4084 1826 4143 tali

135 4187 398 4262 panissdrequiem
408 4187 610 4251 transiretiuo
620 4184 698 4241 dicto
708 4183 817 4241 iterum
826 4182 945 4240 evanuit
998 4179 1167 4236 nullatenus
1192 4178 1347 4235 subvenire
1362 4178 1462 4251 potui;
1478 4196 1544 4251 quse
1566 4183 1666 4235 tamon
1681 4177 1737 4234 sub
1760 4191 1827 4233 mea

136 4286 162 4333 tr
171 4278 260 4337 caulis
274 4293 388 4335 eorum.
401 4278 439 4335 st
452 4275 495 4335 illi
510 4290 543 4333 ao
559 4275 595 4332 de
608 4274 686 4333 otius
700 4273 846 4345 citiusque
874 4290 945 4345 pro·
998 4286 1069 4325 cora
1081 4267 1402 4341 tenueram,diligcnter
1417 4270 1519 4325 eontra
1532 4265 1665 4340 pericula
1674 4262 1825 4323 observavi

139 4363 505 4441 communicentque
528 4363 652 4423 celerius
666 4362 759 4436 patris
783 4361 944 4419 absolutio·
998 4359 1108 4415 lutura.

139 4455 490 4514 immansuetorum.
958 4471 982 4537 Ι)
1298 4444 1390 4503 V1810
1409 4444 1520 4501 NONA·

163 4541 235 4603 Hunc
246 4546 339 4619 igitur
353 4544 524 4603 relationem
537 4542 694 4618 predictus
709 4558 785 4615 papa
799 4542 836 4598 nd
852 4557 944 4614 popu·
998 4537 1169 4609 Neptiqentic
1192 4535 1299 4592 abbatie
1322 4533 1463 4607 littinqert
1476 4532 1635 4616 aldefoncto
1658 4531 1759 4588 clerice
1780 4545 1827 4587 rc·

141 4620 186 4689 hu
194 4633 302 4695 iaciens
312 4638 440 4693 testatus
449 4641 495 4693 est
509 4649 540 4693 se
552 4633 671 4690 eosdem
683 4631 787 4688 iratres
797 4631 827 4686 in
839 4629 942 4687 habitu
1242 4607 1378 4678 prema
1391 4608 1417 4660 θ’
1432 4608 1577 4673 mutim

143 4723 411 4783 mmcbieovidisse
421 4728 451 4780 et
462 4723 498 4780 ah
509 4722 552 4781 eis
562 4722 702 4779 visionem
713 4720 802 4777 istam
812 4720 941 4777 audisse.
1037 4714 1170 4770 Referam
1186 4715 1215 4769 et
1229 4710 1320 4778 aliud,
1331 4711 1410 4782 quod
1425 4713 1527 4783 Ρῠὸῑθᾶ
1540 4709 1572 4765 in
1582 4707 1718 4781 prffldissw
1729 4704 1828 4763 audivi

67 4782 88 5229 v
144 4804 317 4873 Ommatium
333 4830 386 4888 ego
401 4814 524 4871 audiens
539 4812 663 4869 aliorum
689 4809 798 4866 notitia
814 4807 903 4867 simul
918 4813 948 4866 et
1001 4803 1159 4875 contigisse
1174 4798 1353 4858 monasterio
1369 4799 1463 4856 eidem
1479 4797 1589 4870 abbati,
1600 4798 1655 4855 suh
1672 4812 1730 4870 quo
1744 4795 1828 4853 urde-

143 4898 426 4961 dificmoniliucris
441 4902 568 4976 pandere
583 4900 705 4957 decrevi.
1001 4894 1061 4966 bat,
1085 4891 1135 4965 qui
1159 4891 1247 4948 etium
1274 4887 1440 4962 Ellingerus
1464 4892 1508 4945 est
1532 4888 1639 4945 dictus.
1661 4887 1735 4943 Nam
1759 4898 1828 4943 cum

401 5009 497 5068 v1S10
517 5008 669 5066 OC'anA.
1002 4982 1113 5039 diutius
1132 4985 1161 5038 et
1184 4978 1377 5052 semetipsum
1392 4982 1421 5035 ct
1445 4976 1611 5035 coenobium
1627 4979 1726 5050 ageret
1749 4989 1828 5031 com·

141 5090 306 5173 mmm
318 5101 482 5158 mmm
503 5098 706 5171 mmm,
719 5099 816 5168 summ
838 5094 948 5152 cuidam
1002 5071 1128 5128 missum
1144 5068 1334 5143 negligenter,
1351 5067 1381 5123 in
1396 5083 1535 5140 magnam
1550 5062 1829 5165 incidit.i¹.¹s¹r¹.¹¹st⁸'

472 5174 591 5228 osmer.
1000 5162 1168 5217 tementes
1182 5174 1249 5214 vero
1263 5173 1322 5213 non
1335 5155 1422 5230 longe
1431 5155 1589 5212 defunctus
1600 5159 1645 5210 est
1654 5154 1696 5208 rbi
1707 5150 1829 5225 quidam

160 5263 233 5319 bute
245 5278 341 5319 annos
355 5259 545 5334 quamplures
559 5259 702 5317 visionem
718 5258 878 5331 quamdam
894 5272 946 5313 au·
1002 5249 1135 5317 clericus,
1150 5247 1269 5306 nemine
1291 5245 1452 5319 Duringus,
1468 5261 1526 5301 non
1549 5242 1646 5301 solum
1670 5256 1783 5313 magne
1797 5237 1829 5295 in

130 5346 511 5423 diriamonschoquodsm
525 5347 684 5406 venerabili
700 5347 832 5420 mihique
847 5361 948 5403 secun·
1002 5338 1108 5397 sarculo
1131 5335 1294 5411 dignitatis,
1310 5335 1364 5392 scd
1387 5333 1476 5391 etiam
1501 5348 1613 5405 magne
1633 5330 1711 5405 apud
1735 5328 1830 5386 Deum

126 5436 194 5497 dnm
215 5456 336 5501 curnem
365 5439 496 5513 pmximo
520 5439 550 5494 in
574 5436 706 5494 coenobio
739 5433 948 5509 Tegrinseenei
1002 5427 1177 5487 sanctitatis.
1195 5426 1260 5495 Qui,
1276 5420 1641 5496 utsepenitusasaeoulo
1657 5420 1830 5516 secernerett

122 5526 471 5591 umenecessitatis
486 5526 524 5585 ad
537 5526 712 5600 pradictum
727 5523 894 5583 coenobium
909 5523 946 5582 ob
1002 5517 1062 5575 illic
1075 5517 1208 5575 habitare
1227 5515 1334 5589 elegit;
1350 5513 1401 5589 qui
1415 5511 1556 5583 nimirum
1582 5510 1715 5581 clericus,
1731 5506 1831 5567 abbata

67 5718 70 5801 ἰ
282 5657 418 5743 Persea.
440 5651 570 5721 cithii.
1632 5641 1671 5707 tt
